4776 5844
172 246 228 311 ra
682 250 685 256 ·
937 234 1382 322 ,anwnsrruanuu
1689 312 1694 321 ,
2111 247 2173 311 ιιι

169 429 208 499 ad
228 452 300 498 rem
323 431 410 496 inter
430 427 591 495 nossetis
618 432 786 493 testatam:
809 424 874 492 nisi
894 424 978 491 forte
1000 445 1035 491 so
1057 423 1142 491 solos
1192 432 1245 489 ret
1266 446 1365 509 quam
1387 449 1509 493 vanum
1537 430 1580 495 sit
1608 448 1647 494 ac
1672 429 1929 509 calumniosum,
1957 452 2018 499 nos
2045 439 2170 518 myste-

169 517 353 584 dialectioae
373 513 523 582 custodes
544 535 615 579 osse
637 511 843 591 existimant,
872 519 909 576 ut
930 531 1025 585 nemo
1047 532 1141 595 prae·
1192 511 1279 576 rium
1303 511 1364 577 hoo
1384 514 1511 579 ratione
1532 514 1678 580 humana
1698 517 1817 583 metiri
1852 516 1921 583 Sed
1942 519 2020 601 quia
2043 539 2085 585 ex
2103 518 2171 585 alta

168 611 216 670 ter
237 625 292 669 eos
314 601 514 687 distinguere
526 599 654 665 noverit
673 598 762 663 inter
783 599 883 664 finem
905 604 938 662 et
960 596 1140 665 materiam
1192 597 1318 663 cerebri
1339 598 1392 663 sui
1413 599 1593 682 pertinacia
1614 620 1696 685 opus
1717 600 1844 668 Christi
1869 601 2054 687 despiciunt
2074 604 2170 689 Mag-

250 687 417 754 Vicesimo
449 684 592 752 secundo
623 685 729 769 capite
769 704 882 748 rursus
922 692 1139 765 exaggerant:
1193 681 1424 769 deburgenses,
1447 707 1599 753 corruere
1620 707 1736 753 omnes
1756 689 1888 773 fingunt
1908 688 1965 772 qni
1983 712 2003 755 a
2024 711 2083 756 sno
2101 690 2171 774 pla·

168 781 239 857 [pag.
264 779 339 854 itt]
361 773 439 857 quia
459 792 561 837 coena
583 770 709 837 Christi
736 775 969 834 testamentum
998 776 1063 845 est,
1091 769 1141 835 ias
1192 769 1256 834 eito
1285 790 1350 835 uon
1377 769 1531 854 pendent.
1586 772 1724 840 Utinam
1750 779 1822 854 [pag.
1845 781 1916 853 157]
1947 784 2076 841 starent
2107 775 2171 858 ipsi

166 882 231 927 non
254 880 326 925 esse
357 880 430 925 cam
458 855 589 936 violari,
618 855 671 923 vel
700 854 806 920 alieno
834 875 933 919 sensu
962 855 1138 939 eorrumpi
1192 855 1301 939 potius
1329 855 1365 920 in
1391 855 1499 926 ,solida
1525 857 1648 925 fultura
1675 880 1776 942 quam
1811 860 1891 926 alios
1917 861 2008 926 inani
2043 861 2170 927 tonitru

167 947 249 1015 Utra
276 966 352 1029 pars
384 951 618 1009 tastamentum
648 941 710 1007 hoc
743 941 947 1006 reverentius
978 937 1140 1019 observet,
1192 941 1300 1025 pracci
1323 942 1384 1008 ites
1404 939 1590 1009 deiicerent.

166 1032 323 1099 iudicium
344 1040 413 1096 esto
481 1049 540 1094 nes
563 1049 683 1112 aequos
704 1025 851 1092 arbitros.
896 1023 1013 1108 Impiis
1035 1036 1068 1090 et
1088 1048 1140 1092 sa·
1277 962 1372 1092 liam
1389 1038 1531 1095 coaxant
1542 1030 1567 1114 ¹)
1585 1031 1721 1098 articulo
1738 1032 1772 1097 vi
1797 1032 1898 1098 esimo
1916 1033 2040 1117 quinto.
2076 1029 2169 1113 Quid

167 1118 296 1202 crilegis
316 1117 388 1182 sine
410 1117 432 1180 fi
456 1136 490 1193 e,
519 1113 590 1179 sine
612 1112 745 1196 spiritu,
774 1110 900 1176 Christi
922 1132 1040 1195 corpus
1063 1133 1140 1194 pro·
1191 1113 1280 1178 enirn
1312 1113 1400 1178 aliud
1423 1116 1533 1198 potius
1566 1115 1731 1183 dicerem?
1812 1119 1915 1183 errori
1948 1117 2063 1183 volunt
2096 1138 2167 1184 esse

167 1206 309 1272 atituunt
329 1200 641 1286 Magdeburgenses.
678 1198 782 1281 Quasi
792 1217 871 1263 vero
887 1196 976 1262 filius
987 1195 1053 1262 Dei
1075 1207 1140 1264 tes·
1193 1210 1339 1264 nostram
1368 1199 1583 1286 theologiam,
1616 1205 1784 1286 quianon
1820 1203 1906 1287 sapit
1932 1204 1997 1269 nisi
2021 1223 2060 1268 ea
2086 1224 2170 1287 quae

168 1296 312 1356 tamenta
341 1288 493 1373 profanos
520 1285 645 1371 gratiae
672 1305 750 1350 snae
777 1292 1018 1366 contemptores
1047 1284 1142 1349 insti-
1194 1293 1272 1350 sunt
1293 1286 1410 1373 earnis.
1460 1286 1565 1369 Quasi
1592 1310 1669 1354 vero
1697 1290 1759 1356 hoc
1779 1289 1880 1355 dictet
1900 1310 1990 1368 caro,
2020 1309 2079 1373 per
2100 1310 2172 1356 coe·

168 1377 267 1442 tuerit
296 1375 438 1457 corporis
468 1395 506 1439 ac
533 1369 704 1454 sanguinis
736 1370 788 1435 sui
816 1369 974 1434 dominos.
1030 1366 1143 1450 Quum
1194 1371 1264 1436 lum
1287 1378 1321 1436 ot
1343 1379 1465 1437 terram
1491 1382 1664 1457 penetrare
1689 1372 1885 1441 immensam
1908 1373 2034 1442 Christi
2065 1375 2170 1440 virtu·

168 1483 243 1528 vero
270 1459 436 1527 conuneat
468 1458 615 1524 doctrina
639 1466 768 1521 nostra:
802 1455 948 1540 quisquis
976 1453 1040 1520 fide
1073 1477 1143 1521 am·
1194 1465 1272 1535 tem,
1295 1473 1333 1523 nt
1354 1478 1413 1522 nos
1435 1480 1453 1524 e
1474 1459 1562 1525 coelo
1584 1480 1682 1537 carno
1704 1481 1764 1543 sua
1784 1470 1913 1546 pascat:
1935 1480 2068 1526 earnem
2090 1480 2173 1544 quae

167 1547 320 1632 plectitur
341 1543 730 1629 coenaeproruissionem,
756 1563 830 1606 vere
852 1540 923 1607 fiori
945 1542 1144 1626 participem
1195 1543 1316 1608 natura
1336 1543 1484 1611 mortalis
1506 1545 1576 1623 tuit,
1600 1545 1694 1613 nobis
1712 1547 1800 1613 vitae
1821 1548 1946 1613 fontem
1968 1567 2054 1612 esse:
2077 1544 2173 1628 quid·

168 1632 311 1717 corporis
333 1639 366 1697 et
387 1627 559 1715 sanguinis
577 1627 713 1706 Christi,
735 1626 810 1711 quia
832 1648 891 1692 nos
913 1625 1051 1692 minium
1073 1628 1143 1693 fru-
1196 1628 1276 1713 quid
1297 1629 1416 1696 visibili
1445 1631 1593 1720 symbolo
1613 1631 1736 1717 figurat
1763 1654 1843 1698 vere
1865 1633 1906 1698 ab
1933 1634 2004 1716 ipso
2026 1631 2171 1715 impleri:

168 1719 264 1786 suari
297 1717 416 1794 voluit,
454 1715 562 1800 palam
595 1734 744 1779 asserens
777 1732 848 1777 esso
881 1731 999 1795 eorpus
1030 1734 1143 1778 suum:
1194 1714 1331 1799 ideoque
1357 1738 1491 1783 carnem
1516 1717 1642 1784 Christi
1670 1718 1705 1782 in
1735 1741 1836 1785 coena
1859 1739 1925 1784 non
1952 1739 2046 1784 secus
2073 1717 2171 1802 spiri·

168 1825 327 1890 quaenam
354 1803 408 1869 hic
436 1800 700 1887 deprehendetur
728 1796 881 1864 violatio?
937 1799 1036 1863 Certe
1064 1797 1142 1864 dum
1195 1801 1284 1866 tnale
1306 1823 1377 1868 osse
1398 1802 1592 1868 alimentum
1621 1824 1721 1888 quam
1748 1824 1886 1888 corpora
1912 1824 1999 1887 pane
2026 1802 2170 1887 quotidie

166 1913 224 1957 nos
247 1888 393 1955 externis
414 1887 518 1974 signis
547 1906 584 1953 ac
613 1884 754 1952 terrenis
783 1884 974 1968 pignoribus
997 1885 1142 1950 contenti
1195 1896 1381 1971 pascuntur.
1425 1888 1534 1974 Magis
1556 1889 1655 1955 etiam
1677 1888 1829 1974 putidum
1851 1887 2018 1972 estquod,
2041 1887 2082 1954 ad
2100 1892 2171 1954 car·

167 1985 254 2044 certo
276 1974 438 2041 eredimus
460 1991 578 2056 corpus
597 1971 723 2038 Christi
742 1990 862 2053 panem
884 1969 977 2036 nobis
998 1990 1070 2036 esse
1092 1971 1142 2036 vi·
1195 1974 1248 2039 nis
1269 1994 1403 2039 sensnm
1423 1994 1521 2058 quem
1547 1974 1642 2040 nobis
1670 1974 1833 2059 affingunt
1860 1971 2093 2053 damnandnm,
2117 1996 2172 2042 oc·

168 2063 316 2139 vilicum,
344 2081 487 2144 vereque
515 2058 676 2143 praestari
701 2054 870 2207 qpidquid·
886 2055 988 2157 oculis
1010 2056 1143 2156 signum
1194 2068 1309 2125 ιιιιιιιιι
1332 2060 1428 2125 Pauli
1450 2059 1492 2126 ad
1513 2061 1680 2127 Romanos
1701 2070 1800 2211 caput
1820 2061 1934 2140 citant,
1958 2061 2013 2127 ubi
2035 2081 2172 2126 sensum

167 2155 400 2233 repraesentat,
423 2153 658 2211 testamentum
681 2142 708 2208 C
734 2149 806 2207 rrstr
827 2163 963 2209 mrnrme
984 2141 1142 2207 rescindi·
1193 2145 1302 2211 carnis
1330 2145 1410 2212 dicit
1438 2145 1607 2213 inimicum
1635 2168 1706 2213 asse
1769 2169 1816 2213 eo.
1872 2145 1964 2212 Haec
1991 2167 2105 2211 eorum
2131 2147 2170 2211 in

166 2256 248 2300 mus.
293 2231 362 2299 Sed
386 2231 473 2315 quod
501 2230 594 2296 nobis
620 2229 701 2295 falso
728 2225 941 2311 exprobrant,
969 2228 1086 2293 merito
1107 2228 1143 2293 in
1193 2231 1365 2297 tractanda
1386 2232 1548 2316 scriptura
1569 2232 1684 2318 religio
1706 2247 1765 2299 est.
1814 2234 1864 2299 Aa
1886 2255 1928 2298 ne
1949 2230 2029 2315 quid
2051 2231 2092 2298 ad
2112 2251 2170 2296 cu·

168 2341 280 2386 eornm
302 2326 401 2403 caput
422 2326 607 2402 retorqueo:
631 2321 705 2396 [pag.
729 2317 800 2393 ιιι]
822 2313 989 2398 exstingui
1011 2321 1045 2379 ct
1066 2311 1143 2378 abo·
1194 2316 1320 2381 mulum
1332 2317 1494 2383 fatuitatis
1505 2316 1597 2397 desit,
1610 2328 1759 2387 ,assuunt
1780 2317 2053 2404 quasiexPan10:
2075 2316 2172 2397 Item,

167 2405 226 2471 lari
249 2417 507 2481 sacramentum,
535 2402 598 2468 nisi
621 2402 766 2468 externis
794 2401 951 2485 symbolis
980 2401 1144 2483 figuretur
1194 2403 1250 2486 qui
1272 2402 1337 2468 fids
1360 2405 1688 2482 sacramentariorum
1706 2405 1815 2484 sumit,
1837 2426 1915 2470 rens
1936 2414 1988 2469 est
2009 2407 2083 2484 [pag.
2099 2407 2171 2482 158]

167 2489 347 2576 spiritualis
369 2489 499 2556 veritas.
1194 2489 1338 2572 corporis
1359 2500 1393 2555 et
1413 2490 1584 2575 sanguinis
1602 2490 1737 2557 Christi.
1774 2490 1877 2575 Atqui
1898 2488 1928 2556 si
1949 2510 2062 2554 sorum
2079 2508 2172 2554 mora

251 2575 417 2643 Vicesimo
445 2575 541 2640 tertio
568 2573 675 2659 capita
704 2578 851 2639 vetustos
884 2580 917 2636 et
944 2571 1143 2639 orthodoxos
1193 2573 1307 2640 ludere
1335 2574 1451 2656 libeat,
1480 2598 1521 2642 ex
1544 2598 1657 2642 eorum
1686 2577 1794 2643 verbis
1821 2576 1965 2655 eliciam,
1995 2595 2062 2640 non
2084 2593 2168 2658 opus

168 2673 276 2747 patres
296 2663 332 2726 in
353 2661 548 2746 suffragium
570 2660 741 2727 advocant
785 2654 893 2738 Quasi
915 2678 991 2722 vero
1011 2679 1143 2742 promp·
1194 2681 1265 2725 esse
1286 2661 1388 2746 igitur
1415 2661 1540 2729 carnali
1567 2662 1831 2743 manducatione,
1860 2671 1897 2727 ut
1924 2661 1997 2745 quis
2023 2681 2099 2726 raus
2127 2658 2171 2724 sit

167 2759 238 2815 tum
260 2746 394 2814 nonsit
420 2768 487 2812 nno
513 2747 615 2814 verbo
642 2743 766 2810 diluere
793 2762 1002 2827 quoscunque
1029 2742 1142 2809 obten·
1194 2749 1338 2831 eorporis
1366 2755 1400 2812 et
1432 2748 1604 2833 sanguinis
1632 2748 1768 2815 Christi.
1823 2747 1910 2813 Nam
1942 2746 2024 2813 lidos
2057 2757 2170 2811 nostra

166 2833 249 2900 dnnt
280 2835 380 2900 fucos.
434 2833 504 2899 Neo
536 2853 614 2899 varo
639 2829 729 2896 aliud
756 2828 911 2912 Philippo
938 2829 1143 2913 propositum
1194 2852 1339 2898 crassam
1360 2854 1473 2899 eorum
1501 2833 1786 2901 manducationem
1808 2832 1967 2912 excludit,
1999 2853 2099 2916 quam
2121 2840 2171 2895 ta·

165 2920 241 3000 init,
270 2941 369 3004 quam
394 2919 614 3001 spiritualem,
649 2915 690 2981 da
718 2936 782 3001 qua
810 2914 977 2981 nobiscum
1007 2935 1142 2999 prorsus
1195 2940 1271 2983 men
1293 2941 1334 2984 ex
1356 2919 1455 2985 Pauli
1476 2920 1586 2986 verbis
1608 2941 1723 2986 eruore
1745 2919 1957 2986 contendunt

166 3007 336 3084 consentit,
359 3004 684 3071 communicationem
706 3002 853 3087 probare.
887 2998 977 3080 Quid
999 3022 1059 3065 sua
1076 3001 1141 3066 far-
1281 3004 1450 3091 Vigesimo
1477 3013 1571 3072 sexto
1598 3000 1704 3092 capite
1735 3005 1938 3089 iniquissimo
1964 3001 2169 3090 exprobrant

166 3093 280 3177 ragina
314 3091 486 3175 profecerit
516 3087 753 3174 Westphalus,
787 3084 961 3154 lectoribus
993 3086 1143 3170 relinquo
1194 3091 1391 3157 sacramenti
1409 3091 1508 3158 huius
1529 3090 1722 3176 dignitatem
1745 3111 1765 3155 a
1786 3091 1879 3156 nohis
1901 3089 2032 3156 elevari.
2076 3086 2171 3153 Nihil

165 3175 414 3244 aestimandum.
1194 3178 1284 3242 enim
1302 3185 1408 3259 potest
1428 3178 1464 3243 in
1485 3199 1613 3245 sacram
1636 3198 1770 3244 coenum
1793 3186 1976 3260 competere
1997 3173 2083 3258 quod
2105 3195 2173 3238 non

250 3263 417 3330 Vicesimo
439 3271 553 3346 quarto
575 3263 681 3347 capite
708 3263 873 3325 excusant
892 3255 1025 3322 modum
1047 3279 1141 3340 prae-
1193 3262 1592 3347 splendidissimsanohis
1602 3270 1753 3328 ornetur:
1772 3262 1836 3329 nisi
1853 3263 1936 3328 forte
1956 3261 2033 3345 quia
2043 3257 2171 3325 Christi
2298 3272 2302 3289 ·’

165 3350 290 3415 sannae
311 3369 379 3414 non
405 3348 506 3413 alium
529 3345 662 3414 credere
689 3368 788 3431 quam
811 3343 964 3411 Christus
985 3343 1140 3408 instituit
1193 3370 1249 3415 cor
1272 3370 1311 3413 us
1338 3357 1407 3413 tam
1433 3347 1537 3414 Indae
1567 3370 1665 3432 quam
1692 3349 1792 3413 Petro
1825 3344 2073 3432 deglutiendum
2101 3365 2167 3410 non

166 3434 318 3518 Quodsi
345 3455 461 3499 verum
483 3442 584 3513 esset,
617 3433 709 3499 nulla
735 3440 827 3499 esset
852 3427 1021 3513 pugnandi
1047 3428 1140 3495 ratio.
1194 3443 1208 3499 t
1270 3435 1363 3499 'mus
1407 3432 1480 3501 Hoc
1500 3442 1611 3499 tamen
1632 3442 1671 3499 ut
1691 3433 1925 3518 persuadeant,
1959 3441 2083 3515 negant
2109 3449 2171 3495 nos

166 3520 233 3588 Sed
258 3520 314 3587 ubi
333 3519 460 3586 addunt
478 3519 598 3603 ubique
619 3518 733 3586 adesse
756 3515 882 3587 Christi
901 3535 1027 3597 corpus,
1050 3524 1143 3579 ante·
1194 3521 1379 3587 discernere
1406 3520 1493 3586 inter
1520 3519 1624 3586 nudas
1646 3519 1877 3604 promissiones
1900 3527 1934 3584 et
1956 3516 2170 3584 sacramentis

166 3628 263 3692 quam
285 3604 455 3672 obtineant
476 3606 562 3690 quod
584 3606 713 3685 volunt,
743 3601 948 3690 probandum
971 3601 1035 3664 erit
1056 3620 1142 3665 som·
1194 3607 1339 3672 vestitas.
1384 3603 1488 3688 Quasi
1507 3605 1563 3673 ubi
1584 3627 1644 3673 sua
1665 3606 1776 3672 omnia
1797 3604 2003 3688 protulerint,
2032 3622 2099 3668 non
2118 3601 2170 3666 lu·

166 3692 258 3759 nium
275 3694 422 3777 ipsorum
439 3691 578 3758 eoeleste
595 3714 666 3758 esse
677 3690 804 3758 Christi
821 3686 997 3756 oraculum.
1032 3683 1143 3768 Quam
1194 3691 1357 3758 calcatius
1380 3700 1412 3757 et
1434 3691 1566 3758 uberius
1588 3712 1629 3757 ex
1652 3692 1782 3776 scriptis
1803 3691 1926 3756 nostris
1953 3688 2083 3756 discent
2103 3688 2169 3753 lea·

166 3778 396 3862 intempestive
417 3786 613 3863 praetexant
631 3776 756 3844 Christi
777 3774 967 3862 potentiam,
990 3771 1072 3836 mihi
1090 3793 1142 3838 sa·
1193 3787 1281 3843 tores
1300 3799 1399 3862 quam
1419 3779 1594 3846 efficaciter
1613 3789 1765 3861 operetur
1785 3776 1938 3843 Christus
1959 3775 1996 3841 in
2017 3795 2120 3841 coena
2136 3779 2171 3840 et

166 3866 209 3930 tia
225 3864 263 3929 in
280 3885 354 3930 mea
364 3877 477 3930 eontra
487 3863 722 3947 Westphalum
740 3861 926 3930 defensione
943 3868 1142 3924 monstrasse
1193 3864 1364 3949 baptismo.

167 3950 289 4017 videor.
334 3949 506 4015 Christum
528 3970 598 4015 esse
619 3950 732 4027 fateor,
753 3951 808 4032 qui
829 3945 922 4014 nobis
944 3943 1068 4010 revelat
1089 3966 1142 4010 res
1279 3949 1444 4015 Vicesimo
1466 3950 1604 4033 septimo
1625 3948 1730 4032 capite
1751 3948 1909 4016 obiiciunt
1929 3947 2012 4013 solvi
2034 3968 2054 4012 a
2076 3947 2168 4012 nohis

168 4036 240 4102 inco
290 4036 360 4101 tas.
405 4034 474 4101 Cur
497 4039 571 4117 [pag.
593 4040 664 4112 156]
690 4055 769 4118 ergo
798 4037 867 4099 eius
888 4030 1143 4097 revelationibus
1194 4034 1320 4102 Christi
1341 4056 1524 4120 personam,
1546 4035 1623 4121 qnia
1643 4055 1802 4118 negamus
1825 4038 1899 4114 [pag.
1920 4039 1994 4114 159]
2015 4053 2112 4117 posse
2134 4033 2171 4100 in

168 4057 320 4187 moggum
346 4122 408 4204 ipsi
438 4118 625 4185 obducunt?
674 4118 728 4185 De
755 4119 890 4186 Christo
916 4119 1058 4182 fatemur
1083 4136 1141 4201 pa·
1195 4128 1313 4186 natura
1334 4122 1480 4187 humana
1504 4143 1575 4188 ossa
1597 4120 1780 4204 ubieunque
1802 4119 1889 4185 velit
1942 4117 1981 4185 si
2010 4120 2091 4186 haec
2118 4125 2170 4185 est

169 4214 253 4272 hem
282 4228 300 4273 e
327 4205 415 4273 coelo
441 4207 643 4290 praecipere,
680 4214 717 4270 ut
744 4228 819 4271 eum
852 4225 965 4270 omnes
998 4201 1142 4267 audiant
1193 4228 1350 4291 personae
1372 4206 1499 4285 solutio,
1520 4206 1685 4272 humanae
1703 4205 1830 4272 Christi
1852 4214 1989 4271 naturae
2010 4206 2091 4289 eripi
2110 4226 2168 4268 ne·

170 4292 238 4358 Cur
265 4313 342 4377 ergo
376 4292 576 4357 tumultuose
604 4291 821 4375 obstrependo
848 4289 939 4354 nulla
965 4287 1142 4355 verborum
1193 4314 1284 4359 cesse
1305 4293 1369 4358 erit
1387 4292 1473 4376 quod
1495 4294 1564 4359 eius
1585 4292 1729 4357 maxime
1746 4292 1916 4376 proprium
1938 4300 1997 4369 ast,
2019 4313 2061 4357 ne
2083 4289 2169 4354 desi-

168 4380 239 4445 eius
261 4378 489 4462 interpretatio
510 4376 716 4442 admittitur?
768 4376 901 4443 Christo
929 4376 1071 4441 fatemur
1091 4375 1141 4438 ni-
1194 4388 1342 4444 natasse
1359 4376 1525 4444 mediator.
1560 4377 1651 4460 Quid
1670 4387 1782 4444 autem
1800 4376 1973 4447 absurdius
1996 4377 2076 4462 fingi
2094 4383 2167 4459 pot·

170 4463 217 4528 hil
248 4486 319 4531 esse
351 4463 557 4547 impossibile.
614 4462 683 4549 Cur
710 4484 787 4547 ergo
820 4483 888 4527 non
916 4460 1054 4526 eredunt
1080 4460 1143 4543 ipsi
1194 4474 1258 4545 est,
1285 4487 1381 4549 quam
1410 4465 1445 4530 in
1471 4464 1558 4530 coelo
1585 4463 1686 4529 fnisse
1707 4463 1832 4529 Christi
1862 4484 1994 4529 earnem
2021 4461 2100 4526 dum
2129 4461 2168 4526 in

170 4551 319 4634 quamvis
340 4551 375 4615 in
397 4549 485 4616 coelo
507 4551 563 4628 sit,
591 4569 686 4632 posse
708 4557 820 4614 tamen
842 4547 1025 4614 admirabili
1047 4547 1143 4629 spiri·
1193 4572 1288 4618 cruce
1332 4548 1490 4616 endebat?
1525 4549 1639 4633 Neque
1660 4559 1773 4615 tamen
1794 4549 1928 4615 dubium
1948 4556 1998 4613 est
2019 4547 2098 4630 quin
2116 4553 2167 4609 to·
2226 4626 2229 4635 ι

171 4643 222 4702 tus
244 4638 295 4702 sui
317 4636 441 4701 virtute
461 4656 591 4702 carnem
610 4656 703 4700 suam
721 4649 755 4700 ot
773 4637 966 4719 sanguinem
985 4633 1063 4698 dare
1085 4652 1142 4696 no·
1193 4644 1248 4702 tus
1275 4636 1302 4701 C
1347 4636 1429 4701 istus
1459 4634 1539 4700 deus
1566 4646 1599 4700 et
1631 4635 1727 4701 homo
1757 4646 1834 4702 tune
1861 4655 1987 4718 quoque
2014 4635 2049 4697 in
2079 4629 2167 4698 coelo

170 4721 276 4788 bisin
298 4721 466 4805 spirituale
494 4720 706 4786 alimentum?
758 4720 850 4786 Haec
879 4728 966 4786 certe
988 4739 1065 4784 vere
1093 4717 1141 4782 di·
1192 4723 1301 4787 fuerit.
1351 4719 1420 4787 Sed
1441 4722 1512 4787 istis
1540 4722 1688 4805 superbis
1717 4721 1904 4787 censoribus
1932 4716 2074 4783 tenenda
2094 4729 2167 4781 erat

172 4809 249 4873 vina
271 4816 322 4872 est
343 4827 381 4873 ac
398 4805 734 4889 incomprehensibilis
752 4807 907 4891 potentia,
930 4804 1142 4888 quantumvis
1193 4807 1341 4892 vulgaris
1362 4807 1536 4886 distinctio,
1558 4828 1639 4891 quac
1658 4827 1716 4873 neo
1734 4808 1833 4872 Petro
1851 4803 2087 4886 Lombardo,²)
2103 4823 2167 4868 neo

171 4892 266 4978 longe
288 4914 309 4958 a
330 4892 423 4958 nobis
444 4903 588 4959 remotus
610 4893 661 4970 sit,
691 4893 795 4958 vitam
817 4913 858 4957 ex
879 4890 987 4957 carnis
1010 4909 1088 4956 suae
1110 4899 1142 4954 et
1193 4893 1348 4978 sophistis
1379 4894 1434 4975 qui
1462 4904 1574 4978 postea
1601 4894 1729 4976 seqenti
1762 4902 1855 4970 sunt,
1888 4891 1949 4955 tuit
1981 4889 2166 4972 incognita:

172 4980 340 5065 sanguinis
368 4977 552 5044 substantia
575 4979 610 5043 in
637 4979 763 5045 animas
789 4988 918 5043 nostras
939 4978 1078 5059 spirare,
1106 4983 1143 5041 ut
1193 5034 1396 5045 μ,-

172 5065 260 5131 nulla
281 5064 426 5130 locorum
438 5063 595 5130 distantia
614 5085 740 5130 sacram
758 5063 969 5149 hanccapitis
989 5070 1022 5128 et
1039 5084 1141 5128 mem·
1262 5097 1288 5163 1)
1307 5099 1341 5152 fl,
1359 5099 1530 5168 monium

171 5149 302 5218 brorum
325 5150 484 5216 unitatem
509 5142 674 5234 impediat.
723 5149 821 5216 Unde
848 5149 1020 5242 perspicua
1042 5167 1140 5233 appa·
1260 5165 1666 5233 intumescentium.

274 5254 387 5309 Colotes·
401 5268 491 5322 opera
533 5253 589 5308 Vol.
609 5251 664 5307 IX.
