4748 5798
240 253 321 317 ,263
946 241 949 247 ’
1130 240 1394 314 RESPONSIO
2205 246 2270 310 264

252 454 320 508 'nus
346 440 478 506 sortiter
502 437 641 522 repellit
694 436 789 504 Haec
816 444 909 516 sunt,
943 436 1051 519 inquit
1061 436 1087 520 ¹)
1110 431 1237 520 ⁴magna
1288 442 1378 499 runt.
1413 434 1581 499 attamen
1598 433 1791 513 nebulobic,
1813 433 1870 516 qui
1892 439 2030 514 [pegae]
2052 432 2269 520 patresquaei

253 547 355 610 opera
371 525 525 602 Domini,
553 523 719 606 exquisita
745 524 780 588 in
807 543 922 589 omnes
948 522 1135 588 voluntates
1156 521 1236 599 eius,
1289 518 1352 585 sibi
1374 519 1552 586 familiares
1574 521 1661 600 citat,
1684 521 1849 586 inscitiam
1863 520 1888 604 Ι)
1910 541 2004 585 suam
2026 521 2149 605 prodit:
2182 523 2270 589 Nam

254 621 289 677 et
310 620 379 679 tam
399 611 567 694 sapienter
586 609 761 692 exquisita,
783 616 821 673 ιιι
841 606 1102 692 quamangeliea
1123 614 1156 672 et
1173 607 1236 671 hu·
1289 605 1452 687 arripiens
1473 605 1559 688 quod
1577 607 1764 690 Augustino
1786 605 1894 671 adhuc
1911 604 2035 683 iuveni,
2056 617 2090 671 et
2111 608 2146 673 in
2165 611 2269 695 scrip·

254 717 355 762 mana
381 703 533 762 ereatura
560 705 740 778 peccasset,
769 694 803 759 id
832 702 898 773 est,
925 715 994 758 non
1020 692 1107 777 quod
1132 691 1237 758 voluit
1289 699 1365 755 tura
1386 691 1496 757 minus
1518 693 1694 775 exercitato
1717 690 1862 775 elapsum
1885 703 1964 771 erat,
1993 691 2190 761 clarissimos
2220 696 2269 761 lo-

253 783 320 858 ille‚
343 780 401 848 sed
419 781 505 865 quod
527 781 632 847 voluit
646 780 872 864 ipsafeeisset,
895 780 996 845 etiam
1016 799 1077 862 per
1098 777 1236 844 eandem
1283 797 1344 860 ,eos
1366 777 1497 857 omittit,
1520 777 1637 860 quibus
1654 779 1688 842 iu
1713 778 1794 842 reali
1804 779 2042 856 excaecatione,
2066 778 2118 843 vel
2138 782 2268 863 actuali,

257 878 429 935 creaturae
449 867 665 944 voluntatem,
698 886 765 948 qua
785 866 906 932 factmn
928 864 1086 948 estquod
1108 870 1237 930 creator
1288 870 1328 926 ut
1348 863 1394 926 ita
1416 863 1540 946 loquar,
1565 862 1629 927 Dei
1650 863 1771 928 iudicia
1793 864 1948 947 agnoscit.
1993 864 2153 931 Eiusdem
2175 867 2268 933 rudi-

254 953 368 1029 noluit,
391 953 544 1037 impleret
564 951 733 1035 ipsequod
754 950 873 1017 voluit:
897 952 980 1017 bene
998 959 1094 1016 utens
1116 958 1150 1015 et
1166 970 1236 1014 ma·
1289 949 1366 1013 tatis
1387 959 1438 1014 est
1460 950 1547 1033 quod
1559 949 1639 1014 dicit
1660 958 1774 1014 autore
1784 949 2000 1034 Hieronymo,
2023 951 2147 1035 tropico
2169 953 2268 1019 intel·

255 1040 296 1105 lis
317 1049 476 1122 tanquam
493 1058 621 1104 summe
642 1039 770 1116 bonus,
785 1037 829 1102 ad
849 1057 963 1102 eorum
982 1036 1234 1112 damnationem,
1287 1033 1457 1118 ligendum
1479 1055 1560 1112 esse,
1584 1035 1692 1099 Deum
1713 1036 1820 1100 facere
1841 1036 1937 1099 mala.
1982 1036 2107 1102 Verum
2130 1040 2157 1102 si
2180 1040 2269 1105 mala

255 1145 337 1209 quos
358 1126 444 1190 iuste
465 1123 725 1207 praedestinavit
752 1122 793 1188 ad
863 1139 974 1201 enam,
1004 1132 1037 1188 et
1058 1120 1100 1186 ad
1122 1142 1234 1188 eorum
1264 1182 1265 1189 ,
1287 1119 1372 1184 nibil
1393 1119 1484 1185 aliud
1506 1120 1587 1186 sunt
1608 1142 1706 1203 quam
1728 1143 1781 1187 res
1803 1120 1970 1200 adversae,
1992 1130 2030 1186 ut
2051 1124 2131 1188 satis
2151 1145 2268 1208 super-

257 1211 414 1288 salutem,
442 1231 523 1293 quos
549 1210 693 1293 benigne
731 1229 752 1291 p
830 1209 986 1274 estinurit
1016 1206 1058 1273 ad
1085 1208 1232 1292 gratiam.
1286 1226 1349 1288 que
1376 1215 1492 1270 notum
1519 1217 1585 1283 est,
1620 1206 1699 1290 quid
1726 1207 1761 1271 in
1788 1228 1824 1271 rs
1857 1209 2027 1290 perspicua
2060 1210 2267 1292 quaerendus

256 1295 426 1378 Quantum
447 1297 537 1361 enim
559 1295 601 1360 ad
620 1295 710 1378 ipsos
735 1295 869 1372 attinet,
896 1293 984 1377 quod
1006 1294 1098 1359 Deus
1119 1293 1233 1370 noluit,
1286 1291 1421 1375 tropus?

255 1384 419 1449 iecerunt:
456 1389 616 1463 quantum
650 1378 693 1445 ad
724 1380 814 1445 omni
858 1381 995 1445 tentiam
1028 1378 1109 1457 Dei,
1143 1378 1235 1443 nullo
1373 1378 1444 1441 Iam
1468 1376 1509 1442 de
1529 1379 1741 1461 permissione
1758 1377 1903 1443 breviter
1920 1377 2108 1446 ridendum.
2142 1375 2266 1466 Ioseph

255 1468 353 1533 modo
374 1467 408 1531 id
429 1469 559 1533 efficere
580 1466 767 1533 valuerunt.
847 1486 886 1531 oe
907 1467 1027 1550 quippe
1048 1466 1128 1548 ipso,
1149 1462 1235 1548 quod
1271 1461 1389 1545 (Gen.
1410 1468 1461 1540 37,
1480 1466 1537 1547 27)
1559 1464 1715 1529 scelerate
1738 1485 1757 1529 a
1779 1465 1935 1529 iratribus
1958 1466 2125 1544 venditur,
2155 1469 2267 1534 Deum

256 1561 371 1621 contra
402 1553 608 1617 voluntatem
646 1551 711 1616 Dei
744 1552 907 1631 feserunt,
953 1551 993 1617 de
1031 1551 1112 1635 ipsis
1149 1550 1236 1616 iacta
1287 1569 1358 1614 esse
1381 1551 1576 1631 pronunciat
1603 1569 1623 1612 a
1649 1569 1714 1633 quo
1742 1551 1862 1616 missus
1884 1563 1949 1629 est,
1977 1573 2045 1617 non
2066 1561 2178 1619 autem
2199 1556 2267 1621 fra·

256 1649 309 1705 est
342 1639 493 1703 voluntas
521 1639 601 1703 eius.
656 1638 840 1721 Propterea
873 1638 960 1704 enim
988 1657 1109 1721 magna
1136 1657 1236 1719 opera
1287 1643 1364 1711 tres,
1387 1643 1421 1699 et
1438 1634 1501 1701 hoc
1522 1634 1669 1700 consulto
1687 1636 1794 1700 Deum
1817 1638 1930 1703 fecisse
1952 1639 2078 1716 asserit,
2100 1649 2140 1704 ιιι
2161 1642 2267 1724 patris

256 1724 403 1802 Domini,
421 1724 584 1806 exquisito
603 1723 640 1788 in
657 1743 771 1789 omnes
792 1723 980 1789 voluntates
990 1724 1070 1802 sius,
1093 1729 1131 1787 ut
1152 1723 1236 1787 miro
1287 1721 1337 1786 sui
1360 1721 1501 1785 familiae
1523 1721 1681 1787 nutritius
1702 1731 1795 1787 esset.
1834 1722 1922 1788 Num
1942 1744 1980 1787 ea
2001 1735 2051 1790 est
2071 1727 2265 1808 permissio?

256 1820 292 1875 'et
311 1810 473 1875 ineffabili
493 1809 589 1874 modo
612 1831 679 1874 non
704 1810 764 1874 flat
784 1819 913 1892 praeter
935 1810 1005 1874 eius
1028 1809 1234 1874 voluntatem
1287 1806 1378 1870 Dicit
1398 1807 1458 1871 Iob
1480 1808 1590 1872 Deum
1612 1806 1784 1872 abstulisse
1801 1807 1887 1890 quod
1910 1809 2051 1875 latrones
2073 1822 2106 1876 et
2128 1812 2266 1894 praedo-

213 1922 219 1928 ·
256 1902 332 1975 [pag.
352 1900 407 1976 ιο]
428 1895 514 1979 quod
535 1896 634 1960 etiam
654 1897 694 1959 fit
703 1904 819 1961 contra
829 1895 899 1959 eius
919 1895 1137 1960 voluntatem:
1158 1895 1235 1977 quia
1287 1913 1346 1956 nes
1367 1901 1554 1975 rapuerant
1596 1895 1648 1956 An
1670 1893 1752 1957 illud
1774 1897 1902 1959 auterre
1924 1894 2052 1960 nullum
2075 1906 2187 1963 actum
2209 1897 2266 1964 de·

256 2002 323 2047 non
344 1983 438 2047 fieret
459 1983 487 2047 si
509 2002 575 2046 non
598 1982 731 2046 sineret
780 1981 851 2065 Neo
872 1981 987 2064 utique
1008 1981 1127 2051 nolens,
1146 1980 1235 2059 sinit,
1286 1977 1419 2061 signat?
1470 1976 1602 2044 Dicitur
1623 1977 1715 2043 Deus
1744 1980 1880 2046 vertisse
1909 1981 2008 2046 corda
2034 1982 2200 2066 gentium,
2230 1991 2268 2050 ιιι

256 2068 314 2133 sed
336 2068 460 2132 volens.
504 2066 574 2131 Nec
591 2067 717 2133 sineret
740 2065 846 2132 bonus
869 2067 941 2132 fieri
962 2067 1057 2144 mals,
1079 2066 1143 2130 nisi
1165 2088 1234 2131 om·
1286 2063 1360 2128 odio
1383 2063 1541 2128 baberent
1562 2064 1720 2148 populum
1740 2084 1845 2131 suum.
1890 2069 1944 2132 An
1967 2067 2112 2134 dicemus
2132 2090 2266 2152 passum

255 2153 408 2237 nipotens
430 2151 470 2217 de
491 2153 580 2217 malo
601 2154 707 2218 facere
728 2161 839 2235 posset
864 2152 957 2217 bene.
1007 2152 1106 2218 Nune
1128 2151 1235 2234 horri-
1286 2150 1396 2229 fuisse,
1421 2153 1494 2228 [pag.
1508 2153 1562 2228 23]
1583 2150 1639 2214 ubi
1661 2150 1771 2232 palam
1788 2154 1916 2234 operari
1937 2154 2099 2237 scriptura
2120 2177 2267 2242 pronun·

255 2239 338 2305 biles
360 2238 512 2304 haereses
534 2245 570 2303 et
593 2237 832 2320 blasphemias,
860 2259 941 2320 quas
968 2238 1101 2320 optimis
1128 2239 1235 2303 nostri
1286 2234 1373 2301 ciat?
1417 2236 1490 2299 Iam
1512 2257 1613 2317 quum
1640 2235 1761 2301 dicitur
1789 2239 1919 2303 tradere
1940 2240 1974 2303 in
1997 2261 2130 2305 sensum
2152 2263 2266 2327 repro-

256 2324 378 2391 saeeuli
400 2322 588 2389 doctoribus
604 2322 793 2406 petulanter
813 2325 964 2407 ingerere
986 2323 1100 2402 voluit,
1122 2323 1159 2387 in
1181 2345 1235 2390 ca-
1286 2321 1375 2398 bum,
1399 2331 1432 2385 et
1443 2320 1572 2386 tradere
1582 2320 1683 2385 foedis
1695 2321 1934 2405 cupiditatibus,
1957 2334 2082 2391 certum
2105 2338 2156 2392 est
2178 2349 2266 2393 com·

135 2416 139 2422 '
255 2421 315 2493 put
336 2410 514 2508 Augustini
535 2409 650 2475 vibret.
686 2408 814 2473 Verum
835 2407 966 2493 quidem
988 2421 1047 2487 est,
1071 2430 1135 2474 non
1158 2407 1236 2475 alibi
1287 2406 1437 2471 mandari
1459 2406 1623 2471 horrenda
1645 2407 1717 2472 eius
1738 2408 1871 2486 iudicia,
1900 2410 2016 2493 quibus
2038 2412 2192 2494 reprobos
2214 2414 2266 2479 ul·

255 2516 354 2578 quam
376 2516 411 2558 m
433 2495 597 2579 scriptura
608 2493 829 2577 quaerendam
847 2494 995 2560 esseDei
1018 2494 1234 2560 voluntatem:
1287 2493 1428 2558 discitur.
1474 2491 1513 2558 Si
1534 2501 1664 2557 tantum
1694 2496 1817 2559 otiosus
1839 2495 1901 2562 hoe
1923 2497 1996 2561 fleri
2017 2498 2131 2566 sinat.=
2147 2519 2192 2564 an
2215 2500 2266 2565 iu-

256 2579 313 2647 sed
335 2590 373 2644 ut
393 2588 512 2664 porcus
532 2579 586 2646 hia
614 2600 676 2644 suo
703 2588 809 2645 rostro
830 2581 940 2645 omnia
967 2582 1142 2663 pervertit,
1169 2601 1235 2646 non
1287 2579 1367 2644 dicis
1387 2584 1496 2662 partes
1517 2577 1688 2661 implebit?
1746 2578 1853 2647 Vocat
1873 2580 1965 2647 Deus
1984 2582 2268 2653 Nabuchadneser

255 2665 410 2744 attendit,
438 2665 517 2730 dum
538 2665 656 2732 colitur
682 2685 704 2730 a
729 2665 881 2732 fidelibus
908 2668 1095 2732 reverentia
1121 2674 1155 2732 et
1183 2688 1235 2733 so·
1287 2666 1428 2730 sectarim
1449 2665 1485 2728 in
1502 2678 1613 2744 manu,
1637 2667 1896 2750 vocatAssyrios
1918 2668 2047 2753 virgam
2066 2671 2185 2736 furoris
2204 2673 2266 2753 sui,

256 2752 387 2831 brietas,
410 2771 476 2816 non
498 2751 570 2816 tolli
598 2752 716 2818 necin
738 2752 880 2817 nihilum
902 2751 1006 2836 redigi
1028 2752 1235 2819 amanensi
1286 2751 1406 2834 impios
1427 2770 1542 2815 omnes
1563 2758 1659 2816 rocat
1680 2770 1740 2815 sua
1749 2752 1891 2835 flagella,
1913 2753 2000 2819 clare
2021 2757 2139 2822 asserit
2160 2779 2268 2842 seper

255 2836 383 2902 iudicia
427 2835 529 2901 Aliud
550 2847 662 2902 autem
684 2843 736 2902 est
761 2836 837 2903 fidei
859 2837 1019 2904 modestia
1040 2836 1235 2922 profundam
1287 2834 1993 2919 eosexssquiquoddecreritsses.10,5).
2026 2839 2134 2923 Quem
2157 2843 2267 2910 locum

255 2922 346 2988 illam
375 2922 530 3007 abyssum
558 2921 739 3005 suspicere:
772 2923 862 2989 aliud
888 2944 966 2989 vero
997 2925 1236 2991 contumaciter
1286 2922 1341 2987 hio
1362 2921 1510 2987 inveniet
1526 2920 1618 2986 nuda
1638 2922 1830 3005 permissio?
1864 2924 2022 2993 Ieremias
2044 2931 2110 3006 (48,
2126 2929 2267 3011 roms-

254 3029 419 3092 respuere,
441 3008 518 3091 quia
539 3008 704 3074 humanus
720 3029 837 3074 sensus
858 3008 1018 3076 absorbet
1070 3090 1073 3097 ‚
1287 3008 1345 3074 dos
1367 3006 1567 3091 compellans
1588 3006 1764 3074 exclamat:
1788 3007 1983 3077 Maledictus
2007 3013 2062 3096 qui
2083 3014 2162 3081 iacit
2183 3037 2268 3100 opus

341 3093 414 3159 Iam
430 3105 474 3159 ut
494 3095 604 3162 omnia
623 3094 807 3178 scripturas
828 3095 1025 3175 testimonia,
1048 3095 1166 3178 quibus
1183 3095 1235 3160 in·
1286 3095 1351 3160 Dei
1371 3094 1585 3177 negligenter.
1631 3094 1727 3174 Ecce,
1750 3093 1908 3179 quidquid
1932 3098 2088 3164 saevitiae
2109 3112 2276 3168 exercent

254 3179 372 3247 structi
391 3179 618 3245 admirabilem
629 3181 695 3246 Dei
716 3180 958 3264 providentiam
976 3181 1163 3261 asserimus,
1185 3180 1235 3246 di·
1285 3179 1491 3263 sanguinarii
1517 3177 1682 3258 homines,
1714 3181 1778 3245 alio
1804 3192 1953 3265 respectu
1980 3185 2141 3268 propheta
2169 3179 2274 3256 ro‘cat

253 3266 339 3344 luat,
371 3266 450 3332 satis
472 3264 572 3330 habet
597 3265 741 3349 praefari
762 3286 893 3352 semper
913 3266 1095 3333 haereticos
1115 3267 1237 3334 abusos
1286 3287 1368 3350 opus
1391 3264 1466 3344 Dei,
1489 3265 1565 3348 quia
1584 3264 1718 3331 illorum
1739 3286 1841 3332 manu
1863 3290 1984 3352 poenas
2005 3269 2047 3336 de
2068 3271 2277 3357 Babyloniis

254 3353 357 3418 fuisse
377 3352 508 3435 pietatis
527 3357 713 3435 praetextu,
735 3360 770 3416 et
791 3353 831 3417 in
847 3353 980 3418 nomine
1001 3351 1067 3418 Dei
1088 3352 1235 3437 incipere
1286 3353 1398 3436 exigit
1442 3351 1647 3418 Pronuneiat
1666 3350 1778 3416 David
1798 3353 1954 3438 quidquid
1975 3355 2138 3423 malcrum
2160 3361 2269 3443 patie-

254 3459 350 3503 omne
372 3437 507 3502 malurn.
552 3435 657 3518 Quasi
679 3443 753 3518 [pag.
775 3443 830 3519 ιι]
859 3458 938 3505 vero
963 3438 991 3504 si
1013 3439 1075 3505 boe
1095 3439 1234 3506 iactasse
1285 3439 1397 3516 batur,
1429 3435 1539 3501 Deum
1572 3439 1700 3503 fecisse:
1732 3437 1868 3523 ideoque
1895 3439 2090 3508 obmutescit
2116 3445 2152 3526 (2
2172 3442 2268 3512 Sam.

255 3523 390 3600 sufficit,
417 3543 483 3588 non
498 3519 627 3588 eodem
653 3543 812 3607 responso
833 3533 982 3590 evertere
1012 3523 1110 3590 liceat
1130 3533 1234 3591 totam
1290 3523 1423 3606 16,10).
1458 3521 1587 3603 Quibus
1609 3523 1711 3605 tropis
1731 3522 1856 3590 Facem
1877 3526 1914 3591 in
1934 3526 2134 3595 Permitters
2154 3540 2264 3597 muta·

255 3608 429 3674 coelestem
450 3606 642 3687 doctrinam,
663 3609 839 3693 ipsumque
856 3609 921 3675 Dei
943 3630 1064 3675 nomen
1086 3609 1232 3677 obruere.
1286 3608 1397 3674 bitur?
1447 3606 1601 3691 Denique
1627 3608 1753 3675 Paulus
1780 3611 1889 3676 Deum
1924 3633 1994 3678 esse
2022 3615 2180 3695 affirmat,
2209 3618 2262 3702 qui

255 3692 361 3758 Addit
380 3703 493 3777 postea
514 3715 549 3760 se
571 3694 613 3760 ad
634 3694 747 3760 omnia
774 3714 858 3777 quae
878 3704 1016 3779 possunt
1036 3696 1132 3762 obiici
1154 3695 1233 3761 duo-
1284 3694 1388 3760 mittit
1410 3692 1589 3761 efficaciam
1610 3694 1731 3759 erroris
1753 3695 1872 3779 impiis,
1894 3701 1971 3778 [pag.
1991 3702 2046 3779 24]
2071 3710 2107 3765 ut
2127 3702 2262 3768 credant

254 3778 318 3844 bus
350 3776 455 3845 modis
479 3800 730 3863 responsurum:
766 3801 884 3864 nempe
912 3801 1025 3846 omnes
1053 3782 1234 3864 scripturae
1285 3779 1454 3845 mendacio
1475 3780 1511 3863 (2
1530 3779 1644 3845 Thess.
1664 3784 1693 3860 2,
1717 3784 1778 3863 ΙΙ).
1822 3781 1887 3849 Ubi
1908 3796 2044 3867 apparet
2061 3789 2171 3870 operis
2193 3790 2260 3854 effl-

255 3863 351 3941 locos,
373 3865 430 3947 qui
451 3865 607 3932 ridentur
628 3864 702 3931 Deo
724 3866 802 3931 mali
824 3888 957 3933 causam
979 3866 1138 3946 tribuere,
1168 3889 1232 3933 non
1285 3866 1390 3945 cacia,
1420 3886 1484 3948 quo
1504 3865 1644 3932 artificio
1671 3865 1806 3933 tolletur
1826 3869 1999 3935 consilium
2029 3881 2063 3936 et
2084 3873 2259 3940 voluntas?

254 3948 457 4015 voluntatem
479 3952 645 4018 efficacem
667 3960 799 4031 notare,
831 3953 889 4018 sed
911 3953 1157 4037 permissionem
1180 3953 1233 4020 vel
1284 3952 1484 4018 Praescribit
1504 3951 1610 4018 bonus
1631 3972 1748 4019 censor
1769 3974 1934 4033 canonem,
1957 3967 1995 4021 ut
2016 3977 2075 4040 per
2095 3957 2206 4025 locum
2222 3960 2261 4025 il-

255 4034 480 4100 desertionem.
535 4037 695 4103 Facemat
731 4037 898 4104 calama
930 4038 988 4103 illa
1026 4037 1067 4103 de
1099 4039 1233 4104 nomine
1284 4038 1368 4105 lum:
1399 4039 1450 4103 'l'u
1477 4059 1514 4103 es
1536 4038 1631 4103 Dens
1658 4039 1866 4123 iniquitatem
1893 4041 2023 4120 nolens,
2057 4043 2113 4108 clii
2146 4065 2262 4113 omnes

253 4120 334 4187 mali
353 4121 406 4185 rel
429 4123 567 4204 peccati:
599 4124 722 4189 scimus
742 4124 832 4189 enim
855 4121 938 4209 nibil
960 4124 1066 4208 magis
1087 4123 1232 4190 alienum
1283 4125 1340 4207 qui
1363 4122 1516 4189 videntur
1536 4122 1610 4190 Deo
1632 4124 1755 4190 malum
1776 4125 1921 4192 tribuere
1942 4137 2147 4194 enarrentur.
2195 4130 2264 4199 Sed

254 4228 325 4272 esso
351 4227 372 4270 a
393 4205 459 4271 Dei
486 4217 624 4285 natura,
653 4229 750 4292 quam
780 4218 965 4293 peccatum:
1000 4209 1057 4276 sed
1081 4209 1232 4276 homines
1283 4209 1363 4293 quid
1383 4209 1446 4275 hoo
1466 4207 1509 4273 ad
1530 4219 1733 4293 praesentem
1755 4231 1902 4290 causam,
1929 4213 2060 4296 quando
2088 4215 2181 4281 nulla
2200 4218 2264 4283 ini·

253 4293 387 4376 propria
408 4291 534 4356 malitia
560 4294 609 4358 sio
636 4296 707 4379 agi,
737 4302 776 4360 ιιι
803 4295 854 4362 eul
926 4303 996 4361 tota
1022 4316 1123 4378 penes
1143 4297 1232 4379 ipsos
1283 4295 1418 4378 quitatis
1444 4297 1574 4361 macula
1599 4296 1745 4362 inuritur
1772 4299 1857 4374 Deo,
1891 4299 1948 4364 sed
1977 4308 2106 4365 tanturn
2140 4301 2265 4370 dicitur

253 4378 402 4445 resideat.
447 4377 623 4444 Caeterum
647 4380 829 4464 scripturae
865 4403 949 4461 ocos,
972 4381 1091 4481 quibus
1112 4381 1232 4448 diserte
1284 4402 1414 4446 summa
1435 4381 1632 4449 rectitudine
1660 4403 1774 4467 regere
1802 4393 1936 4450 cunctas
1952 4384 2072 4451 'mundi
2093 4388 2263 4455 actiones?

253 4464 452 4547 exprimitur
478 4463 616 4530 actionis
643 4467 796 4547 effectus,
822 4468 857 4533 in
885 4467 1136 4552 permissionem
1157 4488 1236 4533 rer·
1284 4466 1323 4533 Si
1344 4466 1419 4550 quis
1441 4489 1461 4532 a
1482 4467 1608 4533 iustitia
1629 4467 1800 4534 divelleret
1827 4471 1898 4536 eius
1920 4471 2115 4572 potentiam,
2144 4495 2264 4559 oppor-

253 4558 333 4630 tere,
356 4550 456 4615 nimis
478 4549 632 4614 frivolum
653 4551 813 4636 effugium
835 4562 893 4618 est
937 4553 1040 4636 Atqui
1062 4554 1108 4618 sie
1128 4553 1232 4618 inter·
1283 4560 1367 4618 tuna
1387 4562 1474 4619 esset
1491 4552 1553 4619 illa
1574 4555 1737 4637 exceptio,
1765 4553 1848 4620 nihil
1871 4555 1935 4622 Dor
1964 4560 2127 4642 potentiae
2155 4562 2263 4646 magis

252 4636 372 4718 pretati
393 4642 473 4701 sunt
493 4645 620 4718 patres:
653 4657 772 4721 nempe
792 4660 894 4722 quum
917 4638 1117 4724 loquutionis
1138 4658 1232 4723 aspe-
1283 4638 1494 4717 eontrarium,
1517 4659 1616 4723 quam
1638 4639 1855 4724 tyrannidem.
1900 4642 1998 4710 Nunc
2014 4645 2182 4729 veroquia
2198 4647 2264 4712 ini·

252 4723 335 4787 ritas
355 4721 514 4805 quosdam
537 4721 648 4804 primo
668 4722 791 4788 intuitu
812 4725 1002 4805 offenderet,
1024 4724 1059 4790 in
1081 4745 1121 4790 ea
1142 4726 1231 4790 miti-
1283 4724 1442 4808 quitatem
1465 4723 1552 4790 nolle
1573 4725 1704 4804 dicitur,
1727 4746 1771 4790 an
1789 4725 1850 4792 hoe
1870 4739 2044 4812 praetextu
2065 4728 2264 4798 detrahetur

253 4805 362 4890 ganda
383 4806 461 4872 dum
483 4807 584 4873 nimis
605 4820 686 4873 sant
702 4808 811 4888 anxii,
837 4818 871 4875 et
890 4831 1019 4895 quoquo
1041 4810 1137 4876 modo
1159 4831 1231 4877 sese
1283 4830 1383 4877 esuo
1405 4810 1496 4890 solio,
1518 4832 1561 4876 ne
1582 4811 1627 4877 sit
1645 4811 1760 4876 mundi
1781 4811 1900 4878 iudex?
1933 4815 2020 4881 Nam
2042 4837 2143 4900 quum
2165 4839 2262 4903 saepe

252 4892 407 4975 expedire
428 4893 579 4972 student,
593 4930 594 4933 ε
607 4893 649 4959 ad
672 4915 743 4960 rem
764 4895 870 4979 ipsam
893 4898 1003 4964 minus
1023 4898 1141 4963 attenti
1161 4898 1231 4962 fue·
1282 4915 1342 4981 per
1363 4897 1539 4981 impiorum
1560 4918 1680 4963 manus
1700 4897 1821 4966 iudicia
1841 4920 1902 4966 sua
1922 4911 2084 4982 exerceat,
2112 4904 2261 4988 quisquis

389 5071 393 5073 a
398 5070 458 5077 ⁸„
1285 5074 1365 5080 ..η-,-
1371 5073 1447 5080 a-m-

324 5163 353 5229 1)
370 5164 477 5222 Rachia
497 5168 532 5223 ad
549 5167 632 5224 baur.
649 5185 711 5238 cap.
730 5165 790 5224 lior
1356 5171 1384 5239 1)
1399 5171 1474 5228 Aca
1490 5179 1520 5228 et
1535 5172 1645 5229 beatiss.
