4620 5828
218 1471 402 1553 BREVE
422 1472 493 1552 ΕΤ
514 1473 748 1554 OLARUM
770 1473 1092 1555 DOCTRINAE
1112 1473 1187 1554 DE
1209 1475 1352 1557 COEN
1354 1479 1393 1557 A
1413 1475 1620 1558 DOMINI
1641 1476 2025 1562 COMPENDIUM.

207 1729 275 1794 Res
296 1728 394 1812 plane
412 1728 550 1794 dolenda
571 1735 622 1792 est
631 1727 775 1811 adeoque
793 1738 826 1794 et
837 1728 989 1813 pudenda
999 1751 1090 1813 pror·
1147 1733 1279 1796 omnino
1301 1729 1539 1811 concludamus,
1561 1752 1667 1814 noque
1682 1732 1732 1796 illi
1753 1732 1912 1801 addamus
1926 1734 2114 1818 quidquam,

120 1836 177 1881 sus
199 1813 285 1897 quod
312 1814 389 1879 inde
417 1815 623 1897 potissimum
652 1815 765 1881 turbae
787 1816 821 1879 in
844 1816 980 1882 ecelesia
1002 1817 1090 1883 exoi·
1147 1837 1252 1900 neque
1273 1817 1309 1880 in
1330 1815 1481 1880 dextram
1503 1838 1610 1900 neque
1630 1818 1666 1882 in
1677 1818 1845 1884 sinistram
1867 1829 2004 1902 partem,
2027 1822 2114 1904 quod

120 1909 234 1966 tantur
255 1901 341 1967 circa
357 1918 476 1966 coenae
488 1900 669 1965 dominicae
680 1899 981 1980 considerationem,
1001 1903 1090 1968 unde
1147 1903 1188 1967 ad
1210 1902 1469 1984 qualemcunque
1491 1904 1731 1985 superstitionis
1753 1914 1812 1969 aut
1832 1903 2036 1972 idololatriae
2057 1927 2113 1974 oo·

121 2007 268 2051 summae
280 1986 401 2069 alioqui
411 1985 609 2064 concordiae,
631 1994 829 2070 mutuaeque
846 1988 934 2052 inter
944 2008 1004 2052 nos
1015 2009 1089 2055 con·
1146 1988 1309 2054 casionem
1330 1989 1402 2071 rapi
1424 1987 1647 2071 quoquomodo
1668 1990 1785 2073 possit,
1818 2000 2028 2073 posteaquam
2050 1990 2113 2058 Sa-

120 2073 295 2139 iunctionis
315 2072 496 2136 certissima
523 2071 638 2154 procul
667 2070 764 2136 dubio
786 2082 819 2137 ct
841 2081 1036 2157 argumenta
1057 2081 1092 2139 et
1146 2081 1257 2139 tanam
1279 2074 1377 2138 nimis
1399 2073 1453 2139 hic
1474 2074 1681 2157 ingeniosum
1709 2095 1780 2141 esse
1808 2076 1972 2143 videmus:
2006 2099 2113 2160 nequa

122 2159 334 2224 incitamenta
356 2158 422 2240 peti
444 2154 613 2223 debebunt
659 2156 726 2223 Sed
744 2158 805 2223 hoc
822 2158 925 2223 multo
947 2167 998 2224 est
1015 2180 1090 2242 gra·
1145 2160 1226 2225 item
1248 2159 1431 2225 adimamus
1463 2159 1653 2242 quidquam,
1682 2159 1768 2243 quod
1794 2162 1835 2227 ad
1864 2179 1983 2228 coenae
2010 2164 2113 2247 ipsius

122 2245 195 2311 vius
217 2243 312 2326 quod,
336 2243 413 2307 dum
436 2243 522 2308 iuter
533 2265 591 2308 nos
602 2243 649 2307 ita
671 2243 724 2309 hic
742 2244 969 2328 digladiamur,
989 2265 1090 2310 coena
1146 2244 1350 2330 dignitatem,
1372 2245 1514 2310 fructum
1536 2255 1570 2309 et
1591 2247 1746 2311 virtutem
1770 2248 1932 2331 pertinere
1952 2270 1992 2314 ex
2012 2250 2113 2316 verbu

122 2331 208 2414 ipsa,
237 2329 441 2394 sanctissima
469 2329 590 2412 alioqui
612 2328 738 2394 Christi
760 2331 895 2395 Domini
916 2331 1090 2410 institutio,
1145 2331 1209 2397 Dei
1231 2331 1318 2396 clare
1340 2339 1373 2395 ct
1394 2331 1572 2414 perspicue,
1595 2331 1740 2414 citraque
1752 2332 1896 2398 locurum
1917 2333 1955 2397 in
1972 2336 2112 2417 scriptu-

122 2438 187 2481 nun
212 2415 344 2481 viluerit
363 2415 459 2480 mode
481 2416 613 2498 passim,
643 2413 701 2480 sed
722 2416 787 2480 iam
808 2418 844 2480 in
867 2423 1090 2499 contemptum
1146 2418 1193 2482 ris
1214 2416 1466 2500 repugnantiam
1488 2416 1597 2482 duceri
1614 2420 1729 2500 possit:
1764 2441 1821 2497 ne,
1855 2417 1933 2484 dum
1956 2441 1977 2484 a
1998 2442 2112 2503 super-

32 2518 41 2530 ·
121 2502 218 2588 plane
248 2501 348 2566 ctiam
370 2500 501 2578 abierit,
530 2521 597 2565 non
626 2501 696 2565 sine
723 2522 843 2586 magna
869 2503 1012 2584 profecto
1039 2503 1090 2567 in·
1146 2504 1275 2568 stitione
1303 2503 1397 2569 nobis
1423 2523 1539 2568 cavere
1566 2502 1671 2567 modis
1699 2504 1851 2570 omnibus
1880 2505 2046 2586 volumus,
2073 2507 2111 2571 in

122 2587 297 2674 dignitate,
328 2608 428 2669 quum
452 2586 625 2668 ipsiusmet
654 2586 779 2652 Ohristi
806 2585 958 2667 Domini,
991 2608 1089 2670 quem
1146 2587 1248 2653 nihilo
1271 2589 1376 2654 levius
1396 2589 1519 2654 crimen
1542 2597 1747 2671 contemptus
1769 2600 1802 2654 et
1823 2591 2040 2675 negligentiae
2061 2593 2112 2657 in·

120 2693 202 2740 sane
229 2673 265 2737 in
297 2674 366 2738 suis
398 2672 659 2738 institutionibus
685 2680 742 2737 aut
769 2674 1008 2740 contemnimus
1034 2683 1090 2738 aut
1146 2674 1300 2739 eidamus.
1346 2672 1441 2755 Quae
1463 2675 1550 2738 enim
1573 2673 1672 2738 verbo
1693 2675 1758 2739 Dei
1780 2675 1887 2741 duceri
1909 2678 2045 2759 possint,
2072 2698 2113 2743 ea

118 2759 330 2837 honoramus,
352 2766 424 2823 tum
445 2779 523 2825 vero
535 2761 634 2823 etiam
655 2759 753 2823 totius
765 2759 917 2825 ecclesiae
935 2767 970 2825 et
988 2780 1089 2824 evan·
1146 2780 1223 2824 sane
1245 2759 1397 2842 amplecti
1419 2780 1532 2824 omnes
1553 2758 1686 2838 debent,
1716 2761 1900 2845 quicunque
1926 2783 1987 2846 pro
2007 2784 2112 2827 mem·

118 2845 198 2932 gelii
221 2844 354 2910 Christi
397 2845 509 2926 Quum
531 2854 640 2909 autem
663 2843 798 2910 dubium
819 2866 886 2910 non
908 2847 952 2910 sit
972 2845 1089 2909 horum
1144 2843 1213 2910 bris
1234 2845 1388 2911 ecclesiae
1410 2843 1523 2909 haberi
1546 2845 1672 2910 volunt.
1704 2888 1708 2897 .

37 2947 46 2957 ·
117 2931 269 2998 omnium
290 2939 438 2995 autorem
460 2952 530 2996 esse
553 2928 711 2995 Satanam
733 2931 856 3013 ipsum,
885 2931 950 3013 qui,
979 2932 1088 2995 utin·
1231 2930 1430 3013 Priusquam
1457 2937 1567 2995 autem
1593 2930 1635 2994 ad
1664 2929 1846 2996 doctrinam
1873 2934 1978 3016 ipsam
1998 2934 2111 2999 venia-

118 3017 220 3083 ducta
241 3016 319 3080 olim
337 3017 447 3093 missa,
469 3037 567 3099 quam
589 3024 718 3096 vocant,
741 3018 908 3098 impietate
930 3024 964 3081 et
984 3015 1087 3081 idolo·
1145 3037 1229 3095 mua,
1254 3037 1348 3082 voces
1367 3014 1525 3099 quaedam
1547 3016 1758 3098 explicandae
1779 3028 1865 3094 sunt,
1894 3039 1977 3101 quae
2000 3020 2033 3082 iu
2057 3040 2111 3084 ar·

114 3103 219 3167 latria
246 3121 365 3167 coenae
394 3124 489 3166 usum
516 3121 624 3251 daem
652 3101 845 3181 sustulerat,
873 3103 975 3169 itaet
998 3124 1087 3168 nune
1145 3103 1292 3185 gumenti
1325 3101 1424 3180 huius
1452 3103 1655 3181 tractatione,
1689 3124 1752 3167 usu
1786 3102 1927 3185 quodam
1962 3114 2110 3188 rcceptae

115 3188 272 3255 excitatis
295 3187 381 3254 circa
402 3187 493 3251 illam
538 3189 681 3252 octrinae
699 3186 843 3254 dissidiis
866 3189 900 3252 in
922 3195 1087 3272 contemp·
1145 3207 1216 3252 esse
1239 3187 1395 3264 videmus,
1409 3190 1433 3272 Ι)
1455 3195 1492 3251 nt
1508 3189 1582 3270 ipsa
1599 3186 1747 3253 doctrina
1763 3189 1889 3254 facilius
1900 3189 1941 3254 ab
1960 3192 2111 3256 omnibus

114 3283 287 3341 tumeam
309 3273 471 3339 adducere
492 3282 636 3339 conatur.
676 3272 851 3357 Quumque
872 3274 986 3338 multis
1007 3274 1087 3339 item
1144 3273 1285 3358 intelligi
1306 3273 1417 3356 possit
1440 3348 1441 3351 Ἴ
1469 3271 1578 3354 Quam
1606 3273 1726 3355 alioqui
1747 3273 1794 3339 ita
1814 3275 2019 3357 perspicuam
2042 3276 2111 3341 fore

114 3381 158 3427 ac
192 3358 403 3425 horribilibus
436 3360 595 3443 exemplis
627 3359 815 3439 doceamur,
849 3360 1040 3444 gravissime
1068 3379 1088 3423 a
1113 3387 1117 3490 ,
1144 3368 1314 3443 putamus,
1343 3369 1381 3422 ut
1408 3358 1470 3442 piis
1497 3359 1647 3423 omnibus
1674 3359 1733 3424 illa
1753 3360 1956 3424 satisfactum
1977 3361 2020 3425 iri
2042 3381 2109 3425 non

111 3448 194 3513 Deo
216 3445 326 3528 puniri
354 3454 578 3528 contemptum
605 3454 637 3510 et
667 3446 927 3529 profanationem
954 3465 1088 3511 suarum
1144 3444 1336 3510 dubitemus.
1387 3444 1555 3527 Imprimis
1583 3453 1692 3509 autem
1722 3465 1844 3509 nomen
1870 3447 1977 3528 ipsum
1999 3467 2109 3512 sacra·
2163 3502 2165 3508 ,

110 3532 380 3609 institutionum,
408 3532 567 3614 aquibus
596 3530 745 3614 equidem
771 3540 858 3597 recte
880 3531 1089 3614 legitimeque
1144 3531 1248 3596 menti
1276 3530 1506 3613 explicandum
1533 3537 1596 3609 est,
1625 3529 1710 3612 quod
1738 3532 1827 3597 varie
1857 3533 2110 3614 ascriptoribus

111 3615 333 3700 observandis
350 3615 508 3700 plurimas
519 3618 678 3695 ecclesias,
702 3625 770 3682 tam
791 3619 942 3682 missoria
958 3617 1016 3681 illa
1033 3638 1088 3682 su·
1143 3617 1179 3680 in
1201 3625 1313 3683 nostro
1335 3616 1396 3680 huc
1413 3626 1607 3700 argumento
1624 3635 1744 3682 coenae
1766 3614 1947 3682 dominicae
1961 3639 2109 3700 usurpa-

109 3703 312 3789 perstitione
334 3724 430 3785 quam
453 3705 546 3768 novis
567 3704 639 3768 istis
661 3702 825 3768 doctrinae
847 3702 998 3782 dissidiis,
1031 3703 1088 3768 ab·
1144 3710 1224 3781 tum,
1247 3724 1312 3767 nun
1335 3722 1469 3785 parvam
1498 3702 1587 3766 hisce
1613 3703 1710 3765 etiam
1740 3723 1827 3767 nuno
1855 3701 2021 3768 doctrinae
2043 3704 2109 3770 dis·

110 3791 237 3857 ductas
257 3788 357 3854 fluisse
384 3809 506 3873 magna
534 3797 694 3870 exparte
722 3788 886 3867 videmus,
915 3810 1088 3855 occurren·
1143 3788 1235 3854 sidiis
1265 3788 1466 3854 occasionem
1494 3786 1591 3852 dedit
1639 3786 1809 3869 Usurpant
1840 3787 1943 3872 igitur
1974 3787 2108 3871 quidam

109 3877 200 3944 dum
222 3875 276 3940 hic
286 3872 430 3940 Satanae
451 3874 619 3940 conatibus
638 3894 709 3940 esse
729 3881 897 3958 putamus:
920 3875 984 3954 vel,
1003 3873 1088 3957 quod
1143 3874 1338 3940 sacramenti
1359 3894 1477 3938 nomen
1500 3893 1559 3954 pro
1570 3874 1715 3938 externis
1738 3872 1898 3938 duntaxat
1918 3875 2015 3940 rebus
2033 3875 2107 3955 illis,

106 3962 151 4029 in
191 3960 285 4026 nobis
318 3969 382 4037 est,
420 3960 564 4027 ecclesiis
601 3960 674 4025 istis
712 3980 771 4042 pro
809 3967 922 4026 nostra
939 3967 942 3975 '
961 3959 1087 4046 virili')
1142 3979 1226 4041 quae
1247 3961 1416 4025 institutae
1437 3958 1617 4023 aDomino
1635 3980 1747 4024 sacrae
1764 3959 1856 4023 cuius
1864 3956 1892 4044 ²)
1914 3960 2032 4025 actioni
2050 3960 2107 4026 ad·

105 4067 241 4130 easque
267 4045 308 4111 ad
334 4047 526 4110 unanimem
553 4066 684 4110 rursum
718 4045 883 4112 doctrinae
915 4045 955 4111 de
987 4065 1088 4111 coena
1142 4044 1305 4125 hibentur,
1324 4053 1361 4109 ut
1382 4051 1432 4110 est
1453 4045 1489 4108 in
1508 4043 1668 4126 baptismo
1690 4064 1791 4126 aqna,
1820 4045 1856 4108 in
1886 4065 1988 4111 coena
2008 4067 2107 4128 pocu-

100 4130 256 4200 Domini
284 4152 478 4197 consensum
504 4152 745 4210 revocaremus,
773 4151 837 4215 quo
865 4129 1013 4214 equidem
1034 4132 1087 4195 in·
1141 4132 1210 4196 lum
1233 4139 1266 4196 et
1287 4131 1389 4214 panis.
1439 4126 1493 4194 Ad
1520 4129 1608 4194 hunc
1634 4130 1701 4193 fere
1722 4129 1855 4194 modum
1876 4140 2015 4214 usurpat
2035 4133 2106 4195 Au-

101 4222 218 4287 ducto
235 4217 329 4284 facile
350 4216 481 4282 demum
506 4224 595 4283 recta
616 4218 714 4282 etiam
736 4217 946 4301 legitimaque
967 4236 1086 4283 coenae
1140 4217 1292 4300 guatinas
1309 4217 1441 4300 passim,
1462 4215 1591 4279 etiamsi
1608 4215 1724 4281 alicubi
1736 4236 1972 4299 nonnunquam
1991 4218 2105 4295 variet,

93 4303 302 4375 observatio
323 4303 453 4368 restitui
474 4310 588 4386 potest
1141 4303 1348 4385 potissimum
1376 4311 1484 4367 autem
1511 4300 1568 4365 ubi
1590 4298 1707 4366 Iudam
1729 4321 1748 4365 e
1775 4322 1876 4366 manu
1898 4301 2031 4367 Domini
2052 4321 2105 4365 sa-

203 4387 383 4455 Doctrinae
402 4388 915 4472 pcrroconsensumita-demum
936 4389 1084 4454 omnium
1141 4396 1345 4454 uramentum
1367 4386 1497 4471 quidem
1520 4387 1690 4469 accepisse,
1719 4408 1789 4452 rem
1813 4407 1889 4453 vero
1911 4386 2106 4451 sacramenti

86 4475 298 4546 rectissime
321 4484 353 4540 et
373 4475 526 4540 facillime
553 4475 664 4541 induci
693 4495 788 4557 posse
815 4474 1026 4555 confidimus,
1056 4476 1083 4539 si
1138 4494 1207 4539 non
1227 4474 1447 4558 perrexisse⁸)
1469 4471 1570 4538 docet
1616 4472 1813 4538 altianum
1830 4473 2025 4538 sacramenti
2046 4492 2104 4537 no-

83 4578 175 4632 nos
198 4567 235 4625 et
257 4580 278 4626 a
297 4561 475 4644 papisticus
503 4560 742 4644 superstitionis
773 4561 973 4644 praestigiis,
1002 4568 1036 4626 et
1064 4581 1084 4626 a
1138 4580 1215 4625 men
1235 4581 1301 4625 non
1317 4579 1378 4642 pro
1399 4558 1544 4623 externis
1555 4556 1718 4623 duntaxat
1733 4559 1831 4624 rebus
1848 4557 1914 4621 illis
1931 4557 2103 4640 accipiunt,

79 4656 231 4717 nostra
256 4667 388 4711 rursum
416 4647 590 4713 securitate
618 4646 736 4726 nimia,
763 4666 846 4730 quae
872 4647 979 4712 omnis
1005 4665 1082 4710 con-
1138 4645 1196 4710 sad
1220 4665 1281 4729 pro
1308 4645 1382 4729 ipsa
1408 4643 1536 4710 actione
1564 4644 1748 4710 aDomino
1774 4643 1939 4720 instituta,
1969 4645 2021 4708 cui
2049 4662 2104 4708 res

77 4735 263 4816 temptas
279 4739 385 4797 mater
402 4740 461 4812 est,
475 4732 607 4799 'alienus
624 4755 695 4800 esse
712 4732 921 4800 declaremus.
956 4731 1083 4814 Nempe
1132 4730 1209 4796 illae
1232 4730 1428 4796 adhibentur
1448 4730 1542 4794 iuxta
1557 4727 1683 4798 Christi
1704 4729 1952 4796 institutionem.
1985 4727 2028 4792 In
2049 4749 2102 4795 ac·

73 4829 148 4887 ut
171 4824 321 4884 nostram
343 4817 384 4883 de
405 4837 506 4884 coena
522 4816 684 4885 dominica
706 4819 887 4885 doctrinam
909 4824 1009 4883 totam
1031 4818 1082 4881 in·
1407 4840 1409 4844 ·

63 4903 166 5038 dja
195 4909 289 4987 septa
322 4903 528 4988 evangelicae
562 4912 659 4988 atque
690 4905 885 4990 apostolieae
918 4902 1084 4970 doctrinae
1205 4952 1235 5018 1)
1255 4952 1318 5008 sic!
1350 4952 1514 5023 mmm,
1532 4952 1586 5007 m,
1606 4967 1674 5020 (Μ,
1691 4957 1825 5019 ,mm
1842 4948 1900 5003 aar
1915 4948 2045 5004 ,mm

136 5034 155 5039 ’·
170 5032 180 5035 ’
1205 5019 1237 5084 2)
1254 5020 1358 5077 taius?
1372 5017 1482 5078 cuiuis?

188 5090 217 5157 1)
236 5089 292 5147 Hie
308 5091 440 5148 scando
457 5090 660 5147 remearant.
1206 5087 1237 5157 d)
1254 5094 1419 5162 percepisse.
