4776 5844
219 242 305 315 521
987 232 1169 311 ulma
1192 229 1459 309 anuomulo
2169 240 2237 305 228

221 438 354 504 (15555
376 437 560 503 reverentia
582 445 640 513 est,
664 455 729 500 555
748 441 872 499 temere
891 432 945 500 vel
960 432 1198 499 inconsiderate
1250 431 1338 496 stine
1359 449 1527 514 sumptum
1550 439 1616 510 eet,
1644 432 1700 514 qui
1729 449 1800 495 rem
1827 429 1954 494 foedam
1982 429 2132 494 nominat
2160 451 2233 496 cor·

221 525 367 607 arripere
388 522 545 606 quidquid
568 520 692 599 dicunt,
709 527 747 584 ut
763 519 903 603 singulis
919 519 1054 585 vocibus
1075 526 1109 584 et
1130 518 1197 602 syl·
1250 516 1412 599 poraliter
1436 517 1532 582 edere
1559 516 1684 582 Christi
1711 534 1853 583 carnem.
1902 514 2125 598 Respondent,
2155 517 2235 600 quia

220 610 304 675 labie
326 630 381 674 eos
403 608 544 673 velimus
567 608 781 691 obstringere,
803 604 861 671 sed
888 605 1045 670 attentius
1075 625 1198 688 expen-
1252 603 1312 667 hoc
1333 604 1439 671 facere
1461 604 1557 668 iussit
1582 602 1750 680 Christus,
1773 600 1935 686 flagitium
1964 621 2032 666 555
2059 622 2141 668 esse.
2190 601 2232 669 Bi

220 693 297 760 dere
320 714 434 760 eorum
454 703 609 770 mentem,
641 703 676 757 ut
697 691 808 758 verbis
835 690 1003 767 commode
1032 691 1196 775 expositis,
1250 708 1328 753 vere
1349 697 1436 754 esset
1457 687 1642 767 antithesis,
1667 708 1726 752 vae
1747 687 1943 772 Augustino,
1972 691 2028 770 qui
2055 696 2149 753 tauta
2176 688 2234 754 in·

218 781 291 846 sine
319 779 542 845 controversia
568 778 806 862 amplectamur
840 778 1020 860 genuinum
1054 797 1196 841 sensum.
1250 775 1347 839 famia
1369 795 1468 840 ausus
1489 776 1605 840 fuisset
1624 774 1740 840 muudi
1768 773 1909 838 iudicem
1932 793 2112 857 aspergere.
2159 775 2231 841 Sed

219 863 332 947 Quare
354 865 453 930 nimis
475 873 626 949 proterve
655 864 860 929 mentiuntur
882 859 1196 947 Magdehurgenses,
1249 881 1349 943 quum
1372 869 1521 926 sanetum
1542 861 1637 926 illum
1659 861 1825 925 hominem
1847 880 1913 923 nou
1935 861 2045 925 minus
2065 859 2232 927 modestia

219 973 280 1016 nos
302 973 322 1016 a
344 950 476 1017 Christo
499 958 532 1014 et
551 949 705 1032 apostolis
726 968 903 1033 provocare
936 948 978 1013 ad
1005 949 1118 1014 tertios
1146 950 1197 1012 iu·
1248 967 1347 1029 quam
1369 947 1473 1029 pietas
1495 956 1528 1010 55
1555 945 1694 1011 eruditio
1721 944 1939 1023 commendet,
1968 946 2148 1013 videndum
2176 955 2232 1013 555

218 1037 316 1103 dices.
361 1037 477 1120 Itaque
499 1035 584 1100 nihil
606 1037 728 1100 mirum
750 1035 778 1100 si
807 1055 867 1099 sua
889 1034 1086 1100 scurrilitate
1114 1034 1197 1100 ebrii
1248 1053 1291 1096 an
1324 1031 1496 1097 Christum
1535 1034 1646 1098 fecerit
1683 1031 1814 1098 sceleris
1847 1039 1995 1096 autorem
2029 1037 2102 1111 [pag.
2137 1040 2228 1113 255]

218 1125 337 1206 probro
359 1145 393 1187 se
415 1131 590 1204 exponant,
613 1141 715 1204 quum
737 1120 850 1186 dieunt
871 1142 906 1185 se
924 1120 1093 1186 nobiscum
1116 1141 1196 1184 ven·
1249 1117 1320 1182 Imo
1354 1119 1432 1201 quia
1458 1118 1591 1185 ridebat
1618 1119 1736 1202 impios
1764 1125 1799 1182 et
1825 1118 1977 1200 profanos
2003 1117 2156 1184 homines
2183 1119 2230 1185 ad

218 1221 310 1274 tures
331 1214 405 1288 [pag.
424 1214 500 1288 255]
524 1206 565 1272 ad
587 1208 721 1271 tertium
743 1207 881 1272 miliare.
931 1207 1064 1290 Ergone
1093 1206 1196 1290 grati-
1248 1203 1446 1269 calumniam
1469 1225 1583 1287 rapere
1605 1203 1759 1288 quidquid
1788 1203 1877 1269 dictu
1904 1222 2057 1285 asperum
2083 1207 2230 1270 occurrit

218 1292 338 1360 ficandi
362 1293 454 1359 nobis
483 1315 581 1359 causa
608 1291 692 1358 hauc
721 1291 855 1359 Christo
880 1293 1038 1357 iniuriam
1066 1292 1194 1370 facient,
1247 1291 1283 1353 in
1305 1291 1492 1374 scripturis,
1517 1290 1634 1356 stultos
1660 1310 1739 1355 vero
1769 1289 1859 1354 55115
1888 1289 2007 1355 iudicio
2034 1298 2067 1356 et
2094 1290 2228 1358 delectu

219 1389 257 1445 ut
277 1380 391 1445 relicto
414 1381 483 1445 eius
501 1377 656 1443 tribunali
678 1399 868 1462 supremum
887 1376 1043 1443 iudicium
1060 1398 1196 1443 555555·
1248 1374 1348 1440 verba
1369 1397 1467 1460 saepe
1487 1377 1586 1442 nimis
1603 1376 1749 1460 praecise
1765 1396 1894 1459 urgere,
1920 1375 2051 1441 illorum
2077 1377 2227 1444 malitiae

218 1468 304 1531 tiaut
326 1464 445 1530 deferri
467 1463 681 1530 mortalibus?
725 1465 922 1530 Praefantur
943 1486 977 1529 se
1005 1475 1092 1529 stare
1114 1464 1194 1528 duo·
1247 1460 1376 1526 obviam
1398 1463 1446 1526 ire
1468 1461 1592 1539 volens,
1615 1470 1649 1527 et
1660 1462 1780 1526 horum
1800 1463 1904 1527 errori
1915 1462 2048 1539 mederi,
2071 1464 2227 1547 regulam

217 1551 278 1617 bus
299 1550 464 1634 prioribus
485 1549 627 1627 iudiciis,
654 1572 759 1633 neque
786 1570 935 1615 cessuros
964 1571 1118 1633 unquam,
1140 1551 1195 1615 vel
1246 1548 1439 1630 praescribit
1460 1567 1559 1613 sanae
1580 1548 1823 1631 intelligentiae.
1867 1548 1913 1612 Et
1938 1549 2015 1630 quia
2039 1549 2095 1614 ubi
2123 1549 2225 1616 Chri·

217 1638 246 1703 si
268 1637 378 1722 angeli
400 1637 552 1703 coelestes
563 1637 766 1702 eontrarium
777 1637 952 1701 adferrent.
997 1636 1071 1700 Non
1094 1635 1194 1701 debu·
1246 1641 1317 1698 stus
1339 1654 1470 1698 carnem
1491 1656 1583 1698 snam
1606 1633 1702 1699 edere
1720 1632 1819 1712 iubet,
1837 1634 1871 1697 in
1894 1655 1992 1699 seusu
2012 1634 2134 1700 literali
2152 1659 2223 1702 ma·

218 1733 316 1789 erunt
338 1732 457 1800 tamon,
487 1724 513 1787 si
543 1722 697 1787 videbant
723 1722 869 1788 tribunal
885 1721 980 1805 erigi
1007 1722 1195 1788 hominibus
1246 1719 1365 1784 niiesta
1385 1731 1470 1784 55555
1491 1719 1686 1797 absurditas,
1714 1720 1786 1783 ideo
1813 1720 2035 1801 loquutionem
2063 1741 2135 1786 esee
2164 1722 2224 1788 ad-

220 1807 263 1873 ad
281 1808 540 1874 labefactandam
563 1806 688 1873 Christi
710 1809 917 1884 sententiam,
945 1807 1061 1889 pedem
1089 1830 1193 1873 unum
1246 1816 1356 1870 monet
1382 1826 1449 1870 555
1478 1806 1659 1887 simplicem
1689 1805 1745 1870 sed
1774 1806 1961 1888 figuratam:
2007 1806 2099 1890 Ergo
2126 1817 2166 1873 55
2187 1833 2228 1875 55

216 1893 378 1979 progredi.
423 1895 495 1978 Ego
517 1915 595 1958 vere
618 1894 812 1977 sacrilegum
833 1892 919 1976 qued
937 1893 1082 1957 offerunt
1102 1895 1194 1960 obse·
1245 1891 1409 1975 explicent
1426 1890 1735 1975 Magdehurgeuses,
1754 1891 1818 1956 duo
1834 1888 2001 1973 probanda
2021 1903 2109 1972 sunt,
2121 1894 2222 1960 Chri-

217 1981 332 2063 quium
353 1979 492 2044 libenter
514 1980 593 2063 ipsis
614 1981 760 2045 remitto:
784 1979 862 2062 quia
883 1988 1014 2044 eentum
1035 1982 1193 2046 mortibus
1246 1985 1333 2041 stum
1361 1977 1472 2042 iubere
1500 1978 1709 2059 corporaliter
1735 1999 1867 2043 carnem
1903 1999 1996 2042 suam
2024 1979 2159 2062 comedi,
2189 1990 2223 2047 55

216 2066 325 2149 potius
347 2064 521 2130 sancienda
542 2075 592 2130 est
613 2065 707 2130 nobis
740 2064 865 2131 Christi
894 2067 1066 2144 autoritas,
1093 2087 1193 2148 quam
1245 2062 1285 2127 dc
1309 2062 1368 2129 hae
1388 2062 1545 2146 corporali
1568 2066 1765 2129 comestione
1786 2084 1851 2127 non
1874 2062 1963 2145 loqui
1981 2066 2220 2147 Augustinum.

217 2159 256 2218 55
288 2150 363 2217 51115
397 2152 568 2216 hominum
600 2151 729 2217 iudiciis
762 2150 865 2216 cedat.
897 2150 990 2216 Ι1155
1023 2172 1102 2216 vero
1131 2152 1193 2218 hoc
1330 2150 1507 2214 Tricesimo
1540 2170 1625 2213 nouo
1664 2151 1733 2215 loco
1770 2151 1917 2215 referunt
1952 2149 2040 2233 qued
2072 2174 2093 2216 a
2125 2155 2226 2221 nobis

261 2238 334 2315 tur,
358 2237 436 2302 dum
459 2238 608 2320 patribus
628 2236 786 2301 tribuitur
814 2238 1032 2320 interpretum
1063 2259 1190 2302 nomen.
1243 2236 1402 2317 scriptum
1431 2243 1495 2299 eet:
1552 2234 1664 2315 Quum
1698 2233 1836 2300 adversa
1868 2257 1944 2318 pars
1978 2235 2066 2302 dicat
2092 2237 2224 2306 Christi

250 2344 304 2388 am
326 2323 355 2388 si
377 2323 440 2387 hoc
461 2324 565 2388 officio
592 2323 695 2406 fungi,
726 2344 826 2405 supra
847 2322 1018 2388 Christum
1048 2323 1193 2389 iudicare
1244 2341 1360 2403 corpus
1383 2342 1468 2402 panc
1490 2320 1721 2404 comprehendi
1742 2342 1809 2386 non
1831 2344 1924 2387 secus
1946 2324 2121 2388 covinum
2144 2347 2224 2392 cau·

217 2409 281 2473 iliis
301 2420 360 2486 est,
383 2408 555 2472 maledicta
576 2411 643 2472 sint
663 2407 796 2473 illorum
817 2411 947 2490 scripta,
965 2430 1048 2489 quac
1066 2431 1193 2475 summo
1245 2406 1348 2484 thuro,
1371 2406 1468 2473 liceat
1488 2406 1605 2472 saltem
1624 2407 1717 2480 nobis
1729 2428 1855 2490 quoque
1866 2407 1992 2473 Christi
2010 2409 2111 2475 verba
2133 2433 2224 2477 com·

216 2493 278 2560 filii
310 2495 373 2558 Dei
405 2495 541 2576 imperio
575 2492 742 2577 derogant
801 2493 959 2559 Diffidere
998 2496 1125 2560 interea
1157 2517 1192 2561 se
1244 2490 1338 2556 mode
1360 2494 1569 2575 interpretari
1592 2497 1665 2571 [pag.
1686 2495 1771 2572 259]
1816 2493 1882 2560 Η15
1904 2515 1963 2559 555
1990 2505 2145 2561 55555555
2168 2519 2224 2564 55·

218 2589 343 2662 negant
374 2589 504 2662 patrum
537 2580 712 2663 suffragiis,
747 2587 779 2644 et
811 2590 921 2644 tamen
954 2580 1099 2663 phrasim
1128 2603 1192 2664 qua
1243 2577 1401 2657 lumniae,
1430 2580 1521 2662 quasi
1555 2601 1632 2643 vcro
1664 2599 1728 2643 uon
1761 2588 1892 2644 exstent
1922 2578 2006 2644 libri.
2056 2581 2130 2647 Etsi
2161 2605 2229 2669 ego

218 2673 359 2730 utuntur
390 2674 513 2748 patres,
547 2665 743 2730 concordare
769 2678 894 2750 negant
926 2665 1033 2731 verbis
1067 2665 1193 2734 Christi
1244 2666 1406 2728 neminem
1436 2666 1592 2743 insector,
1620 2664 1686 2728 imo
1713 2663 1774 2730 hcc
1802 2665 1969 2747 sepultum
1997 2688 2068 2731 esse
2096 2669 2224 2750 malim,

219 2756 293 2829 [pag.
312 2756 397 2830 256]
442 2751 534 2815 Beue
555 2759 666 2816 autem
687 2751 894 2835 5555551515,
922 2751 1008 2834 quod
1035 2751 1191 2817 iudicium
1243 2771 1342 2832 quam
1364 2752 1459 2815 novis
1481 2751 1602 2834 pugnis
1624 2752 1797 2816 materiam
1811 2752 1983 2834 praebere,
2013 2774 2078 2817 555
2108 2763 2223 2822 tarum

217 2836 370 2901 deferunt
391 2835 568 2918 quadrimis
590 2837 709 2920 pueris.
753 2837 840 2903 Nam
861 2838 889 2902 si
900 2846 1074 2920 septennes
1095 2839 1193 2903 adro·
1243 2835 1377 2901 anobis
1397 2837 1534 2902 conficta
1556 2843 1606 2901 est
1627 2835 1822 2902 similitudo:
1851 2835 1908 2902 sed
1937 2839 2013 2921 quia
2037 2839 2229 2921 plausibilis

218 2929 355 2998 cessent,
384 2922 478 2987 155115
505 2930 675 3005 perspecta
703 2922 744 2988 ab
770 2924 851 3006 ipsis
879 2924 995 2989 fuisset
1020 2925 1192 3007 nugatoria
1243 2920 1434 3003 quibusdam
1468 2943 1582 2987 eorum
1616 2922 1803 2999 videbatur,
1835 2922 1944 3005 palarn
1984 2924 2025 2989 ab
2056 2927 2139 3009 ipsis
2173 2939 2225 2993 est

217 3008 282 3072 ista
302 3007 429 3073 levitas.
473 3008 513 3072 Ι5
544 3008 604 3073 hoc
632 3009 806 3074 verborum
831 3009 954 3075 tinnitu
976 3019 1095 3074 neutra
1115 3030 1192 3092 pars
1241 3006 1378 3090 prodita.
1442 3010 1444 3013 ’

218 3094 271 3160 hic
293 3094 488 3159 diverticula
498 3104 641 3175 quaerat,
652 3095 709 3159 sed
720 3092 863 3179 deponat
884 3105 918 3160 et
928 3096 1074 3161 conferat
1090 3096 1193 3161 verba
1329 3092 1627 3178 Quadragcsimum
1650 3101 1890 3179 argumentum,
1919 3104 1957 3159 ut
1984 3097 2024 3161 ab
2052 3097 2136 3180 ipsis
2163 3120 2223 3184 po-

216 3179 342 3245 Christi
364 3187 397 3244 et
416 3179 637 3263 apostolorum
659 3202 701 3244 ex
721 3202 797 3259 una,
842 3189 950 3245 atrum
967 3182 1068 3247 verba
1085 3203 1127 3246 ex
1144 3181 1192 3246 al·
1243 3179 1344 3245 situm
1362 3193 1420 3255 est,
1439 3179 1614 3245 claudicat:
1634 3180 1787 3246 Christus
1804 3189 1988 3246 revertetur
2005 3182 2046 3247 ad
2065 3183 2227 3250 ultimum

217 3275 290 3331 tera
311 3275 415 3350 parte,
438 3265 500 3330 hoc
522 3265 630 3330 modo:
644 3266 798 3332 Christus
809 3201 908 3346 dicit3
928 3268 989 3331 hoe
1008 3276 1058 3332 est
1075 3287 1192 3351 corpus
1243 3265 1409 3343 iudicium,
1433 3265 1529 3332 sicuti
1555 3267 1645 3332 visus
1662 3275 1713 3332 eet
1734 3264 1923 3331 ascenderet
1946 3288 2023 3351 erge
2036 3288 2105 3333 555
2128 3270 2225 3336 adest

216 3372 336 3429 meum,
360 3361 392 3416 et
413 3351 501 3416 idem
528 3352 675 3417 referunt
702 3353 855 3435 apostoli:
884 3363 995 3435 patres
1025 3354 1193 3419 affirmant
1244 3352 1455 3434 corporaliter
1476 3353 1632 3418 incoena.
1677 3351 1891 3418 Plenumhoc
1912 3352 2008 3418 modo
2025 3356 2102 3419 erit:
2126 3356 2225 3422 Idem

216 3459 336 3520 panem
358 3457 429 3503 esee
452 3457 577 3520 corpus.
623 3439 746 3503 Divina
763 3459 846 3521 puer
854 3438 1033 3520 quadrimo,
1052 3461 1095 3513 55
1118 3461 1192 3521 pro·
1244 3436 1405 3515 Christus,
1428 3438 1483 3520 qui
1507 3438 1547 3503 ab
1569 3436 1737 3502 hominum
1760 3447 1934 3520 conspectu
1962 3438 2109 3506 sublatus
2132 3446 2222 3507 etin

217 3523 269 3588 551
292 3525 379 3588 inter
401 3546 437 3588 sc
459 3523 521 3588 hae
542 3523 747 3605 loquutiones
768 3522 913 3589 distent?
963 3525 1094 3590 Rursus
1115 3546 1192 3591 eon·
1244 3523 1369 3588 coelum
1390 3532 1541 3606 receptus
1561 3530 1619 3602 cst,
1641 3524 1688 3589 sie
1711 3524 1821 3589 veniet
1837 3525 2110 3605 quemadmodum
2128 3529 2227 3594 visus

217 3612 279 3673 l'er:
301 3608 453 3674 Christus
476 3608 568 3675 dicit:
604 3609 677 3673 Η55
704 3617 754 3675 555
783 3629 901 3692 corpus
928 3632 1053 3675 meum:
1081 3622 1192 3695 patres
1244 3615 1294 3674 est
1316 3608 1501 3686 ascendere,
1524 3617 1607 3673 teste
1629 3610 1755 3693 angelo,
1777 3618 1811 3673 et
1833 3632 1851 3674 e
1873 3610 1960 3675 coelo
1978 3613 2223 3695 exspectandus

218 3693 383 3758 affirmant
402 3717 520 3778 panem
543 3717 613 3761 esse
635 3695 829 3779 symbolum,
849 3697 980 3778 siguum
998 3703 1032 3760 et
1052 3698 1193 3780 figuram
1244 3705 1295 3760 est
1316 3692 1509 3777 redemptor,
1533 3694 1638 3760 Paulo
1660 3704 1761 3760 teste:
1784 3714 1862 3779 ergo
1890 3698 2103 3778 corporaliter
2131 3722 2226 3767 nunc

217 3779 369 3861 corporis.
424 3781 551 3846 Iterum
583 3802 665 3864 puer
698 3780 875 3864 quadrimo¹
899 3780 1020 3861 iudica,
1054 3803 1096 3847 an
1130 3783 1193 3848 hae
1243 3783 1279 3844 iu
1310 3780 1408 3844 terris
1442 3800 1509 3844 non
1540 3788 1599 3846 est.
1669 3781 1886 3864 Respondent
1916 3781 2222 3869 Magdeburgenses

217 3864 355 3948 phrases
377 3866 545 3948 quadrent.
588 3866 689 3932 Certe
711 3869 739 3933 ei
761 3867 848 3932 seria
868 3867 904 3931 in
932 3887 1045 3932 eorum
1075 3869 1193 3933 animis
1244 3874 1420 3932 venturum
1441 3866 1547 3931 forma
1568 3866 1697 3933 risibili.
1744 3867 1847 3950 Atqui
1866 3866 2030 3934 distinctio
2058 3870 2141 3937 haec
2163 3894 2222 3937 ue-

216 3950 344 4032 vigeret
364 3951 489 4035 religio,
510 3953 569 4018 vix
591 3951 633 4017 ad
653 3952 797 4036 pueriles
816 3952 897 4017 istas
914 3953 1054 4035 ineptiae
1071 3953 1194 4037 delapsi
1244 3973 1308 4036 que
1338 3951 1375 4016 in
1406 3952 1514 4030 Pauli,
1548 3972 1654 4036 neque
1688 3952 1797 4037 angeli
1834 3953 1943 4019 verbis
1973 3956 2155 4038 reperitur:
2188 3965 2223 4022 et

217 4042 334 4101 essent.
383 4036 501 4102 Patres
532 4037 698 4103 interdurn
725 4040 760 4104 in
787 4039 849 4103 hoc
874 4040 1033 4122 mysterio
1060 4038 1193 4104 modum
1244 4047 1355 4103 tamen
1388 4037 1470 4102 nihil
1503 4038 1610 4123 magis
1640 4048 1896 4106 consentaneum
1929 4044 2003 4120 [pag.
2038 4047 2115 4122 265]
2148 4045 2226 4123 fuit,

216 4119 372 4204 loquendi
401 4122 542 4188 retinent
575 4146 596 4189 a
628 4123 762 4191 Christo
795 4133 974 4208 acceptum,
1007 4125 1105 4190 sicuti
1136 4126 1192 4190 ubi
1244 4146 1343 4208 quam
1364 4123 1479 4190 subiici
1500 4125 1753 4190 consolationem
1765 4124 1805 4189 de
1825 4124 1984 4191 invisibili
1994 4128 2103 4193 carnis
2125 4149 2222 4211 prae·

217 4205 392 4274 asserenda
408 4217 459 4271 est
476 4207 640 4274 doctrinae
656 4212 820 4289 maiestas,
838 4210 976 4275 citamus
993 4209 1034 4275 ad
1053 4212 1192 4277 verbum
1244 4211 1359 4286 sentia,
1382 4210 1410 4275 si
1432 4231 1496 4292 qua
1514 4221 1612 4277 essct:
1634 4219 1668 4276 et
1688 4233 1790 4294 quum
1812 4209 1852 4275 de
1874 4211 2008 4276 Christo
2029 4213 2229 4296 simpliciter

127 4285 131 4295 ’
216 4293 590 4377 5551555555[555.257]
614 4296 1193 4380 5555155515,551555ι55551)555ι·5
1244 4296 1385 4362 habetur
1407 4317 1523 4375 sermo,
1553 4298 1645 4363 cuius
1672 4296 1824 4362 licentiae
1853 4305 1904 4362 cst
1930 4296 2092 4364 visibilem
2122 4302 2223 4367 simul

216 4385 328 4464 posset
348 4399 419 4444 esso
436 4377 588 4457 brevitas,
607 4382 734 4462 quoties
750 4384 797 4448 ita
813 4382 958 4463 postulat
974 4383 1107 4459 occasio,
1126 4405 1195 4448 non
1243 4391 1277 4448 et
1295 4381 1699 4468 invisibilcmimagiuari?
1732 4384 1835 4449 Porro
1853 4403 1917 4465 555
1934 4404 2033 4449 sensu
2051 4384 2224 4470 discipulis

217 4465 375 4531 omittunt
401 4471 511 4548 partes
535 4466 758 4549 interpretum.
809 4469 899 4535 Hinc
925 4467 1052 4552 plenior
1077 4469 1135 4533 illa
1160 4476 1194 4534 et
1245 4490 1281 4535 sc
1302 4487 1433 4550 semper
1454 4466 1644 4534 adiuturum
1665 4470 1844 4553 promittat,
1863 4468 1940 4534 alibi
1963 4491 2004 4535 ex
2023 4470 2134 4537 verbis
2151 4477 2224 4540 Au-

216 4552 322 4636 magis
344 4550 515 4617 enucleata
536 4549 692 4632 loquutic:
726 4554 805 4637 quia
830 4555 925 4638 panis
954 4562 1194 4620 sacramentum
1245 4553 1371 4638 gustini
1393 4556 1539 4636 exposui.
1590 4554 1790 4639 Quanquam
1817 4554 1920 4620 verba
1944 4556 2051 4639 magis
2078 4557 2223 4627 dilucida

216 4646 270 4704 est
290 4638 443 4720 corporis,
472 4635 710 4719 quodammodo
731 4661 802 4705 esse
824 4659 951 4723 corpus.
1004 4639 1093 4720 Quid
1118 4662 1193 4706 sen·
1244 4648 1330 4717 suut,
1353 4659 1451 4722 qnam
1478 4650 1516 4705 ut
1544 4643 1716 4725 requirant
1738 4642 1960 4723 interpretem.
2016 4641 2106 4723 Quid
2133 4647 2225 4711 enim

217 4725 321 4788 serint
342 4723 370 4788 si
391 4723 577 4807 ambigitur,
600 4744 642 4787 ex
663 4725 834 4790 concisane
856 4727 1056 4804 recitatione,
1085 4747 1128 4792 an
1150 4747 1193 4791 ex
1244 4727 1349 4810 magis
1371 4734 1616 4809 praeposterum
1638 4735 1697 4806 est,
1720 4747 1817 4810 quarn
1839 4727 1924 4810 quod
1947 4726 1987 4794 de
2008 4731 2132 4812 gratia,
2154 4733 2223 4798 vir·

217 4808 328 4874 addita
347 4810 420 4875 lucc
430 4809 707 4891 interpretationis
727 4810 884 4875 iudicium
902 4813 973 4877 fieri
996 4811 1190 4878 conveniet?
1244 4819 1316 4876 tute
1349 4821 1382 4876 55
1413 4812 1535 4879 auxilio
1566 4812 1786 4896 praedicatur,
1826 4813 1868 4880 ad
1900 4816 2007 4880 carnis
2044 4818 2226 4884 essentiam

218 4891 294 4975 Qua
314 4897 420 4960 fronte
439 4895 541 4979 igitur
550 4893 851 4980 Magdeburgenses
872 4896 966 4962 verbi
981 4898 1081 4965 unius
1098 4919 1192 4982 prae·
1244 4897 1380 4981 rapere?

217 4986 311 5045 textu
332 4979 510 5047 dilucidum
531 5002 715 5047 sermonem
742 4988 777 5047 et
803 4979 994 5049 (1115551555
1013 4984 1203 5069 55555155·
1330 4982 1626 5068 Quadragesimum
1637 4986 1782 5069 primurn
1792 4993 2026 5070 argumentum
2045 4995 2111 5054 est:
2124 4988 2223 5056 Chri·

216 5064 281 5129 sim
299 5067 495 5133 obscurant?
1244 5078 1334 5136 stum
1354 5068 1547 5153 Stephanus
1568 5070 1715 5137 videtin
1737 5069 1826 5138 coelo
1848 5070 2030 5138 sedentem:
2054 5094 2135 5159 ergo
2156 5098 2226 5141 555

304 5152 518 5218 Tricesimum
546 5161 698 5221 ceterum
732 5161 965 5238 argumentum
1001 5176 1043 5220 ex
1077 5157 1193 5240 Augu·
1244 5155 1371 5222 habitat
1391 5155 1602 5240 corporaliter
1622 5158 1657 5223 in
1679 5166 1777 5223 terra
1821 5158 2002 5242 Excipiunt
2022 5159 2228 5245 Magdehur-
