4620 5828
157 257 218 319 491

156 440 284 523 perient
304 437 375 503 sani
392 443 427 504 et
447 437 584 503 modesti
605 435 743 503 lectores
760 436 794 501 in
811 456 877 501 uuo
894 432 1129 499 commentario

156 525 213 608 qui
234 522 316 589 falso
336 523 526 589 inscribitur
543 521 637 606 Opus
658 523 885 605 imperfectum
899 519 1129 668 Chrpsestemi

156 611 192 674 in
215 608 436 685 Matthaeum,
464 629 562 690 quam
590 608 625 672 in
648 615 716 673 tota
736 605 933 672 Damasccui
955 619 969 670 t
993 605 1128 688 eclogia.

156 695 218 760 Ille
240 704 359 772 autem,
382 695 528 777 quisquis
549 694 647 758 fuerit
666 694 813 778 scriptor,
835 704 947 776 aperte
967 691 1046 756 dicit
1066 690 1129 753 mi-

156 781 290 847 nisterio
322 789 451 844 tantum
483 801 601 862 corpus
634 779 761 848 Christi
793 778 887 843 nebia
919 776 1000 842 dari.
1056 775 1129 841 Hoc

157 878 268 932 autern
295 865 438 930 breviter
467 867 628 949 attingere
658 869 732 944 [pag.
749 868 810 944 oo]
846 862 950 940 volui,
983 882 1025 926 ne
1056 860 1129 943 quis

156 950 337 1018 liberaliter
359 951 561 1016 Heshusium
584 952 689 1017 facere
711 959 855 1032 putaret,
878 948 957 1012 dum
980 967 1128 1032 supersc-

158 1038 213 1102 dct
230 1037 427 1103 Damasccni
449 1037 612 1121 suffragio.
647 1035 743 1117 Quod
763 1035 965 1101 Clementem
984 1033 1129 1097 Alexan-

158 1123 289 1189 drinum
307 1122 530 1206 etOrigencm
549 1120 707 1206 repudiat,
729 1121 776 1186 sic
794 1119 944 1197 cencede,
962 1127 1001 1182 ut
1019 1131 1129 1183 tamen

157 1209 369 1278 meminerint
389 1208 525 1273 lectores
547 1229 630 1290 eum¹
643 1229 702 1290 pro
721 1205 854 1271 arbitrio
876 1227 918 1270 ex
935 1204 1129 1286 antiquitate

158 1297 300 1380 deligere
322 1296 402 1378 quos
425 1291 515 1359 ridet
536 1294 596 1360 sibi
618 1295 685 1359 lore
707 1289 901 1358 commodos.
944 1289 1066 1372 Incipit
1088 1289 1128 1353 ab

157 1383 302 1468 Ignati0:
336 1380 429 1446 cuius
464 1380 589 1443 utinam
622 1384 792 1444 exstarent
818 1378 954 1458 scripta,
973 1397 1030 1467 unc
1058 1375 1129 1440 cius

157 1468 290 1535 nomine
311 1464 449 1532 subinde
471 1465 578 1529 fucum
602 1465 747 1531 facerent
767 1464 969 1545 impostores,
992 1472 1029 1524 ut
1052 1457 1128 1526 Ser·

158 1565 259 1621 vetus
283 1562 317 1617 et
338 1550 534 1616 Hcshusius.
579 1549 673 1632 Quae
700 1551 786 1615 euim
815 1550 879 1612 ista
907 1555 958 1611 est
979 1546 1129 1629 ingenui-

158 1653 233 1728 tas,
252 1636 420 1721 epistolam
449 1636 549 1701 citare
577 1658 676 1719 quam
696 1636 755 1723 ris
778 1635 948 1718 gregarius
970 1631 1128 1714 quispiam

158 1725 339 1791 monachus
360 1743 419 1804 pro
441 1743 501 1786 sua
522 1743 697 1805 agnoscere
719 1717 894 1803 dignetur?
935 1714 1053 1783 Sciunt
1075 1718 1129 1799 qui

158 1813 310 1895 legerunt
327 1829 432 1891 nugas
452 1807 531 1886 illas,
552 1821 678 1873 tantum
698 1806 738 1870 de
756 1803 1129 1888 quadmgesima,chris·

74 1898 76 1901 ’
159 1911 264 1973 mate,
293 1894 523 1970 luminaribus,
551 1890 825 1977 quadragesimali
853 1889 989 1967 ieiuuio,
1016 1888 1129 1952 diebus

159 1984 249 2049 festis
279 1980 420 2057 narrari,
449 2000 532 2061 quae
560 1978 724 2061 aliquanto
754 1986 826 2060 post
846 1975 967 2058 Ignatii
990 1986 1127 2038 mertem

159 2067 388 2150 superstitione
416 2080 449 2130 et
477 2065 605 2130 inscitia
633 2064 787 2146 obrepere
810 2069 996 2143 cooperunt.
1040 2057 1127 2139 Quid

158 2164 269 2219 tamen
287 2148 422 2217 fictitius
439 2150 494 2215 illc
513 2148 682 2234 Ignatius?
715 2148 802 2213 Dicit
821 2145 977 2228 quosdam
995 2165 1126 2210 coenatu

158 2241 292 2306 relicere
309 2247 343 2301 ct
359 2236 546 2313 oblationes,
565 2235 649 2317 qued
668 2244 790 2319 negent
808 2232 1036 2298 cucharistiam
1059 2250 1129 2295 osse

160 2345 293 2392 carnem
314 2321 438 2388 Christi
461 2343 542 2403 quae
566 2343 624 2403 pro
646 2321 739 2385 nobis
761 2319 916 2385 crucifixa
937 2329 996 2382 est.
1041 2315 1128 2396 Quid

160 2423 271 2476 autern
292 2406 385 2472 nobis
407 2410 578 2472 commune
605 2406 657 2472 rel
680 2406 777 2476 alfiae
805 2425 878 2470 cum
901 2403 967 2466 illis
988 2402 1129 2468 hacreti-

160 2499 215 2573 cis,
234 2495 289 2577 qui
310 2492 541 2559 cucharistiam
560 2504 749 2557 reverenter
766 2490 911 2566 colimus,
934 2488 969 2551 in
987 2509 1050 2571 qua
1067 2489 1130 2553 sei-

160 2602 234 2647 mus
253 2579 379 2644 Christi
401 2599 532 2644 carnem
556 2576 647 2642 nobis
668 2575 825 2642 edendam
849 2573 939 2638 dari?
984 2572 1051 2640 Sed
1073 2594 1130 2637 cr·

160 2666 271 2749 cipiet:
305 2662 547 2730 Eucharistiam
581 2663 689 2729 vocari
722 2682 861 2727 carnem.
912 2660 1038 2742 Nempe
1070 2659 1130 2723 im-

159 2752 309 2836 proprie,
352 2751 415 2814 nisi
449 2749 569 2815 elattsis
601 2747 705 2814 oculis
737 2749 771 2812 iu
803 2746 939 2810 meridie
971 2745 1131 2825 caecutire

159 2837 268 2903 libeat
318 2836 404 2900 Nam
432 2835 485 2900 vel
514 2835 553 2899 dc
581 2835 710 2901 actione
737 2835 807 2916 ipsa
839 2833 981 2897 sumitur
1013 2851 1131 2894 nemea

161 2921 392 2999 eucharistiae,
439 2920 491 2986 vel
530 2920 570 2986 de
608 2930 748 3002 utraque
795 2930 888 3001 parte
927 2916 1131 2996 sacramenti.

160 3007 334 3077 Utrumvis
352 3005 555 3090 respondeas,
577 3005 673 3071 litera
695 3012 781 3070 certe
803 3001 950 3087 urgenda
970 3024 1036 3067 non
1060 3002 1130 3066 erit.

245 3094 301 3159 Ne
325 3114 404 3158 vero
425 3092 556 3174 saepius
586 3091 741 3157 cavillum
770 3090 829 3155 hec
853 3089 977 3153 diluere
1000 3107 1131 3153 necesse

162 3180 214 3258 sit,
234 3180 334 3244 semel
346 3188 502 3243 testatum
522 3178 573 3253 sit,
592 3199 651 3243 nos
662 3176 702 3241 de
714 3175 841 3241 usitatis
852 3170 1004 3257 loquendi
1022 3174 1133 3238 ferinis

160 3267 253 3331 litem
277 3287 340 3329 oon
362 3284 502 3329 merere.
536 3265 659 3329 Panem
685 3261 888 3327 benedictum
913 3277 1038 3325 veteres
1059 3280 1131 3342 pas·

161 3353 223 3418 sim
249 3353 421 3415 nominant
448 3370 564 3433 corpus
585 3349 719 3414 Christi.
765 3349 834 3412 Cur
863 3348 950 3412 enim
978 3345 1044 3410 illis
1066 3365 1131 3409 nou

161 3437 274 3504 liceret
296 3437 499 3520 mrigenitum
522 3434 585 3501 Dei
608 3435 710 3498 lilium
733 3434 871 3509 imitari,
894 3453 935 3496 cx
958 3432 1052 3496 euius
1075 3453 1131 3494 ere

161 3546 221 3588 nos
245 3522 385 3605 pendero
406 3532 440 3586 et
462 3541 576 3603 sapere
598 3519 745 3604 eportet?
779 3516 846 3583 Sed
865 3522 939 3596 [pag.
953 3523 1006 3598 51]
1029 3539 1130 3599 quau·

162 3619 234 3673 tum
259 3608 318 3673 ltuc
336 3628 355 3672 a
372 3608 508 3673 barbare
528 3618 710 3673 commento
731 3603 840 3679 distat,
864 3625 979 3686 paucm
1004 3603 1132 3685 proprie

163 3715 234 3758 esse
256 3713 387 3775 corpus,
415 3705 453 3757 ut
474 3693 540 3758 illie
562 3690 772 3773 corporaliter
794 3689 930 3765 edatur?
974 3689 1130 3753 Eiusdem

163 3788 214 3843 est
236 3780 414 3859 probitatis,
437 3778 521 3862 quod
545 3798 602 3842 uos
625 3776 829 3842 Messaliauis
851 3789 885 3839 et
907 3775 1132 3839 Enthusiastis

164 3875 335 3947 aggregat,
363 3863 420 3946 qui
444 3863 606 3947 negabant
627 3862 803 3945 quithuam
826 3860 978 3943 prodesse
1002 3860 1051 3924 rel
1075 3883 1130 3923 uo·

163 3970 238 4015 ecre
259 3970 369 4014 sacrae
391 3970 509 4015 coenae
531 3971 635 4015 ustttn.
680 3947 784 4030 Quasi
813 3970 875 4011 nott
899 3946 1001 4011 multe
1023 3946 1131 4027 splen-

164 4033 271 4099 didius
299 4034 339 4097 dc
369 4035 466 4099 huius
494 4036 641 4118 mysterii
669 4034 809 4098 utilitate
841 4034 882 4099 ab
909 4034 1001 4096 initio
1031 4032 1128 4096 ‹lisse-

163 4120 285 4185 rucrim
309 4140 405 4201 qaam
425 4130 493 4183 tota
514 4121 594 4186 hacc
615 4130 755 4189 caterua.
778 4140 861 4202 quac
884 4121 918 4182 iu
941 4140 992 4184 me
1014 4118 1131 4182 intem·

163 4220 315 4290 peratttcr
338 4204 523 4269 bacchando
539 4212 562 4288 ¹)
585 4206 822 4271 tutatum-bem
846 4204 1038 4270 conturbat?
1061 4206 1132 4271 Ittte

164 4312 317 4377 quorsum
341 4291 491 4353 instituta
512 4290 555 4355 sit
575 4314 690 4370 coena,
717 4302 750 4356 et
771 4313 864 4374 quem
889 4293 1032 4356 fructum
1054 4293 1132 4356 affe·

164 4388 218 4444 rat
240 4374 403 4452 fidelibus,
431 4375 533 4440 altum
556 4378 640 4458 apud
664 4399 719 4442 eos
741 4378 906 4442 siletttittm
932 4378 1005 4454 luit,
1032 4377 1133 4444 detrec

164 4463 343 4528 multorum
366 4461 493 4545 piorum
516 4464 670 4527 conviciis·
701 4463 761 4532 hoe
783 4452 913 4527 taudem
938 4462 1001 4527 illis
1024 4475 1132 4528 extor-

165 4561 236 4613 tum
258 4561 315 4623 est,
338 4560 377 4610 ut
397 4543 521 4628 aliquid
543 4569 561 4611 c
583 4549 712 4630 scriptis
735 4550 814 4615 meis
837 4562 1061 4630 excerperent:
1092 4572 1134 4613 nc

165 4656 293 4717 semper·
315 4634 380 4698 illis
402 4632 548 4698 odiosum
572 4646 657 4698 essct
678 4636 880 4716 supprimere
902 4634 987 4716 quod
1012 4634 1133 4716 praeci·

165 4741 267 4803 prtum
295 4730 374 4784 erat.
437 4717 524 4800 Quin
554 4734 587 4782 et
613 4718 863 4785 Sttetthl'eldittttt
892 4721 985 4784 uobis
1012 4722 1132 4784 socium

166 4806 345 4890 adiungere
375 4827 440 4870 nen
469 4803 614 4885 dubitat
649 4802 736 4884 Quid
759 4807 967 4871 immerentes
992 4807 1135 4889 hospites

166 4911 269 4958 textu
298 4890 402 4971 canis,
432 4891 571 4975 ignarus
599 4888 756 4954 adversus
783 4892 896 4976 lupos?
941 4891 1052 4974 Quum
1076 4913 1135 4957 suo

237 5161 266 5228 l)
284 5179 318 5219 eu
335 5165 516 5236 debagoalant
533 5170 624 5220 contre
642 5177 705 5232 moy
721 5160 914 5217 furlemrmcnt
930 5179 975 5219 ses
992 5165 1098 5245 inlares.
1137 5230 1139 5233 .

843 248 908 314 Da
929 247 1059 315 ruah
1077 234 1468 318 PaarttaPAtuIONE

2093 249 2154 312 tat

1181 457 1307 502 veneno
1335 436 1548 504 Germaniam
1576 436 1726 504 inficeret
1753 433 2002 514 Suenhleldius,
2037 435 2155 502 acriter

1181 522 1375 600 restitimus,
1404 532 1442 587 ut
1469 544 1527 587 nos
1554 523 1699 605 pessime
1722 523 1869 587 omnium
1891 519 2005 588 oderit
2049 519 2154 609 Nunc,

1182 608 1210 672 si
1237 607 1404 673 Heshusio
1432 607 1601 685 credatur,
1633 609 1729 672 illum
1762 607 1913 672 aluimus
1962 608 2035 672 Iam
2068 605 2157 688 quod

1181 694 1281 776 impio
1291 693 1434 773 Nestorii
1453 693 1568 763 delirio
1586 715 1646 759 nos
1663 693 1812 773 involuit,
1831 691 1909 776 quid
1931 692 2155 776 respondeam,

1181 779 1245 845 nisi
1260 787 1335 848 tam
1357 778 1541 862 improbum
1561 780 1813 846 conviciatorem
1839 799 1899 850 sua
1927 777 2155 844 maledicentia

1181 873 1297 948 sponte
1318 864 1510 931 concidere?
2009 864 2012 870 '

1267 950 1445 1016 Descendit
1467 957 1579 1032 postea
1599 949 1641 1015 ad
1663 949 1828 1016 Iustinum
1847 950 2040 1036 Martyrum,
2062 949 2155 1015 cuius

1181 1036 1390 1114 autoritatem
1419 1037 1560 1101 libenter
1581 1038 1694 1120 magui
1716 1036 1789 1102 fieri
1820 1037 1934 1119 patior.
1978 1035 2047 1101 Sed
2077 1033 2155 1117 quid

1182 1121 1238 1186 ille
1264 1122 1352 1204 qued
1380 1142 1513 1188 causam
1541 1131 1688 1187 nostram
1711 1121 1855 1200 laudati,
1887 1123 1978 1188 Dicit
1990 1122 2014 1206 Ι)
2037 1141 2155 1205 panem

1182 1213 1300 1274 coenae
1329 1228 1395 1272 non
1423 1228 1495 1272 esse
1527 1229 1741 1273 communem.
1797 1209 1923 1290 Nempe
1955 1208 2033 1289 quia
2064 1207 2155 1290 prius

1182 1303 1378 1377 exposuerat
1400 1314 1466 1357 nen
1489 1291 1618 1358 admitti
1639 1294 1680 1371 ad
1699 1295 1767 1360 eius
1785 1295 2068 1377 participationem
2091 1290 2155 1358 uisi

1182 1382 1236 1460 qui
1265 1379 1426 1463 baptismo
1454 1378 1557 1444 abluti
1586 1391 1620 1443 et
1645 1379 1854 1464 evangelium
1881 1378 2024 1462 amplexi
2051 1387 2153 1443 erant

1183 1465 1331 1548 Longius
1361 1464 1478 1529 deinde
1507 1462 1725 1548 pregreditur.
1770 1463 1878 1530 Sicuti
1898 1463 2050 1530 Christus
2080 1484 2154 1530 caro

1182 1552 1286 1616 iactus
1308 1559 1367 1624 est,
1389 1551 1435 1615 ita
1456 1561 1489 1614 et
1510 1550 1703 1617 alimentum
1725 1550 1811 1633 qued
1835 1551 1934 1616 verbo
1956 1549 2155 1633 precationis

1182 1635 1222 1701 ab
1256 1636 1324 1722 ipso
1357 1635 1561 1701 benedictum
1595 1646 1661 1714 est,
1693 1645 1725 1701 et
1758 1657 1822 1718 quc
1849 1637 1985 1720 sanguia
2014 1645 2048 1700 et
2081 1657 2154 1701 earo

1183 1734 1294 1786 nestra
1324 1742 1381 1803 per
1410 1722 1716 1786 transmutationem
1743 1721 1886 1800 aluntur,
1907 1723 2011 1804 ipsius
2031 1721 2155 1786 Christi

1181 1815 1253 1886 [pag.
1277 1812 1329 1886 52]
1358 1828 1491 1872 earnem
1518 1817 1551 1871 ct
1577 1809 1771 1891 sanguinem
1800 1829 1872 1893 esse
1899 1808 2002 1873 edocti
2031 1829 2153 1874 sumus.

1181 1893 1390 1975 Comparatio
1424 1892 1581 1975 mysticae
1614 1893 1849 1970 benedict-iouis
1881 1893 1915 1958 in
1947 1915 2049 1959 coena
2080 1914 2155 1958 eum

1181 1979 1402 2043 incarnatione
1424 1977 1549 2044 Christi
1571 1979 1735 2044 Hesbttsio
1770 1979 1899 2043 ridetur
1921 1979 1961 2043 ad
1985 1980 2155 2046 victoriam

1181 2067 1339 2135 stttlicerc.
1391 2062 1493 2145 Quasi
1518 2085 1596 2129 vero
1622 2064 1756 2148 aeqttalc
1785 2066 1820 2130 itt
1850 2080 1985 2146 utroque
2012 2065 2154 2129 miracu·

1182 2152 1250 2217 lum
1273 2159 1396 2215 statuat
1416 2150 1579 2215 lustinus:
1607 2151 1659 2214 cui
1682 2149 1742 2217 hoe
1765 2149 1925 2214 duntaxat
1947 2149 2154 2234 propesitum

1181 2237 1255 2314 luit,
1283 2257 1381 2318 quam
1404 2236 1503 2301 semel
1527 2236 1679 2301 Christus
1701 2257 1832 2300 carnem
1855 2235 2013 2321 ‘esnebis
2038 2236 2154 2320 induit,

1181 2342 1252 2386 cam
1271 2322 1365 2387 nubis
1386 2320 1530 2404 quotidie
1550 2323 1582 2385 ia
1602 2320 1710 2388 cibum
1726 2320 1807 2387 dari.
1842 2322 1925 2386 Nam
1947 2324 1979 2385 in
1997 2321 2061 2387 hae
2079 2344 2155 2386 sen·

1182 2409 1284 2472 tentia
1306 2407 1529 2472 confirtnauda
1556 2407 1693 2490 simplici
1725 2408 1896 2473 verborum
1920 2407 2045 2472 Christi
2073 2406 2155 2472 rcci-

1182 2495 1303 2557 tatiouo
1326 2507 1497 2559 contentus
1519 2502 1583 2557 est:
1608 2515 1667 2558 uec
1689 2493 1777 2557 aliud
1799 2492 1966 2558 contendit
1986 2515 2085 2576 quam
2103 2513 2155 2557 se-

1182 2580 1223 2644 lis
1246 2578 1371 2644 Christi
1393 2578 1559 2660 discipulis
1582 2577 1773 2644 beneficium
1795 2578 1858 2644 hoc
1877 2599 1947 2643 csse
1969 2600 2155 2656 commune,

1183 2665 1238 2749 qui
1260 2662 1295 2728 i'n
1318 2685 1428 2728 reram
1450 2666 1605 2749 pietatem
1627 2664 1748 2731 initiati
1769 2675 1855 2731 suut
1982 2727 1985 2733 .

1269 2749 1315 2815 Ut
1338 2762 1447 2814 autem
1478 2749 1575 2814 huius
1597 2749 1766 2833 brevitatis
1788 2750 1905 2816 clarior
1926 2748 2082 2816 streccdut
2105 2747 2157 2814 in·

1184 2846 1310 2918 terpres
1331 2835 1501 2913 Irenacus,
1526 2835 1689 2901 Heshusic
1719 2835 1867 2902 concede.
1894 2835 1986 2901 'Non
2014 2836 2158 2900 reseram

1184 2921 1315 3006 singula
1343 2922 1457 2986 verba:
1491 2920 1574 2985 nihil
1602 2922 1711 2986 tatuen
1740 2922 1889 2986 omittam
1911 2914 1996 3005 quod
2021 2919 2062 2986 ad
2086 2942 2158 2985 rcm

1186 3008 1291 3072 farciat.
1334 3005 1511 3072 lavabitur
1533 3018 1645 3090 cotttra
1668 3008 1847 3085 haereticos
1869 3009 1923 3089 qui
1941 3027 2077 3072 carnem
2101 3027 2158 3071 uc·

1185 3094 1305 3177 gabaat
1327 3114 1477 3175 capacem
1499 3113 1570 3158 esse
1591 3093 1854 3176 incorruptionis,
1893 3091 1931 3158 Si
1953 3093 2000 3157 ita
2022 3103 2083 3170 est,
2108 3094 2158 3156 in·

1185 3180 1304 3262 qttit,‘²)
1327 3201 1387 3244 nee
1409 3179 1568 3262 sanguiue
1591 3201 1649 3243 sue
1664 3180 1827 3243 Dominus
1844 3200 1903 3243 uos
1925 3176 2075 3254 redetttit,
2100 3197 2161 3243 uec

1184 3266 1268 3330 calix
1290 3264 1506 3340 eucharistiae
1527 3265 1775 3331 cotntttuuicat-ie
1795 3265 1965 3348 sauguinis
1986 3265 2075 3335 eius.
2100 3284 2163 3328 nce

1184 3351 1278 3432 pauis
1300 3372 1397 3432 quem
1416 3350 1597 3435 frangimus
1614 3351 1864 3415 cemrmmieatic
1881 3350 2036 3432 eorporis.
2072 3346 2160 3415 San·

1183 3438 1258 3519 guis
1281 3437 1367 3500 euim
1391 3457 1456 3499 non
1479 3449 1529 3500 est
1552 3437 1613 3505 nisi
1635 3456 1654 3499 a
1677 3438 1771 3500 vertis
1798 3444 1832 3500 ct
1859 3435 1985 3518 reliqua
2016 3434 2160 3499 hominis

1183 3520 1375 3595 substantia,
1399 3522 1431 3590 iu
1453 3543 1518 3604 qua
1540 3543 1616 3587 vcro
1637 3520 1699 3586 nos
1725 3520 1893 3586 tiliusDei
1920 3521 2070 3601 redemit.
2115 3521 2157 3586 Et

1184 3609 1334 3689 quoniam
1369 3607 1438 3671 eius
1475 3608 1620 3672 tuetubta
1656 3629 1770 3672 strutus
1808 3619 1841 3671 ct
1876 3628 1935 3690 per
1972 3617 2153 3671 creaturam

1184 3695 1357 3761 nutrimur.
1377 3705 1558 3757 creaturam
1571 3705 1680 3757 autem
1694 3695 1761 3775 ipse
1774 3693 1864 3758 nobis
1876 3702 2030 3775 praestat,
2054 3691 2153 3757 solem

1184 3800 1277 3843 stttun
1310 3777 1387 3842 oriri
1412 3777 1532 3845 t'acietts
1560 3789 1593 3842 et
1621 3779 1737 3860 pluens
1769 3775 2043 3861 quemadmodum
2074 3777 2150 3853 vult,

1183 3887 1257 3928 eum
1281 3864 1423 3940 calicem,
1446 3864 1500 3946 qui
1523 3876 1573 3928 est
1594 3878 1753 3940 ereatura,
1776 3886 1871 3928 suum
1894 3885 2012 3947 eorpus
2039 3865 2151 3929 contir-

1184 3951 1295 4024 mavit,
1317 3971 1358 4014 cx
1381 3971 1444 4031 que
1468 3966 1579 4016 nostra
1599 3961 1698 4034 auget
1724 3971 1866 4035 corpora.
1911 3949 2054 4030 Quando
2082 3969 2154 4031 erge

1184 4051 1217 4100 ct
1246 4037 1369 4100 mixtus
1399 4035 1482 4099 calix
1515 4048 1548 4099 ct
1581 4036 1702 4101 fractus
1730 4036 1824 4120 panis
1850 4034 1988 4118 percipit
2023 4033 2154 4098 verbum

1186 4121 1258 4194 Dei.
1277 4123 1316 4186 fit
1337 4119 1532 4199 eucharistia
1552 4121 1721 4204 sauguinis
1743 4134 1776 4186 ct
1792 4121 1935 4204 corperis
1956 4121 2094 4197 Christi,
2117 4143 2155 4186 ox

1184 4207 1301 4288 qtttbus
1323 4219 1461 4291 irrigetur
1483 4219 1517 4270 at
1533 4208 1801 4273 eottsistitcarttis
1823 4207 2154 4276 castraserras-tantia.

1185 4291 1355 4373 Qttotttodo
1388 4315 1520 4358 caraem
1558 4307 1658 4376 negat
1687 4314 1835 4374 capacem
1869 4315 1940 4358 esso
1973 4289 2156 4358 donatianis

1189 4380 1257 4452 Dei,
1280 4379 1335 4460 qui
1358 4394 1408 4442 est
1431 4379 1498 4444 vita
1519 4393 1660 4452 aetertta,
1683 4399 1764 4458 quae
1787 4379 1946 4462 sanguine
1969 4393 2004 4443 ct
2024 4399 2155 4462 corpore

1186 4465 1308 4529 Christi
1344 4465 1500 4552 nutritur,
1533 4475 1566 4527 ct
1596 4463 1778 4528 membrum
1805 4468 1879 4543 [pag.
1906 4469 1963 4614 532)
1986 4465 2058 4529 eius
2087 4462 2153 4532 estl

1186 4552 1270 4616 sieut
1308 4549 1387 4613 dicit
1425 4550 1605 4636 apostolus:
1649 4549 1812 4630 Quoniam
1855 4571 1940 4617 ntem
1967 4573 2003 4614 ra
2045 4570 2156 4615 stttnus

1186 4637 1329 4717 corporis
1351 4636 1431 4707 cius,
1454 4649 1487 4700 et
1508 4636 1548 4700 de
1570 4635 1696 4700 ossibus
1718 4637 1797 4714 eius,
1820 4647 1880 4701 ete.
1924 4637 2074 4702 'Pereunt
2096 4639 2155 4701 lcc‘·

1187 4734 1274 4784 tores
1301 4721 1470 4785 cettsilium
1494 4721 1631 4785 lrcnaci.
1682 4720 1796 4804 Neque
1827 4722 1915 4785 onitu
1944 4720 2089 4805 disputat
2114 4742 2155 4784 an

1186 4806 1397 4889 corporaliter
1419 4808 1553 4872 edamus
1575 4805 1760 4886 Christum,
1787 4806 1846 4872 sed
1874 4818 2001 4873 tantum
2023 4818 2154 4874 conteu-

1257 5099 1286 5157 1)
1307 5096 1385 5161 Apol.
1408 5096 1428 5163 l,
1444 5112 1471 5163 p.
1489 5095 1522 5150 at
1539 5111 1591 5166 aeq.
1612 5098 1684 5165 (cop.
1701 5095 1758 5159 66).

1257 5165 1288 5234 2)
1315 5165 1380 5221 Vide
1395 5165 1427 5234 ej.
1446 5167 1506 5220 libr.
1524 5176 1608 5238 contr,
1625 5166 1748 5221 lacerasse
1771 5165 1799 5220 V.
1818 5180 1878 5235 cap.
1894 5163 1921 5219 2.
