4776 5844
1504 70 1513 89 ι’
1517 72 1608 112 ,ιιι-Τὼ
1612 100 1676 120 m*—

949 129 1167 197 SECUNDA
1187 125 1424 210 DEFENSIO
1615 180 1617 185 .
1678 122 1872 185 maxa...

1847 206 1852 209 .
1877 184 1967 222 Y‘Q

1936 217 1946 237 b
1956 232 1958 235 .
1967 212 2150 270 '‘tq—'vm

188 293 276 406 linus
307 320 377 405 ipse
410 283 521 384 nester
554 323 617 383 est.
661 316 703 380 Iu
730 316 799 382 'hae
833 315 981 396 doctrina
1001 321 1077 395 [pag.
1097 304 1177 394 ee]¹
1292 304 1380 397 Quia
1407 313 1478 380 dice
1505 312 1677 380 Christum
1704 313 1740 377 iu
1773 311 1866 378 uobis
1898 313 2101 379 habitantem
2130 270 2245 380 15„
2245 302 2373 359 ’ἧφι

180 404 225 481 lic
244 416 369 488 persto,
398 411 436 468 ut
457 425 511 470 me
537 423 606 466 non
634 402 743 467 minus
770 401 888 467 inseite
913 420 1012 482 quam
1040 401 1153 484 inique
1205 399 1248 465 ad
1269 420 1305 465 se
1326 410 1388 465 nes
1410 398 1574 476 attollere,
1597 406 1635 463 ut
1656 398 1825 465 vivificum
1847 399 1958 463 earnis
1978 399 2127 483 vigerem
2148 401 2184 464 in

177 481 225 555 W
226 489 396 573 estphalus
423 488 588 573 anguillae
621 493 796 569 comparet.
853 485 940 566 Quid
976 486 1074 555 enim.
1092 484 1152 550 du·
1205 505 1266 549 nos
1288 485 1506 562 transfundat,
1531 505 1595 549 nen
1617 499 1764 550 secusne
1784 483 1879 548 vitali
1901 482 1982 550 selis
2000 485 2108 559 calere
2125 506 2185 568 per

169 571 222 653 tbii
243 576 298 641 rel
320 574 467 658 perplexi
495 575 528 638 in
558 573 620 637 hae
648 572 799 638 doctrina
827 570 971 654 reperit?
1023 569 1153 653 Corpus
1205 570 1313 636 radies
1325 577 1531 654 vegetamur:
1554 569 1644 646 item,
1666 568 1837 635 Christum
1848 570 1883 634 in
1894 570 1983 635 coelo
1993 579 2182 635 manentem

160 653 302 740 sobriae
324 681 401 725 vere
423 658 628 741 spiritualem
650 677 720 722 esse
742 657 861 736 eibum,
884 658 977 722 errius
999 654 1153 721 substan·
1205 655 1319 723 adues
1329 676 1390 721 sua
1401 657 1524 721 virtute
1536 653 1742 732 descendere,
1761 675 1816 719 me
1826 654 1925 720 fidem
1936 656 2092 721 eeclesiae
2152 678 2184 720 r·

153 741 224 830 itia
241 747 370 810 animae
391 754 523 809 nestrae
545 751 726 825 pascuntur
748 750 781 807 et
804 743 936 818 vivunt,
965 740 1063 823 idque
1085 761 1152 804 nen
1203 749 1334 806 vertere
1355 741 1474 825 arguit,
1502 760 1540 804 ae
1561 741 1590 805 si
1611 760 1768 824 negarem
1790 739 1962 805 Christum
1985 739 2079 805 nobis
2126 763 2182 807 are

149 832 288 902 §minus
321 851 397 895 vere
425 830 459 893 in
486 849 581 895 saera
608 849 709 893 coena
732 827 827 892 nobis
847 827 1024 909 praestari,
1053 847 1152 909 quam
1204 847 1298 891 suum
1329 847 1455 909 eorpus.
1505 826 1579 910 Ego
1606 845 1686 890 vore
1717 846 1817 908 quum
1846 825 1918 892 dieo
1940 825 2112 892 Christum
2141 825 2190 911 ad·

140 931 154 991 ,ι
178 925 316 980 externo
345 913 492 999 symbolo
520 916 698 997 liguratur:
733 913 828 977 modo
849 933 892 976 ne
920 930 1038 995 eorpus
1060 912 1152 994 quasi
1204 933 1264 976 nos
1286 926 1346 977 s'ua
1368 910 1707 988 virtutedeseendere,
1729 931 1815 995 nege
1835 931 1891 975 me
1912 911 2111 977 substituere
2121 912 2182 977 ali·

133 1014 142 1083 ,ἱ
178 1001 305 1067 eeeele
327 999 511 1065 detractum
532 1001 567 1063 in
589 1018 675 1081 pane
696 999 857 1080 quispiam
886 997 969 1062 falsa
990 997 1152 1079 imagina-
1204 994 1282 1080 quid
1313 995 1495 1075 diversum,
1525 996 1610 1078 qued
1638 994 1846 1061 deustionem
1873 999 2018 1080 corporis
2045 996 2181 1075 aboleat,

126 1095 134 1169 ,ξ
178 1087 266 1150 tiene
287 1083 442 1152 includat.
476 1083 565 1164 Quia
581 1083 816 1167 Westphalum
838 1080 974 1147 offendit
996 1083 1078 1147 hace
1095 1102 1152 1146 ex·
1204 1083 1281 1165 quia
1298 1082 1431 1147 medum
1450 1081 1637 1146 donationis
1656 1081 1848 1165 simpliciter
1869 1083 2004 1164 explico.
2039 1086 2114 1161 [pag.
2128 1088 2182 1162 ee]

178 1173 299 1253 ceptio,
334 1170 517 1254 anguillam¹
541 1167 645 1234 earrda
671 1190 737 1233 nen
765 1188 859 1251 pesse
888 1169 994 1232 teneri
1023 1168 1150 1232 elamat.
1204 1167 1338 1250 Excipit
1367 1189 1419 1232 me
1446 1167 1601 1250 ambigua
1627 1167 1772 1249 eorporis
1794 1168 2034 1251 significatione
2054 1168 2179 1233 fellere.
2212 1168 2213 1171 ’

116 1263 124 1326 ’ἶ
177 1255 218 1321 In
240 1256 496 1321 Commentariis
518 1275 571 1318 me
588 1255 757 1320 tectiorem
774 1254 874 1318 lauisse
896 1253 983 1330 dicit,
1007 1254 1054 1318 sic
1073 1261 1154 1317 tem·
1205 1252 1309 1335 Atqui
1330 1254 1427 1318 toties
1446 1250 1624 1335 repetendo
1642 1272 1756 1317 verum
1779 1260 1812 1316 et
1833 1252 1985 1318 naturale
2004 1252 2089 1317 illud
2111 1275 2181 1320 eer-

107 1363 123 1432 ,4‘
178 1342 300 1424 peratis
320 1341 496 1415 coloribus,
526 1348 565 1403 ut
587 1339 753 1415 nonnulli,
782 1339 931 1420 quamvis
953 1358 1021 1403 non
1043 1338 1152 1404 obtusi
1204 1358 1277 1420 pus,
1299 1336 1384 1420 quod
1405 1339 1441 1401 in
1463 1358 1559 1403 cruce
1581 1337 1725 1403 oblatum
1744 1346 1803 1415 est,
1826 1336 1984 1422 putabam
2006 1338 2059 1402 his
2081 1339 2181 1404 cavil-

101 1432 106 1488 ι’
178 1446 239 1491 nee
252 1426 394 1503 hebetes,
408 1428 465 1489 vix
478 1425 665 1489 divinarent
676 1422 753 1507 quid
765 1424 849 1488 mihi
858 1423 986 1489 vellem.
1016 1422 1069 1489 Dc
1080 1443 1153 1487 mee
1204 1422 1245 1488 lis
1266 1423 1347 1489 satis
1364 1443 1525 1506 superque
1548 1443 1619 1488 esse
1642 1443 1824 1488 occursum.
1869 1423 1915 1487 Et
1936 1430 2025 1488 eerte
2048 1444 2090 1488 ex
2115 1445 2181 1506 qua

96 1536 104 1578 ι
178 1511 285 1576 studio
308 1511 370 1576 hec
392 1519 503 1575 sancte
525 1508 685 1587 testabor,
714 1530 900 1592 quanquam
922 1509 959 1572 in
978 1509 1044 1573 Dei
1066 1509 1153 1574 veri·
1204 1508 1335 1573 officina
1352 1517 1573 1574 commentum
1596 1506 1636 1572 dc
1658 1528 1792 1590 corpere
1811 1507 1934 1590 duplici
1952 1508 2113 1591 prodierit
2128 1531 2182 1576 me

86 1598 102 1679 j
179 1605 245 1661 tato
267 1618 348 1678 pure
371 1604 404 1660 et
421 1596 547 1661 sineere
565 1594 727 1663 tradenda
759 1615 888 1659 summa
921 1594 1152 1677 ame-religio
1204 1593 1301 1672 latet,
1329 1594 1395 1658 nisi
1423 1592 1508 1676 quod
1539 1592 1621 1657 mihi
1649 1593 1849 1659 detestabilis
1876 1606 1927 1659 est
1944 1595 2097 1676 impietas
2118 1596 2182 1660 fin·

85 1680 94 1739 ³5
178 1681 418 1758 adhibitaluit,
446 1687 646 1745 nontamen
667 1679 785 1744 minori
807 1679 906 1744 fuisse
928 1698 1035 1756 curae,
1058 1680 1153 1744 utin
1205 1699 1281 1761 gere
1303 1676 1473 1745 Christum
1496 1680 1706 1761 bicorporem.
1751 1679 1827 1744 Seio
1848 1677 1998 1762 equidem
2021 1679 2107 1763 qued
2130 1701 2182 1745 se·

77 1755 91 1828 ἶ
177 1768 250 1850 ipsa
287 1765 414 1832 dicendi
447 1767 553 1831 ferma
592 1765 731 1848 simplex
771 1765 891 1830 niteret
927 1765 1151 1847 perspicuitas.
1204 1763 1270 1827 mel
1291 1764 1429 1829 mortale
1451 1785 1569 1848 eorpus
1580 1763 1733 1829 Christus
1750 1763 1866 1842 induit,
1888 1785 1979 1830 nune
1996 1765 2091 1831 nevis
2108 1786 2182 1832 eee-

180 1851 270 1932 Quid
293 1873 364 1916 mea
383 1851 556 1916 sedulitate
578 1850 714 1932 adeptus
737 1849 808 1927 sim,
832 1850 1011 1931 lequuntur
1033 1850 1094 1932 ipsi
1114 1850 1152 1913 li·
1204 1848 1296 1914 lestis
1317 1849 1441 1932 gloriae
1470 1849 1682 1933 qualitatibus
1703 1869 1774 1915 esse
1797 1850 1995 1933 praeditum,
2024 1872 2110 1933 quae
2132 1859 2182 1916 ta·

66 1953 74 1990 ²·
180 1936 239 2015 bri,
262 1959 342 2019 ques
363 1937 464 2000 iactat
484 1938 583 2001 fuisse
605 1936 775 2019 gratiores,
809 1935 886 2017 quia
908 1934 1042 1999 videbar
1064 1934 1153 1998 idem
1204 1954 1280 1997 men
1303 1954 1369 1999 nen
1392 1935 1585 2018 impediunt,
1608 1955 1670 2016 que
1690 1935 1801 2000 minus
1822 1934 1909 2000 idem
1933 1936 2118 2001 substantia
2140 1938 2183 2000 sit

179 2042 253 2086 eum
275 2023 345 2088 suis
366 2021 501 2086 sentire:
525 2042 622 2086 nune
637 2040 713 2085 vere
737 2028 909 2102 postquam
931 2041 984 2085 me
1006 2019 1152 2085 Censen·
1204 2039 1329 2102 eorpus.
1375 2019 1459 2085 Dice
1480 2021 1583 2104 igitur
1605 2019 1660 2084 ille
1678 2040 1822 2102 corpere,
1845 2021 1931 2103 qued
1952 2022 1988 2085 in
2011 2042 2107 2088 cruce
2126 2043 2182 2104 pe·

56 2113 61 2141 '³
179 2108 226 2173 sie
249 2107 583 2173 elatebrisinlueem
603 2106 775 2188 protraxit,
797 2105 1034 2188 hanegratiam
1051 2106 1153 2171 fuisse
1204 2104 1326 2187 pendit,
1349 2126 1414 2170 uon
1438 2105 1548 2170 minus
1569 2106 1605 2169 in
1628 2105 1833 2188 spiritualem
1856 2107 1958 2171 vitam
1982 2107 2109 2173 animas
2131 2108 2182 2190 ip·

43 2207 45 2218 '
180 2193 370 2275 perditam·
403 2191 492 2272 Quid
514 2189 600 2274 apud
624 2190 855 2272 Westphalum
878 2200 912 2254 et
932 2191 1055 2256 similes
1077 2212 1152 2274 gra·
1204 2210 1258 2255 sas
1290 2191 1451 2273 vegetari,
1485 2212 1584 2273 quam
1615 2211 1701 2273 pane
1734 2199 1865 2256 terrene
1897 2212 2048 2274 corpora⁴
2067 2200 2183 2258 nestra

181 2280 245 2342 tiae
269 2282 343 2356 [pag.
371 2283 424 2356 57]
459 2276 670 2358 acquisierint
691 2275 938 2352 Commentarii,
961 2276 1038 2358 quid
1066 2277 1152 2342 Con·
1204 2274 1347 2340 aluntur.
1392 2273 1460 2341 Sed
1482 2278 1558 2359 quie
1585 2275 1717 2340 videtur
1739 2277 1868 2342 obstare
1890 2277 2033 2342 lecerum
2056 2275 2182 2342 distan-

130 2440 135 2450 ,
179 2365 286 2428 sensio
295 2362 477 2438 abstulerit,
499 2362 616 2426 neseio.
651 2358 718 2426 Sed
740 2360 817 2443 quid
841 2362 869 2426 si
891 2362 1152 2428 minimeebsou-
1204 2360 1259 2436 tia,
1283 2381 1325 2424 ue
1347 2360 1388 2425 ad
1402 2383 1461 2426 nos
1479 2383 1581 2444 usque
1595 2362 1766 2444 perveniat
1787 2363 1896 2427 earnis
1915 2361 2040 2428 Christi
2064 2363 2181 2441 virtus,
2210 2419 2213 2423 .

179 2469 255 2511 rum
277 2457 342 2524 cst,
372 2467 583 2529 quaeeunque
611 2447 646 2509 in
668 2445 893 2512 Consensione
916 2448 1020 2530 capita
1043 2467 1152 2530 repre-
1205 2444 1328 2510 nedum
1350 2446 1439 2511 hune
1460 2448 1508 2510 ita
1525 2445 1672 2530 expedio,
1695 2445 1875 2526 Christum,
1898 2447 1975 2514 lieet
1995 2448 2102 2513 lecum
2116 2469 2183 2513 uon

179 2532 304 2611 hendit,
326 2532 380 2598 vel
402 2554 442 2596 ex
466 2531 719 2596 Commentariis
738 2530 912 2614 desumpta
928 2541 1018 2610 esse,
1033 2533 1085 2598 vel
1103 2540 1152 2597 to·
1204 2540 1319 2609 mutet,
1342 2553 1402 2597 sua
1423 2530 1465 2596 ad
1484 2553 1544 2597 nes
1565 2534 1689 2597 virtute
1707 2532 1911 2597 descendere.
1945 2536 1999 2597 An
2023 2534 2084 2598 hoe
2106 2533 2182 2598 lati·

180 2617 281 2682 tidcm
303 2618 371 2682 fere
391 2618 499 2682 verbis
522 2617 587 2682 illic
610 2616 739 2681 haberi:
773 2615 861 2681 unde
882 2637 968 2683 neva
989 2619 1053 2683 ista
1075 2617 1152 2683 alie-
1204 2624 1275 2680 tare
1297 2626 1362 2695 est,
1392 2639 1493 2700 quum
1514 2638 1574 2701 ege
1602 2617 1794 2700 simpliciter
1813 2618 1945 2683 medum
1969 2618 2088 2684 definio
2110 2620 2182 2684 eius

78 2768 79 2771 ,
179 2702 289 2768 natio?
341 2702 429 2784 Quid
458 2701 626 2781 moliatur,
660 2723 756 2766 neme
784 2710 851 2766 tam
881 2703 981 2769 hebes
1003 2710 1053 2768 est
1074 2705 1153 2786 quin
1204 2701 1480 2779 manducationis,
1504 2724 1603 2786 quam
1624 2702 1679 2767 alii
1702 2703 1858 2786 perplexo
1881 2725 1939 2768 suo
1963 2703 2101 2769 docendi
2124 2724 2182 2789 ge·

178 2789 316 2854 olfaciat.
361 2789 476 2871 Neque
497 2788 597 2852 etiam
620 2787 806 2852 dissimulat
831 2788 901 2870 ipse
923 2788 1010 2867 alibi,
1034 2789 1096 2854 hoe
1118 2809 1153 2854 se
1205 2807 1284 2850 nere
1295 2787 1509 2853 obnubilant?
1543 2789 1695 2853 Praeeise
1707 2796 1804 2872 urget
1814 2789 2038 2873 Westphalus,
2062 2809 2183 2872 eorpus

179 2874 286 2938 meliri
308 2895 382 2941 eum
405 2872 577 2951 sodalibus,
601 2881 639 2937 ut
661 2872 760 2937 libros
773 2894 861 2937 meos
880 2873 1022 2957 undique
1044 2882 1153 2939 exter·
1205 2872 1331 2938 Christi
1351 2875 1387 2938 in
1409 2895 1510 2939 coena
1532 2872 1766 2939 comedendum
1791 2876 1943 2957 proponi:
1968 2880 2043 2954 [pag.
2063 2879 2119 2953 eo]
2141 2874 2182 2939 de

179 2961 313 3025 minent.
360 2958 435 3040 Qua
457 2960 627 3041 aequitate,
651 2958 715 3041 ipsi
737 2958 894 3023 viderint:
928 2957 1056 3041 quando
1077 2960 1152 3042 pro·
1204 2956 1299 3022 modo
1321 2960 1485 3040 inquirere
1507 2980 1672 3024 summum
1694 2980 1766 3024 esse
1789 2961 1880 3026 nefas
1903 2958 2001 3024 ducit.
2047 2958 2183 3043 Siquis

179 3046 285 3111 babile
308 3066 374 3108 non
397 3053 448 3109 est
464 3053 575 3128 grates
598 3043 698 3109 fuisse
720 3044 783 3125 piis
805 3043 994 3121 lectoribus,
1024 3045 1088 3108 nisi
1111 3044 1152 3109 ad
1204 3043 1362 3126 excipiat,
1392 3045 1490 3109 Petro
1518 3051 1601 3110 teste
1624 3044 1795 3109 Christum
1817 3046 1906 3112 coele
1935 3044 2181 3127 comprehendi,

178 3131 332 3197 ecclesiae
354 3129 613 3194 aedificationem
636 3129 704 3211 apti
721 3129 903 3194 fuisseutet
920 3129 1027 3194 utiles.
1062 3132 1152 3213 Ergo
1205 3127 1307 3194 denec
1332 3129 1432 3194 iudex
1462 3128 1578 3194 mundi
1606 3137 1762 3213 appareat
1792 3132 1878 3210 (Act.
1900 3135 1928 3207 3,
1948 3133 2018 3213 21),
2054 3132 2183 3196 clarum

178 3217 295 3299 prebes
317 3225 350 3280 ot
366 3217 438 3280 sani
451 3214 562 3280 iudicii
577 3214 735 3292 hemines,
757 3215 814 3296 qui
835 3215 898 3280 hee
920 3216 1048 3297 experti
1064 3224 1151 3296 sunt,
1203 3213 1385 3297 scripturae
1402 3215 1628 3281 testimonium
1649 3236 1715 3279 nen
1738 3215 1889 3280 admittit.
1925 3217 1996 3300 Ego
2008 3215 2182 3282 Christum

178 3302 335 3367 ueniere
359 3312 426 3366 tam
448 3299 632 3365 fastidiosos
659 3300 814 3378 arbitror,
844 3307 881 3364 ut
908 3300 948 3364 ob
976 3302 1149 3367 articulum
1203 3300 1238 3363 in
1261 3300 1391 3365 coelesti
1413 3322 1473 3365 sua
1495 3300 1572 3366 sede
1589 3301 1788 3384 relinquens,
1812 3322 1932 3367 arcana
1953 3303 2088 3384 spiritus
2111 3303 2183 3368 eius

178 3408 283 3451 unum
306 3386 480 3467 multicipli
502 3385 666 3450 doetrinae
686 3385 794 3449 fructu
812 3407 847 3450 se
865 3387 1006 3468 privent.
1041 3385 1151 3467 Quam
1204 3385 1377 3450 influentia
1403 3393 1577 3451 contentus
1605 3407 1690 3462 sum,
1718 3394 1755 3451 ut
1776 3408 1835 3450 nes
1858 3407 1956 3451 carne
1979 3409 2039 3452 sua
2057 3393 2180 3469 paseat.

179 3492 257 3538 vere
280 3493 390 3536 seeum
419 3470 502 3546 belle
529 3471 726 3548 consentiat,
755 3492 796 3535 er
825 3470 951 3536 duabus
979 3474 1049 3536 eius
1077 3493 1151 3537 sen·
1204 3470 1288 3536 Uter
1319 3482 1468 3536 nestrum
1501 3472 1656 3537 flexuosis
1690 3471 1883 3556 ambagibus
1916 3471 2024 3536 ludit?
2078 3473 2182 3554 Atqui

179 3557 290 3622 tentiis
319 3557 495 3621 aestiment
521 3556 666 3619 lectores.
717 3556 951 3620 Defensienem
980 3557 1151 3623 scribendo
1203 3576 1303 3638 quum
1325 3557 1451 3621 inculco
1472 3557 1645 3622 veritatem
1657 3557 1759 3641 signis
1780 3557 1987 3622 coniunctam
2007 3577 2090 3634 esse,
2112 3558 2182 3621 rir-

179 3641 258 3707 dieit
280 3662 332 3706 me
355 3642 396 3706 ad
417 3642 560 3706 latebras
581 3642 703 3705 iterum
724 3642 861 3724 fugisse,
891 3644 1044 3724 utquasi
1066 3644 1152 3709 nube
1205 3649 1309 3705 tutem
1331 3642 1531 3706 sacramenti
1555 3663 1621 3706 uon
1644 3643 1860 3707 substantiam
1890 3645 2004 3708 caruis
2020 3643 2182 3728 intelligo.

180 3737 284 3799 tectus
315 3725 464 3791 incedam
498 3727 699 3810 incognitus,
734 3728 885 3810 proxima
920 3747 998 3792 vero
1030 3731 1152 3812 pagina
1203 3726 1251 3791 Ut
1273 3726 1446 3792 concedam
1470 3729 1516 3791 ita
1538 3748 1617 3805 esse,
1642 3750 1707 3792 nen
1729 3727 1932 3793 iemnudum
1956 3730 2087 3812 siguum
2108 3729 2182 3805 orit,
2295 3752 2300 3777 ι

178 3812 311 3879 aliunde
333 3813 540 3895 probationes
557 3833 686 3877 sumere
708 3832 789 3894 opus
811 3829 881 3878 esse
903 3822 1012 3896 negat,
1035 3814 1166 3895 quibus
1204 3813 1231 3875 si
1254 3813 1378 3877 virtute
1401 3829 1434 3877 et
1455 3813 1573 3878 effectu
1602 3821 1669 3878 nen
1698 3822 1816 3878 eareat.
1871 3812 1938 3879 Sed
1962 3812 2049 3878 unde
2072 3815 2184 3878 earnis

178 3919 231 3963 me
253 3897 526 3962 convineataliud
548 3898 679 3975 sentire,
703 3898 780 3980 quia
802 3919 869 3962 nen
891 3919 1013 3980 paucas
1033 3920 1151 3982 suppe-
1204 3898 1420 3963 substantiam
1455 3919 1508 3963 mo
1542 3899 1738 3963 submovere
1770 3898 1914 3982 colligit?
1948 3918 2068 3982 nempe
2106 3900 2184 3981 quia

178 3984 261 4048 ditat
282 4004 350 4047 una
371 3981 536 4047 Defensio.
591 3983 656 4048 Ubi
678 3984 779 4068 igitur
800 3984 903 4049 nubes
924 3983 990 4062 illa,
1013 4005 1078 4067 qua
1099 4005 1152 4049 me
1205 3982 1276 4053 dieo
1303 4005 1369 4065 nen
1398 3983 1508 4061 minus
1535 3985 1621 4047 vere
1643 4005 1719 4062 nee,
1747 3992 1908 4066 quantum
1929 3983 1970 4048 ad
1995 3985 2060 4048 vim
2084 3985 2183 4066 spiri·

177 4070 330 4152 obtegere
358 4067 469 4132 volui?
526 4068 617 4133 Dicit
644 4090 696 4134 me
728 4090 793 4133 nen
822 4071 868 4133 ita
896 4068 957 4133 sub
984 4070 1153 4135 fraudibus
1204 4067 1325 4132 tualem
1343 4069 1469 4146 attinet,
1492 4069 1667 4153 participes
1677 4068 1823 4152 eorporis
1835 4069 1960 4135 Christi
1978 4070 2060 4148 fieri,
2079 4089 2183 4152 quam

70 4152 74 4160 '
177 4155 296 4231 latere,
324 4155 403 4235 quin
431 4175 484 4217 mc
512 4153 656 4235 predam.
710 4159 784 4235 [pag.
805 4160 858 4233 58]
884 4154 985 4237 Atqui
1006 4156 1034 4219 si
1058 4154 1151 4237 quid·
1204 4173 1289 4236 pane
1310 4155 1483 4219 vescimur.
1531 4154 1672 4238 Colligit⁴
1695 4156 1784 4219 euim
1810 4155 1981 4219 manifeste
2002 4175 2055 4219 me
2084 4175 2183 4237 prae·

177 4261 274 4324 quam
303 4238 511 4304 fraudulente
535 4247 726 4318 tentassem,
756 4261 822 4304 uon
845 4239 959 4304 deerat
980 4240 1151 4306 mediceris
1204 4239 1343 4303 sentiam
1367 4239 1565 4304 substantiae
1588 4240 1733 4323 eorporis
1755 4260 1885 4324 negare,
1915 4240 2100 4305 sitantum
2123 4262 2183 4305 ex-

96 4397 98 4400 ,
177 4325 219 4390 ad
241 4324 423 4391 cavendum
442 4323 626 4407 prudentia.
660 4324 728 4390 Sed
747 4326 807 4390 hec
819 4324 983 4405 reperient
1004 4324 1151 4404 lectores,
1203 4323 1336 4388 hibetur
1346 4324 1471 4389 Christi
1494 4342 1626 4407 cerpus:
1648 4326 1724 4409 quia
1744 4325 1796 4390 vis
1817 4327 1888 4391 eius
1899 4325 2078 4408 spiritualis
2102 4346 2184 4409 erga
2244 4378 2252 4399 .

176 4411 258 4476 mihi
282 4411 365 4474 nihil
389 4411 488 4475 fuisse
511 4411 624 4474 maiori
646 4432 761 4490 curae,
788 4430 886 4492 quam
909 4418 948 4473 ut
969 4410 1060 4475 omni
1081 4431 1150 4474 am·
1204 4409 1317 4474 fideles
1344 4430 1379 4473 se
1406 4412 1536 4475 exserit.
1588 4408 1627 4475 si
1655 4410 1696 4475 de
1723 4410 1818 4476 locali
1846 4411 2033 4493 praesentia
2060 4410 2183 4495 litigat,

177 4496 335 4581 bigeitate
370 4495 530 4574 discussa,
571 4496 741 4561 enucleate
775 4493 939 4559 traderem
972 4494 1059 4577 qued
1091 4516 1151 4586 ego
1203 4496 1308 4559 fateor
1329 4515 1408 4565 saue
1430 4516 1483 4560 me
1505 4496 1682 4561 abhorrere
1709 4496 1750 4560 ab
1772 4496 1835 4561 hoc
1855 4517 1963 4561 erasse
1984 4506 2182 4561 commento.

176 4580 321 4665 quotidie
339 4582 373 4644 in
392 4581 529 4646 eeclesia
542 4577 697 4663 profiteor
718 4600 756 4646 ae
778 4577 885 4656 doceo,
909 4587 942 4645 et
961 4579 1047 4664 quod
1059 4582 1151 4648 Deus
1204 4580 1318 4662 Neque
1339 4581 1542 4646 animaliter
1564 4580 1735 4646 Christum
1765 4581 1799 4644 in
1828 4601 1929 4646 eeena
1955 4589 2063 4646 statuo
2085 4602 2182 4664 prae-

136 4710 140 4719 ·
175 4669 244 4733 ise
267 4688 320 4732 me
338 4688 379 4730 er
391 4668 501 4730 animo
512 4667 632 4730 sentire
647 4666 791 4748 optimus
802 4665 894 4730 testis
912 4672 962 4732 est
981 4686 1019 4730 ae
1041 4666 1149 4732 iudex.
1204 4673 1343 4743 sentem,
1371 4667 1438 4732 nisi
1464 4667 1540 4750 quia
1571 4666 1717 4731 fidelium
1745 4673 1887 4745 mentes,
1921 4667 2017 4732 sicuti
2044 4666 2104 4731 illa
2131 4675 2184 4733 est
2220 4732 2223 4736 ,,

53 4816 54 4820 ,
176 4690 360 4829 ductorum,
382 4753 461 4833 quia
482 4750 698 4833 Westphales
719 4749 877 4833 quidquid
897 4751 1152 4834 reprohensione
1202 4751 1352 4817 eoelestis
1374 4753 1472 4830 actio,
1505 4750 1570 4816 fide
1598 4771 1699 4835 supra
1726 4752 1886 4816 mundum
1916 4753 2119 4831 evehuntur,
2148 4760 2183 4818 et

89 4896 91 4899 .
133 4882 136 4889 -
176 4837 313 4921 dignum
335 4838 495 4915 censebat,
526 4836 581 4902 vel
604 4836 721 4900 saltem
742 4834 898 4921 quidquid
921 4836 1071 4903 mordere
1094 4859 1151 4905 vo-,
1203 4836 1357 4921 Christus
1386 4838 1520 4920 'spiritus
1547 4839 1597 4901 sui
1626 4839 1749 4903 virtute
1777 4836 1994 4916 obstaculum,
2024 4841 2100 4918 [pag.
2123 4841 2180 4916 61]

100 4933 103 4939 '
175 4922 272 4997 lebat,
306 4924 340 4985 in
364 4943 482 4986 novem
503 4921 611 5004 capita
633 4921 810 4998 distribuit,
834 4922 975 5000 eundem
994 4944 1054 5007 ego
1071 4944 1150 5007 que-
1202 4920 1289 5006 qued
1310 4924 1428 4988 afferre
1445 4931 1575 5005 peterat
1595 4924 1656 4987 leci
1680 4922 1849 4999 distantia,
1867 4922 1995 5000 tollens,
2018 4944 2054 4988 se
2076 4940 2198 4988 mem-s

174 5029 237 5091 que
259 5006 405 5072 ordinem
428 5026 555 5090 sequar.
756 5036 758 5039 ·
1204 5006 1271 5075 bris
1303 5009 1371 5072 suis
1403 5009 1579 5093 coniungit.
1634 5009 1771 5092 Excipit
1796 5008 2028 5092 Westphulus,
2063 5010 2192 5095 merita„
