4620 5828
179 173 242 236 515
864 169 929 234 DE
951 166 1080 232 VERA
1102 161 1496 231 Pertulcffsvlouu
1980 229 1982 232 Α
2114 171 2184 233 w

178 359 413 442 disceptatione
434 380 516 441 opus
538 370 596 437 est,
619 361 707 426 acsi
729 379 795 423 non
813 365 1002 442 promptum
1020 355 1065 421 sit
1085 354 1150 420 lec-
1176 390 1177 407 ι
1202 352 1311 417 ferant
1337 352 1588 427 insacrificium,
1612 362 1651 417 ut
1675 372 1787 418 sacrae
1800 366 1920 416 coenae
1942 351 2180 418 institutionem

179 445 304 511 toribus
322 456 437 526 sponte
459 444 613 525 iudicare,
636 452 749 510 utrum
770 444 814 509 sit
835 441 1035 518 concinnius,
1057 441 1151 523 signo
1175 468 1177 523 ς
1202 438 1360 522 sanguine
1381 438 1680 520 propriosanciant.
1709 434 1864 503 Sexcenti
1883 444 2048 522 mamyres
2069 456 2180 503 eoram

179 531 283 615 aptari
310 550 429 595 nomen
457 530 521 609 rei,
557 552 600 595 an
631 530 761 613 siguum
788 529 920 613 proprie
947 548 1017 593 rem
1045 527 1149 608 ipsam
1202 522 1274 587 Dec
1297 523 1445 590 advocati
1456 523 1589 589 stabunt
1606 544 1666 605 pro
1677 522 1866 589 defensione
1887 532 1979 589 meac
2002 522 2176 589 doctrinae.

179 615 271 682 esse?
313 615 480 692 Columba,
503 616 563 680 sub
583 615 676 681 cuius
697 615 803 697 specie
824 615 917 679 visus
939 624 988 678 est
1006 613 1149 694 spiritus,
1202 609 1270 674 Pro
1301 606 1412 674 eadem
1446 629 1545 675 causa
1571 608 1668 674 hodie
1706 617 1854 675 trecenta
1876 607 2046 674 hominnm
2076 608 2179 675 millia

179 723 255 767 mcx
277 702 423 766 evanuit:
456 700 513 766 sed
534 702 611 782 quia
635 711 762 767 certum
788 699 992 784 praesentiae
1015 697 1151 780 spiritus
1202 693 1438 777 periclitantur.
1475 692 1607 760 Sentiet
1628 693 1761 759 tandem
1782 693 1969 760 Heshusius
1992 704 2025 758 et
2046 695 2178 774 similes,

178 788 241 852 fuit
263 786 459 871 symbolum,
478 807 596 852 nomen
619 787 754 869 spiritus
775 787 915 851 ci'recte
936 793 969 849 et
990 785 1070 849 scite
1087 783 1149 847 im·
1202 802 1298 862 quam
1319 779 1525 845 intolerabile
1543 778 1630 863 apud
1646 781 1711 846 Dei
1729 778 1882 856 tribunal,
1906 789 2061 845 eteorum
2072 781 2177 844 omni·

179 873 321 956 positum
342 873 441 937 fuisse
464 871 610 939 dicimus.
655 873 774 937 'Fctum
802 877 876 951 [pag.
905 860 960 948 88]
990 869 1051 936 hec
1084 868 1149 933 dis-
1201 865 1262 930 bus
1280 866 1415 950 angelis,
1438 866 1646 949 sacrilegium
1667 865 1719 942 sit,
1738 873 1944 931 nontantum
1966 866 2059 931 vivos
2079 865 2177 932 Chri·

179 957 278 1041 plicet
298 957 481 1033 Heshusio:
515 973 547 1022 et
573 959 785 1041 quantumvis
812 978 847 1022 se
874 962 1023 1038 torqueat
1047 963 1149 1019 metc-
1201 952 1243 1017 sti
1263 973 1386 1028 serves,
1409 971 1547 1035 quorum
1568 953 1604 1015 iu
1625 952 1688 1034 piis
1709 950 1883 1030 laboribus,
1910 951 2031 1035 vigiliis
2052 960 2086 1016 et
2107 973 2176 1018 cer·

179 1047 300 1130 nymia,
323 1055 421 1126 negat
442 1063 535 1127 posse
558 1042 677 1122 evolvi,
701 1051 737 1107 ut
762 1043 826 1108 ista
852 1043 1032 1109 concinnet.
1076 1039 1148 1104 Iam
1202 1036 1377 1102 taminibus
1422 1037 1562 1121 refulget
1602 1060 1667 1102 non
1710 1036 1811 1103 dubia
1857 1038 1974 1119 pietas,
2023 1038 2177 1103 atrociter

179 1129 262 1193 nihil
285 1129 416 1206 mirum,
439 1129 467 1194 si
490 1150 605 1195 omnes
627 1127 844 1194 absurditates
866 1135 1035 1209 tantopere
1053 1132 1149 1203 amet,
1200 1123 1354 1202 lacerare,
1376 1122 1434 1188 sed
1456 1124 1555 1188 etiam
1579 1134 1726 1189 mertuos
1742 1122 1915 1188 crudeliter
1937 1123 2088 1190 vexando
2110 1123 2176 1189 foo-

179 1236 217 1280 ac
238 1215 333 1298 quasi
354 1215 472 1280 liliolus
494 1214 701 1279 exosculetur
721 1235 810 1279 suas:
832 1214 910 1296 quia
926 1211 1058 1277 videtur
1074 1233 1150 1295 prc-
1200 1208 1279 1280 dare
1302 1210 1471 1273 innoxium
1494 1210 1698 1293 sanguinem,
1719 1217 1816 1292 atque
1838 1209 1935 1273 etiam
1947 1207 2019 1274 Dec
2037 1230 2175 1275 sacrum

179 1299 305 1384 digiosa
326 1301 466 1380 quadam
488 1299 687 1365 libidinead
705 1297 871 1382 paradoxa
891 1298 979 1376 ferri,
1007 1308 1053 1362 ut
1066 1297 1150 1362 nihil
1201 1295 1293 1360 Haec
1317 1293 1460 1359 breviter
1481 1293 1523 1360 ad
1545 1295 1779 1361 eiusconvicia.
1810 1293 2176 1379 Dereipsealiquandc

179 1387 242 1451 nisi
276 1384 455 1450 absurdum
488 1385 609 1468 prebet.
653 1386 785 1449 Interea
816 1384 936 1467 recipio
966 1383 1051 1467 quod
1084 1383 1148 1462 dat,
1200 1379 1403 1462 respondeat.
1430 1381 1522 1446 Dicit
1542 1380 1667 1464 absque
1685 1379 1894 1447 distractione
1902 1402 2034 1448 carnem
2052 1380 2179 1448 Christi

180 1470 292 1536 eadem
327 1472 455 1536 ratione
486 1492 605 1554 panem
643 1470 858 1536 eucharistiae
892 1471 1001 1536 vocari
1033 1491 1150 1552 corpus
1202 1467 1235 1531 in
1254 1488 1338 1548 pane
1355 1465 1489 1545 comedi,
1513 1467 1548 1530 in
1572 1467 1649 1531 vino
1671 1465 1737 1531 bibi
1759 1466 1967 1550 sangninem:
1990 1466 2054 1533 sibi
2066 1475 2178 1532 tamen

180 1555 313 1632 Christi,
337 1577 400 1639 qua
420 1557 569 1622 columba
591 1567 727 1622 vocatur
753 1555 896 1638 spiritus.
941 1556 982 1620 In
1008 1576 1072 1638 qua
1099 1576 1150 1619 se·
1202 1552 1404 1636 incognitum
1426 1573 1497 1618 esse
1517 1550 1678 1634 quomodo
1700 1551 1734 1616 id
1746 1553 1812 1616 fiat.
1836 1549 1972 1618 Scilicet
1993 1573 2097 1635 quum
2107 1573 2177 1618 ma·

179 1641 286 1708 cunda
307 1642 493 1724 loquutione
517 1642 652 1707 minime
683 1641 795 1706 dubito
822 1644 899 1725 quin
917 1662 1040 1712 ,omnes
1068 1640 1150 1706 mihi
1202 1638 1329 1702 nifestis
1351 1639 1574 1721 repugnantiis
1595 1658 1631 1702 se
1653 1637 1806 1719 implicet,
1830 1637 1949 1720 inquiri
1963 1659 2028 1703 non
2042 1639 2175 1721 patitur.

180 1727 220 1792 de
241 1728 443 1809 metonymia
464 1728 737 1792 assentianturac
758 1726 972 1792 subscribant.
1007 1725 1151 1808 Quando
1201 1724 1274 1806 Ego
1296 1733 1406 1789 autern
1428 1723 1562 1807 propius
1585 1745 1701 1806 urgeo:
1733 1724 1810 1806 quia
1837 1722 1877 1789 dc
1905 1745 1991 1806 pane
2014 1745 2080 1789 non
2102 1746 2176 1808 pro·

179 1821 288 1878 autem
310 1811 349 1876 ad
373 1813 527 1876 tuendam
549 1834 643 1878 suam
664 1812 851 1894 superbiam
872 1812 973 1878 solai
1022 1813 1157 1877 orantia·
1202 1811 1336 1876 nunciat
1356 1808 1523 1875 Christus:
1540 1809 1610 1889 ,Hie
1628 1829 1688 1892 ego
1710 1806 1786 1895 [pag.
1800 1807 1855 1895 90]
1879 1830 1967 1874 snm:
1989 1809 2046 1876 scd
2059 1831 2178 1894 corpus

179 1899 347 1983 gloriatur,
371 1897 491 1982 dignus
512 1909 563 1963 cst
583 1898 639 1962 illc
661 1898 758 1964 Pauli
781 1919 949 1980 responso:
973 1833 1041 1979 {uui
1056 1898 1149 1983 ignc-
1202 1917 1298 1959 suum
1321 1895 1478 1972 nominat,
1507 1915 1655 1960 seorsum
1674 1916 1801 1978 quoque
1812 1896 2006 1978 sanguinem
2018 1896 2054 1960 in
2077 1896 2176 1962 calice

181 1996 241 2060 rat,
264 1985 401 2068 ignoret.
956 2019 958 2026 ·
1202 1981 1307 2059 effert,
1330 2003 1396 2045 non
1417 2001 1511 2062 posse
1532 1980 1604 2046 fieri
1629 1981 1708 2062 quin
1730 1981 1865 2064 sanguis
1886 2002 1906 2045 a
1927 2000 2063 2063 corpere
2085 2001 2176 2064 sepa·

264 2068 301 2135 Si
324 2069 490 2134 fastidium
512 2069 594 2134 illud
616 2069 725 2145 sentit,
754 2088 829 2151 quc,
851 2068 1029 2134 secundum
1052 2069 1150 2134 Iuve·
1203 2078 1303 2131 retur.
1326 2066 1500 2150 Frigidum
1522 2067 1608 2130 enirn
1621 2077 1672 2131 est
1682 2065 1764 2131 illud
1786 2067 1988 2149 papistarum
1999 2068 2176 2149 sophisma,

178 2154 286 2221 nalem
305 2159 338 2232 ¹),
1202 2171 1320 2234 eorpus
1342 2174 1413 2217 esse
1435 2153 1470 2216 in
1499 2151 1614 2230 calice,
1647 2162 1681 2217 ct
1706 2153 1900 2236 sauguinem
1929 2153 1962 2216 in
1990 2172 2091 2235 pane,
2120 2175 2177 2238 per

311 2241 429 2306 Occidit
446 2241 578 2304 misma
599 2240 720 2305 crambe
740 2240 870 2320 repetita
890 2241 1073 2322 mayirtroe:
1201 2239 1502 2303 concomitantiam:
1530 2239 1606 2319 quia
1628 2259 1694 2302 non
1716 2249 1838 2303 temere
1861 2237 2023 2304 distinctis
2045 2239 2176 2323 symbe-

179 2348 236 2392 cur
258 2328 292 2389 in
316 2338 409 2390 sexta
431 2324 611 2390 obiectione
632 2326 798 2390 miseriam
820 2335 936 2408 sponte
958 2324 1019 2391 sibi
1040 2345 1149 2391 accer-
1201 2323 1241 2388 lis
1263 2345 1396 2389 carnem
1418 2324 1564 2388 suumin
1587 2323 1703 2400 cibum,
1733 2333 1767 2388 et
1788 2325 1982 2407 sanguinem
2004 2325 2039 2388 in
2062 2338 2176 2408 potum

178 2412 230 2489 sit,
252 2433 317 2475 non
340 2418 469 2475 tantum
491 2410 598 2475 inutili
620 2410 828 2493 repetitione,
857 2409 913 2476 sed
941 2412 1040 2475 etiam
1062 2430 1148 2477 vane
1200 2407 1297 2474 dedit
1342 2407 1380 2475 si
1406 2409 1495 2474 idem
1523 2420 1659 2490 utroque
1685 2407 1832 2493 symbolo
1858 2409 1969 2474 datur:
1998 2431 2078 2494 ergo
2100 2411 2176 2476 sub-

177 2495 381 2562 commcnto?
427 2495 495 2561 Nos
517 2497 604 2560 enirn
627 2497 674 2560 ita
695 2498 918 2581 argumentari
938 2498 1042 2580 fingit,
1062 2494 1146 2579 quod
1200 2495 1398 2560 stantialiter
1421 2495 1515 2577 panis
1537 2503 1587 2559 est
1607 2496 1755 2578 sanguis,
1782 2503 1816 2559 et
1837 2495 1952 2560 vinum
1974 2504 2024 2559 est
2048 2511 2174 2579 corpus.

175 2602 344 2664 nunquam
376 2583 467 2646 venit
498 2582 533 2645 in
571 2590 731 2647 mentem:
773 2581 810 2647 si
848 2581 1024 2664 corporalis
1061 2594 1148 2648 esset
1200 2582 1281 2646 Tam
1299 2581 1393 2662 panis
1416 2600 1494 2646 vero
1518 2601 1616 2662 quam
1642 2580 1729 2647 calix
1749 2579 1796 2646 bis
1817 2590 1852 2646 et
1873 2601 2020 2646 seorsum
2042 2583 2108 2647 erit
2129 2594 2176 2646 to·

174 2667 358 2751 praesentia
376 2667 410 2731 in
434 2687 542 2743 coena,
573 2667 666 2751 impii
690 2667 814 2749 pariter
842 2678 880 2733 ut
906 2667 1020 2733 fideles
1047 2668 1148 2751 parti-
1200 2676 1252 2732 tus
1275 2666 1435 2732 Christus.
1481 2663 1579 2747 Quod
1606 2666 1633 2731 si
1662 2665 1794 2732 Christo
1824 2667 2026 2750 propositum
2054 2668 2117 2732 fuit
2138 2670 2175 2733 fi-

177 2754 265 2836 cipes
287 2767 396 2817 essent
417 2754 560 2835 corporis
582 2752 718 2818 Christi.
761 2754 835 2837 Ego
856 2775 935 2818 vero
958 2753 1044 2818 hanc
1071 2777 1146 2819 con·
1200 2751 1388 2818 delessuos
1418 2751 1571 2817 distincte
1598 2771 1730 2835 pascere
1759 2752 1830 2818 cibo
1852 2762 1886 2817 et
1905 2761 1984 2837 potu
2000 2753 2177 2836 spirituali,

176 2838 388 2920 sequentiam,
412 2859 495 2921 quae
516 2837 682 2904 Heshusic
703 2838 875 2921 probatur,
904 2847 942 2904 ut
971 2838 1145 2922 insipidam
1199 2839 1355 2921 sequitur,
1388 2858 1494 2920 nsque
1521 2838 1555 2903 in
1577 2859 1663 2920 pane
1685 2860 1756 2904 esse
1777 2860 1924 2915 earnem,
1953 2858 2014 2903 nec
2043 2840 2177 2924 sangui-

175 2924 292 2990 reiicic.
347 2923 444 2990 Unde
476 2937 611 3006 apparet
649 2925 685 2989 in
716 2945 779 3007 quc
811 2946 931 3009 genere
965 2925 1072 2992 luctae
1111 2948 1146 2991 se
1197 2945 1274 2989 nem
1301 2925 1335 2989 in
1365 2925 1459 3002 vinc,
1493 2923 1550 2989 sed
1577 2924 1618 2989 ab
1640 2924 1692 2988 his
1719 2923 1876 3008 symbolis
1893 2934 2021 2991 mentes
2043 2947 2178 2991 sursum

174 3019 333 3076 exerceat
367 3007 434 3075 Sed
453 3009 557 3074 noluit
578 3010 701 3076 scilicet
720 3009 857 3093 perdere
878 3010 1054 3076 Menandri
1074 3032 1146 3078 car·
1198 3030 1270 3075 esse
1292 3008 1477 3094 erigendas:
1497 3018 1533 3073 ut
1543 3006 1668 3075 edendo
1679 3009 1805 3076 Christi
1825 3030 1968 3089 carnem,
1990 3021 2025 3075 et
2041 3013 2176 3096 sangtri·

174 3117 259 3174 nren,
303 3095 365 3159 ucd
388 3096 478 3177 prius
489 3095 601 3162 dehoc
622 3097 729 3178 capite
752 3095 877 3178 prolixe
888 3098 1037 3180 garriens
1059 3097 1146 3163 inse·
1198 3116 1274 3160 nem
1298 3095 1445 3172 bibendo,
1464 3094 1576 3162 solidis
1597 3095 1762 3162 alimentis
1784 3096 1945 3175 fruamur,
1980 3118 2041 3162 nec
2063 3108 2178 3162 tamen

174 3204 245 3247 rere
274 3180 392 3246 clitus
420 3181 536 3246 luerat.
582 3179 649 3247 Sed
676 3180 758 3246 mihi
791 3180 916 3264 liquido
947 3192 1145 3248 monstrasse
1198 3180 1420 3248 distrahamus
1452 3181 1631 3247 Christum.
1687 3181 1784 3246 Hanc
1816 3180 1921 3248 lucem
1951 3190 1989 3246 ut
2022 3182 2179 3248 obscuret

175 3266 295 3346 videor,
317 3288 415 3349 quam
439 3268 609 3350 nugatorie
630 3268 741 3332 fucum
764 3288 805 3332 ex
834 3267 900 3333 Dei
927 3269 1145 3334 immensitate
1196 3266 1392 3345 Heshusius,
1415 3267 1546 3333 tametsi
1566 3266 1791 3351 philosophiae
1802 3268 1935 3332 nomine
1946 3266 2104 3334 audacter
2125 3271 2176 3334 in·

112 3382 115 3387 ·
172 3353 278 3431 faciat,
301 3374 364 3436 quo
386 3352 558 3418 Christum
585 3363 754 3435 separata
782 3374 842 3419 suc
868 3353 996 3437 spiritu.
1041 3352 1144 3434 Deus,
1196 3353 1299 3418 fumat
1315 3352 1400 3436 quod
1423 3360 1533 3419 estex
1555 3353 1697 3436 genuina
1719 3352 1883 3437 theologia
1904 3362 2085 3435 sumptum,
2109 3376 2178 3420 non

173 3439 292 3520 inquit,
320 3439 430 3503 omnia
456 3438 586 3522 implet,
614 3460 719 3521 neque
746 3448 857 3504 tamen
887 3440 997 3505 omnia
1025 3440 1144 3506 siritu
1196 3437 1284 3503 aliud
1313 3447 1424 3504 minen
1449 3438 1671 3520 consequitur,
1700 3439 1763 3504 nisi
1790 3446 1829 3503 ut
1855 3438 1946 3504 senis
1967 3439 2122 3507 omnibus
2144 3450 2179 3506 et

173 3543 232 3588 auo
253 3525 439 3589 sanctificat.
489 3523 624 3607 Nempe,
647 3529 720 3603 [pag.
746 3531 799 3602 89]
826 3524 903 3608 quia
930 3546 996 3591 non
1024 3463 1145 3610 uirique
1196 3522 1352 3589 modestis
1389 3523 1588 3590 detestabilis
1624 3524 1669 3589 sit
1701 3522 1905 3608 arrogantiae
1942 3523 2041 3605 plena
2075 3526 2176 3592 obsti·
2263 3531 2268 3615 p*

173 3618 325 3690 operatur
352 3610 444 3675 Deus
472 3619 508 3673 ut
535 3609 735 3692 redemptor:
763 3609 888 3676 Christi
920 3620 1031 3686 autem
1062 3613 1146 3678 ratio
1196 3609 1294 3675 natio.
2263 3615 2264 3636 ¹

175 3693 314 3769 diversa,
337 3696 448 3777 quiin
473 3694 663 3761 mediatoris
684 3716 823 3777 persona
843 3717 1011 3780 nunquam
1037 3697 1147 3780 prodit
1284 3694 1444 3761 Octavam
1466 3695 1679 3763 abiectionem
1702 3696 1845 3780 περιτῆς
1865 3693 2091 3779 decoleretur,
2114 3701 2176 3763 etei
2256 3715 2260 3744 s

176 3779 246 3844 sinc
276 3780 392 3860 spiritu
418 3782 699 3847 sanctificationis:
736 3802 801 3864 qua
833 3782 960 3848 ratione
992 3783 1063 3848 vita
1095 3791 1147 3849 eet
1199 3802 1266 3846 non
1288 3780 1426 3847 fideliter
1447 3782 1578 3861 recitat,
1605 3782 1704 3847 nimis
1734 3794 1845 3846 tamen
1872 3779 1988 3864 frigide
2012 3801 2049 3847 ac
2073 3783 2175 3848 diluto
2253 3749 2258 3828 l

177 3862 361 3946 ubicunque
383 3867 435 3930 sit.
468 3867 559 3951 Ergo
571 3888 614 3932 ne
625 3878 720 3933 extra
741 3866 829 3933 cleas
840 3869 963 3935 trustra
979 3890 1147 3953 vagemur,
1199 3867 1307 3934 solvit.
1350 3867 1475 3933 Panem
1498 3866 1698 3934 adorandum
1721 3889 1792 3934 esse
1815 3879 1929 3951 negat:
1952 3868 2031 3950 quia
2052 3869 2175 3934 unione

176 3949 378 4015 demonstret
397 3951 584 4019 Heshusius
594 3952 775 4032 Christum,
788 3961 950 4036 quatenus
968 3977 1010 4020 ex
1021 3955 1149 4039 virgine
1201 3953 1405 4037 hypostatica
1425 3975 1492 4019 nen
1514 3963 1564 4020 est
1583 3951 1707 4019 Christi
1729 3972 1854 4036 cerpus.
1878 3950 1978 4018 Certe
1999 3951 2174 4038 Philippus
2242 3935 2249 4057 l

177 4043 346 4100 natusest
372 4035 486 4101 mundi
514 4037 714 4124 redemptor,
747 4038 865 4122 spiritu
892 4041 1149 4124 regenerationis
1200 4038 1436 4107 Melanchthou
1449 4061 1515 4103 nen
1545 4051 1611 4105 tam
1644 4060 1753 4104 rerum
1783 4051 1817 4103 ct
1843 4038 2016 4104 verborum
2038 4041 2174 4123 ignarus
2233 4066 2243 4108 s

177 4143 249 4187 esse
271 4142 420 4187 vacuum.
1199 4135 1271 4192 erat
1292 4125 1370 4208 quin
1393 4124 1633 4191 distinctionem
1656 4123 1741 4191 hane
1763 4135 1899 4190 teneret
1937 4122 2032 4189 Vidit
2054 4140 2172 4205 tamen,
2223 4110 2241 4266 J

262 4207 302 4271 In
323 4207 466 4287 septima·
488 4208 665 4275 obiectione
689 4210 823 4293 planum
847 4211 926 4277 facit
951 4233 1051 4294 quam
1071 4232 1149 4278 vere
1200 4211 1292 4294 quod>
1312 4232 1365 4276 res
1386 4219 1472 4289 erat,
1506 4212 1534 4276 si
1561 4211 1656 4293 panis
1677 4220 1762 4276 esset
1784 4230 1910 4293 cerpus,
1933 4210 2004 4275 sine
2028 4211 2098 4276 ulla
2117 4234 2172 4277 ex·
2228 4224 2232 4228 ”

177 4294 326 4370 dixerim,
349 4311 404 4355 ecs
425 4293 482 4374 qui
510 4315 627 4378 corpus
653 4294 779 4361 Christi
801 4296 974 4362 includunt
1000 4298 1035 4362 in
1054 4317 1148 4380 pane,
1201 4297 1349 4380 ceptione
1369 4317 1441 4361 esse
1462 4295 1671 4361 adorandum.
1721 4295 1919 4378 Quanquam
1940 4306 2018 4361 ante
2037 4295 2172 4373 ostendi,

177 4393 211 4445 et
231 4379 267 4444 iu
297 4378 397 4443 calice
419 4381 628 4463 sanguinem,
657 4381 748 4446 nulla
768 4382 1038 4466 tergiversatione
1055 4404 1149 4466 posse
1200 4393 1238 4448 ut
1259 4381 1373 4447 demus
1394 4381 1563 4448 Heshusic
1585 4404 1651 4447 non
1672 4383 1826 4465 consequi
1839 4383 1962 4448 exeius
1984 4403 2096 4448 errore
2117 4406 2171 4466 pa·

177 4465 269 4544 elabi,
292 4464 373 4547 quin
393 4462 531 4528 alterum
554 4466 594 4531 ab
616 4466 719 4531 altero
739 4466 907 4534 divellant
952 4466 1039 4550 Quia
1060 4470 1148 4534 enim
1201 4489 1276 4534 nem
1300 4488 1372 4534 esse
1393 4468 1605 4547 adorandum,
1629 4490 1670 4532 ne
1691 4469 1859 4534 sictamcn
1881 4468 2027 4550 effugere
2049 4469 2172 4535 crimen

177 4551 305 4616 nullum
333 4548 424 4615 videt
445 4549 617 4633 effugium,
647 4552 858 4619 conviciando
887 4556 1086 4638 perrumpit,
1116 4563 1150 4620 et
1201 4552 1422 4639 ᾰρεολαιρείας,
1444 4555 1521 4637 quia
1541 4575 1662 4638 negare
1684 4575 1749 4619 nen
1772 4565 1880 4636 potest
1896 4554 1976 4636 quin
1989 4553 2171 4621 adorandus
2203 4525 2221 4694 J

176 4658 229 4703 me
248 4638 328 4703 lacit
348 4636 564 4723 Epicureum·
590 4634 714 4717 Quales
735 4658 776 4702 ex
797 4660 857 4704 sua
877 4640 989 4707 echela
1009 4640 1149 4724 discipu·
1201 4641 1244 4705 sit
1265 4639 1418 4706 Christus
1440 4641 1471 4705 in
1496 4660 1578 4722 pane
1601 4639 1654 4704 vel
1671 4641 1732 4705 sub
1745 4660 1838 4723 panc.
1883 4639 1970 4703 Nam
1992 4652 2082 4705 certe
2104 4639 2172 4713 ubif
2206 4691 2212 4699 .,

177 4723 225 4788 los
245 4722 448 4805 produxerit,
471 4722 593 4787 referre
616 4722 697 4786 nihil
719 4723 843 4790 attinet.
884 4726 982 4792 Certe
1005 4747 1046 4792 ex
1068 4727 1150 4792 hara
1174 4760 1177 4843 Ι
1201 4747 1329 4808 cunque
1357 4736 1415 4803 est,
1443 4723 1589 4790 fraudari
1623 4745 1696 4790 eum
1723 4727 1773 4791 las
1796 4746 1859 4790 non
1881 4724 1945 4789 erit
1966 4744 2027 4789 suo
2052 4725 2171 4791 honore

176 4808 310 4891 Epicuri
332 4828 400 4872 ncn
421 4805 585 4890 prodeunt
605 4808 660 4889 qui
682 4807 842 4893 intrepide
854 4812 980 4880 animas
1002 4835 1080 4879 suas
1101 4813 1148 4878 ci·
1202 4816 1276 4891 [pag.
1295 4817 1349 4891 et]
1372 4811 1527 4911 ⁰⁸.⁰.¹¹¹l¹¹·
1572 4809 1761 4910 Quid-ergo
1787 4811 1892 4896 magis
1917 4825 2170 4958 prqeposterum,
2194 4887 2200 4895 ..

1174 4929 1177 4995 ²
1201 4920 1300 5049 tltt
1321 4899 1598 5132 ltptttttt
1611 4895 2076 5065 tlhthtlttttultt
2085 4897 2171 5068 :3353
2183 4911 2203 5103 l

247 5078 275 5144 1)
297 5080 352 5135 Sat.
379 5079 445 5137 VII.
465 5097 488 5136 ο.
508 5081 565 5136 let.
604 5081 702 5136 Gallus
720 5081 786 5136 baec
803 5084 907 5138 omitte.
1174 5070 1176 5118 J
1201 5090 1255 5137 ecs
1278 5070 1371 5153 panis
1419 5090 1573 5153 quorsum
1592 5089 1627 5135 se
1648 5071 1683 5136 in
1704 5090 1814 5154 genua
1834 5079 2046 5153 prosternunt
2066 5089 2169 5136 ceram
