4724 5886
947 293 1310 365 PROLEGOMENA„

982 523 1184 612 OAPU'P
1225 525 1284 610 Ia·

931 730 1321 829 ORATIONES.

284 898 481 967 Innumerae
502 907 632 968 entant
650 898 781 968 Oalvini
798 899 966 966 conciones
983 920 1095 967 saorae
1112 909 1145 966 et
1165 900 1407 982 ecclesiasticae,
1429 922 1539 970 coram
1561 901 1679 986 populo
1695 923 1714 970 e
1731 911 1888 989 suggestu
1907 901 2116 982 declamatae,

133 1020 198 1078 tam
224 1013 313 1098 typis
341 1012 446 1079 aditae
472 1034 569 1097 qnam
596 1033 696 1079 mann
724 1012 871 1094 scriptae.
920 1013 972 1078 De
1000 1012 1053 1079 his
1079 1033 1147 1078 non
1175 1013 1286 1098 agitur
1312 1012 1476 1082 hocloco.
1527 1012 1684 1098 Raparias
1712 1017 1820 1101 potius
1849 1017 1910 1082 sub
1937 1015 1994 1082 illo
2021 1015 2116 1081 titulo

133 1122 325 1191 oratorum
347 1125 558 1208 paucissimas
578 1125 702 1208 aliquas
724 1123 862 1193 diversis
882 1124 1102 1191 occasionibus
1123 1125 1259 1207 habitas,
1284 1146 1366 1209 quas
1395 1147 1497 1210 quum
1524 1147 1629 1210 naque
1657 1129 1692 1193 in
1714 1126 1922 1208 Sermonum,
1952 1148 2056 1214 nequa
2082 1128 2117 1192 in

133 1235 352 1316 Tractatum,
374 1257 480 1321 neque
502 1238 536 1303 in
558 1236 778 1321 Epistularum
800 1257 974 1302 numerum
995 1237 1116 1303 referre
1138 1238 1350 1320 potuerimus,
1371 1240 1546 1322 separatim
1573 1237 1743 1306 collocatas
1771 1241 1906 1308 caeteris
1937 1239 2117 1308 minoribus

133 1347 258 1432 scriptis
280 1349 477 1434 subiungere
499 1349 630 1434 placuit
673 1347 897 1414 Plurimarum
918 1347 1057 1413 aliarum
1081 1349 1265 1435 fragmenta
1292 1350 1343 1416 val
1371 1349 1563 1434 compendia
1590 1350 1667 1417 olim
1689 1353 1875 1420 Annalibus
1903 1353 2024 1420 nostris
2051 1352 2118 1419 eal·

134 1460 272 1539 vinicus
292 1461 433 1528 insertas
454 1461 599 1529 habebis.
643 1460 732 1529 Sunt
754 1480 831 1526 vero
853 1459 928 1526 illae
951 1462 984 1524 in
1008 1460 1069 1527 hoc
1096 1460 1262 1531 volumina
1283 1470 1424 1544 quatuor
1444 1472 1624 1547 sequentes.

1113 1632 1141 1700 L

134 1775 284 1861 Ooncio
317 1777 552 1862 academica
589 1777 755 1862 nomine
790 1776 982 1861 Rectoris
1026 1775 1308 1861 universitatis
1338 1776 1585 1864 Parisiensis
1615 1776 1779 1862 Nicolai
1818 1777 1925 1891 Oopi
1961 1779 2117 1893 scripta

930 1930 1178 2016 atrocitate
1207 1933 1325 2015 1533.
1947 1921 1949 1930 ἱ

285 2114 440 2183 Nicolaua
467 2116 522 2182 ille
549 2116 667 2202 (lopus,
696 2117 864 2184 Giulielmi
885 2114 1000 2182 medici
1024 2115 1106 2201 regii
1127 2115 1221 2194 filius,
1243 2115 1377 2182 natione
1397 2115 1597 2197 Basilicusis,
1623 2137 1728 2202 nuper
1749 2116 1790 2184 ad
1812 2124 1992 2187 rectoratus
2014 2119 2115 2185 hono-

135 2248 202 2293 ram
230 2235 377 2308 evectus,
410 2249 468 2312 pro
500 2249 591 2296 mora
622 2228 664 2294 ad
691 2251 810 2296 munus
838 2227 1071 2313 capessendum
1100 2227 1254 2294 Calendis
1283 2226 1532 2309 Novembribus,
1564 2248 1628 2313 quo
1657 2226 1708 2295 die
1734 2230 1770 2295 in
1784 2229 1932 2297 ecclesia
1957 2231 2116 2299 catholica

134 2341 354 2426 Panagiorum
375 2341 494 2407 festum
515 2339 706 2423 celebratur,
729 2341 910 2407 orationem
931 2337 1156 2424 inauguralam
1179 2340 1299 2405 habere
1323 2338 1467 2407 debebat
1512 2340 1615 2408 Ouius
1638 2341 1821 2409 exorandae
1842 2363 1953 2409 auram
1975 2342 2114 2409 calvino

133 2455 244 2533 amico,
266 2454 355 2520 haud
376 2455 423 2520 ita
443 2454 500 2520 diu
520 2461 617 2520 antea
644 2453 685 2520 ad
713 2455 827 2536 purius
854 2452 1061 2537 evangelium
1088 2460 1122 2518 at
1149 2450 1329 2537 theologica
1357 2452 1465 2518 studia
1492 2474 1658 2533 converso,
1690 2452 1909 2536 demandavit,
1938 2464 2034 2540 atqua
2063 2455 2116 2521 hic

132 2567 298 2633 occasione
324 2566 431 2633 oblata
457 2566 586 2650 publice
618 2566 717 2632 fidam
750 2564 923 2650 profitendi
950 2585 1032 2649 quae
1059 2571 1130 2629 tum
1157 2565 1193 2628 in
1221 2564 1292 2648 ipsa
1313 2564 1403 2632 Urbe
1429 2565 1495 2630 iam
1520 2565 1734 2649 plurimorum
1762 2567 1881 2633 animis
1906 2568 2017 2634 infixax
2035 2576 2115 2647 arat,

131 2678 230 2745 talem
257 2680 437 2764 composuit
469 2679 504 2744 in
537 2680 607 2762 qua‘
633 2678 776 2762 apertius
804 2698 902 2762 quam
927 2684 1023 2744 antea
1051 2676 1221 2761 quisquam
1247 2675 1369 2742 inille
1395 2685 1489 2743 coetu
1525 2697 1622 2745 ausus
1649 2678 1758 2744 fuerat
1784 2679 1825 2746 da
1852 2700 1932 2747 vera
1959 2679 2116 2765 religione

132 2789 320 2857 disserebat
363 2789 437 2856 Hoc
461 2810 539 2857 vero
560 2788 709 2857 Sorbona
735 2790 820 2856 terre
846 2808 914 2855 non
936 2790 1050 2873 potuit,
1079 2809 1139 2856 nea
1161 2788 1312 2871 probavit
1334 2787 1591 2855 Parlamantum.
1634 2791 1665 2855 A
1687 2810 1750 2875 qno
1773 2792 1890 2857 citatus
1912 2800 2018 2858 rector
2045 2812 2116 2858 sesa

131 2901 263 2987 quidem
283 2903 320 2969 in
341 2903 427 2971 viam
447 2922 524 2969 oum
544 2901 612 2968 suis
634 2901 872 2986 apparitoribus
893 2900 992 2981 dadit,
1016 2900 1074 2968 sed
1094 2898 1136 2966 ab
1158 2900 1271 2967 amicis
1292 2902 1327 2965 iu
1347 2901 1467 2968 itinere
1488 2900 1672 2967 admonitus
1699 2912 1738 2967 ut
1763 2903 1825 2969 sibi
1852 2903 1893 2969 ab
1921 2902 2117 2970 adversariis

132 3021 278 3095 caveret,
308 3014 441 3081 domum
470 3034 621 3082 reversus
651 3036 693 3081 ex
725 3015 795 3098 ipso
827 3034 903 3081 mox
929 3032 1031 3099 regno
1061 3011 1220 3080 excedens
1247 3012 1412 3079 Basilaam
1438 3033 1474 3079 so
1502 3013 1647 3080 contulit
1696 3014 1808 3080 Etiam
1835 3014 1994 3083 Calvinus
2020 3036 2116 3099 quem

132 3148 244 3195 rumor
264 3126 413 3212 publicus
434 3133 473 3193 ut
493 3134 641 3194 autorem
665 3127 820 3193 orationis
846 3125 1046 3211 designabat,
1074 3125 1243 3209 praecipiti
1270 3124 1351 3210 fuga
1377 3125 1517 3192 vinculis
1545 3148 1580 3193 sa
1607 3124 1764 3192 subduxit
1790 3133 1824 3192 et
1844 3127 1978 3193 Lutetia
2005 3127 2117 3193 relicta

133 3241 167 3306 in
188 3237 375 3307 Santonum
401 3240 483 3305 linas
509 3240 676 3306 concessit.
720 3238 812 3305 Hmc
837 3239 905 3305 fera
930 3238 1018 3305 Baaa
1043 3237 1079 3302 in
1106 3237 1185 3302 Vita
1209 3236 1341 3303 Caluini
1367 3237 1469 3303 latina
1495 3238 1548 3323 (cf.
1577 3237 1659 3304 Hor.
1689 3238 1743 3304 dea
1770 3237 1825 3324 aa.
1848 3238 1905 3321 rdf.
1934 3239 1972 3304 de
1994 3237 2117 3304 Franco
2175 3273 2179 3281 ,

131 3350 159 3418 L
180 3373 254 3439 pag.
281 3351 344 3438 14).
393 3351 436 3417 In
455 3351 572 3437 gallica
592 3358 702 3418 autem
723 3349 864 3418 editione
884 3370 905 3415 a
926 3348 1104 3416 Gollsdono
1126 3357 1296 3432 procurata
1316 3350 1453 3416 caeteris
1480 3348 1611 3417 brevius
1633 3349 1788 3416 absolutis
1815 3348 1856 3414 de
1879 3349 2017 3416 Calvino
2044 3370 2116 3414 ora·

131 3466 230 3532 tionis
252 3471 365 3531 autore
391 3465 522 3530 omuino
550 3463 633 3529 nibil
659 3462 762 3547 audis,
789 3462 846 3549 qui
873 3462 913 3527 ob
940 3461 1192 3528 familiaritatem
1221 3468 1348 3527 tantum
1374 3461 1461 3527 inter
1488 3482 1563 3527 eum
1590 3469 1624 3528 at
1644 3462 1771 3546 Oopum
1797 3459 2052 3528 intercedentem
2080 3461 2116 3525 in

130 3575 213 3643 illud
233 3575 407 3644 discrim0n
424 3576 553 3642 venisse
574 3574 724 3642 traditur.
768 3576 884 3659 Itaque
905 3575 932 3640 si
956 3573 1028 3657 quis
1050 3573 1091 3640 de
1108 3571 1264 3640 Oratione
1286 3572 1341 3638 illa
1363 3573 1484 3640 Nostro
1506 3572 1702 3641 vindicanda
1722 3573 1855 3641 dubium
1876 3593 2006 3639 movere
2026 3571 2116 3653 velit,

130 3710 199 3756 non
219 3690 301 3757 citra
321 3688 462 3774 speciem
482 3688 597 3769 Beaae,
620 3688 743 3756 seilicet
763 3688 897 3754 meliora
917 3685 1021 3754 edocti
1039 3684 1095 3752 vel
1116 3694 1237 3752 temere
1259 3685 1336 3752 olim
1359 3686 1445 3752 dicta
1466 3686 1681 3766 retractantis,
1705 3685 1870 3752 silentium
1886 3681 2115 3770 praetenderit

128 3801 243 3870 Nihilo
264 3803 371 3869 minus
392 3800 621 3869 documentum
643 3799 724 3866 illud
745 3800 802 3867 diu
823 3799 1050 3878 desideratum,
1073 3806 1106 3864 ct
1126 3797 1210 3883 quod
1233 3798 1301 3881 ipsa
1322 3799 1361 3864 P.
1384 3798 1502 3884 Henry
1525 3799 1566 3884 (I.
1592 3800 1648 3883 56)
1677 3796 1879 3882 deperditum
1908 3794 2068 3875 eradebat,
2097 3816 2117 3862 a

128 3914 318 3984 collecfions
344 3920 456 3981 nostru
473 3914 586 3981 abessa
606 3913 779 3994 noluimus,
801 3913 942 3979 maxime
963 3911 1040 3998 quia
1056 3910 1159 3995 ipsius
1181 3909 1314 3978 Caluini
1334 3930 1435 3976 manu
1456 3908 1656 3994 descriptum
1683 3917 1791 3977 exstat
1811 3910 1845 3975 in
1867 3908 1985 3977 (lodice
2007 3909 2116 3976 Gena-

128 4027 225 4097 vansi
246 4026 324 4113 (145
346 4025 399 4093 lol
422 4025 487 4112 85),
510 4026 544 4091 in
563 4046 626 4109 quo
644 4024 807 4110 permulta
824 4024 889 4090 alia
910 4025 994 4091 varii
1015 4024 1144 4109 generis
1163 4022 1357 4102 calviniana,
1379 4043 1481 4108 eaque
1502 4019 1707 4088 hauddubie
1732 4021 1922 4089 authentica
1941 4020 2115 4087 habentur.

127 4139 310 4207 Castorum
330 4137 376 4204 ibi
396 4159 462 4204 non
482 4137 613 4223 integra
632 4137 754 4224 legitur
774 4137 830 4203 illa
851 4137 965 4212 oratio,
986 4134 1044 4201 sed
1065 4136 1185 4201 maiora
1208 4156 1249 4200 ex
1271 4143 1372 4219 parta,
1394 4141 1432 4200 nt
1451 4132 1593 4215 videtur,
1617 4154 1734 4200 manca
1755 4143 1788 4201 et
1808 4133 1932 4200 mutila
1972 4134 2116 4218 Inscrip-

128 4252 177 4320 tio
199 4250 311 4318 addita
330 4251 393 4316 fuit
411 4248 476 4316 alia
498 4250 555 4316 sed
579 4270 700 4318 coaeva
726 4271 834 4328 mauu,
863 4245 1056 4333 (Colladoni,
1083 4254 1122 4312 ut
1147 4245 1222 4312 vult
1244 4245 1509 4330 Herminjardus)
1536 4246 1694 4313 hactenus
1721 4252 1852 4312 errante
1878 4244 1963 4331 quod
1994 4265 2115 4313 annum

131 4367 218 4431 16³4
238 4365 269 4431 ei
291 4362 435 4431 natalem
456 4362 608 4450 assignat.
653 4362 794 4429 'sextum
814 4380 920 4444 nuper
939 4359 1064 4446 primus
1084 4357 1174 4427 dedit
1194 4357 1447 4444 Herminjardus
1466 4358 1501 4424 in
1522 4356 1615 4425 Oorr.
1639 4355 1696 4426 des
1718 4357 1790 4426 Rcc
1812 4356 1875 4424 HL
1902 4361 1974 4424 418.

1105 4549 1150 4618 Π.

436 4676 564 4816 Deux
594 4676 782 4764 discours
811 4682 1041 4792 prononcds
1072 4705 1126 4761 au
1151 4673 1343 4787 colloque
1369 4672 1422 4760 de
1449 4671 1672 4762 Irausanne
1700 4676 1819 4759 1536.

285 4861 338 4932 De
357 4862 516 4950 colloquio
537 4863 768 4931 Lausannensi
788 4863 867 4929 anni
891 4864 971 4928 1536
995 4882 1093 4947 supra
1112 4882 1185 4948 pag.
1197 4861 1284 4930 LIII
1307 4860 1387 4928 satia
1408 4859 1550 4929 diximus
1571 4859 1623 4927 ad·
1636 4859 1879 4927 confessionam
1901 4857 1969 4927 sive
1991 4855 2114 4923 Thasos

126 4977 175 5047 ad
195 4976 431 5064 disputandum
451 4978 497 5045 ibi
516 4977 698 5062 propositas
719 4979 944 5064 apoloyttmrc.
987 4974 1053 5043 Ubi
1074 4976 1173 5042 etiam
1194 4974 1338 5042 codicem
1359 4974 1562 5042 Bemensem
1584 4972 1800 5042 indicavimus
1827 4992 1869 5037 ex
1891 4990 1955 5056 quo
1983 4976 2016 5036 et
2036 4969 2114 5036 ube-

128 5092 201 5159 rior
227 5092 330 5158 totius
357 5090 492 5157 rebonis
518 5090 635 5157 notitia
660 5089 786 5156 hauriri
813 5094 928 5173 potest,
956 5093 989 5153 at
1015 5087 1078 5171 ipsi
1104 5086 1187 5154 duas
1211 5086 1342 5154 Oalvini
1367 5087 1539 5169 orationes,
1568 5086 1623 5170 qui
1649 5084 1700 5153 bis
1726 5091 1854 5152 tantum
1880 5103 1920 5150 aa
1945 5081 2114 5149 occasione

130 5201 238 5274 verba
252 5203 368 5271 faciam
388 5199 528 5282 ridetur,
549 5223 640 5270 nuno
661 5202 803 5287 primum
819 5201 947 5288 integra
968 5196 1110 5269 edendas
1130 5200 1359 5286 excerpsimus.

237 5332 453 5403 armam.
489 5331 546 5390 ror.
562 5331 625 5414 rx„
1886 5305 1913 5364 Κ
