4748 5798
87 193 151 257 119.
931 185 1233 256 anamma

81 378 167 445 mini
197 400 263 443 non
294 378 412 445 habeo:
451 377 621 444 eonsilium
653 384 763 442 antem
802 376 858 455 do,
898 382 1056 458 tanquam
1106 394 1206 457 quum
1234 394 1331 442 nomo
1363 397 1403 442 ex
1430 383 1689 443 tota'rotustatc
1715 376 1801 443 hanc
1828 375 2088 441 similitudinem

81 461 337 530 misericordiam
360 473 575 547 consequutus
596 464 785 541 aDomino,
806 471 844 527 ut
866 462 928 526 sim
950 460 1056 526 fidelis
1106 460 1239 526 nonsit
1264 462 1443 544 amplexus.
1486 461 1556 528 Sed
1576 485 1637 530 cur
1661 461 1810 546 maligne
1830 463 1956 527 interca
1982 461 2078 526 ‹lissi-

98 551 141 615 ib.
164 571 195 616 1.
219 552 285 635 211).
321 548 433 631 Quid?
456 551 546 615 Dum
564 569 647 615 evan
691 549 772 613 lium
792 548 941 612 nominat
958 567 1055 611 suum
1107 546 1220 625 mulat,
1243 555 1399 613 tesseram
1421 551 1539 628 vocari,
1562 550 1616 614 cui
1638 569 1766 614 annexa
1783 549 1826 614 eit
1840 548 1884 613 rei
1896 547 2077 612 exhibitio?

100 635 195 707 Rom.
218 639 247 715 2,
284 637 345 717 16),
374 657 415 700 an
434 636 567 701 Christo
588 636 642 718 qui
667 656 764 718 quam
791 632 947 717 derogat?
975 633 1054 715 quin
1107 630 1176 697 Cur
1207 633 1305 696 etiam
1335 634 1503 713 mentitur,
1538 654 1659 718 negare
1687 633 1872 713 Calvinum,
1903 633 2080 717 participes

83 723 190 804 potius
212 723 312 786 sumit
332 742 391 804 pro
413 723 562 788 confesso
583 719 669 804 quod
696 721 775 786 alibi
802 718 892 784 dicit:
915 719 971 784 An
997 738 1055 782 ex·
1106 738 1167 781 nos
1187 718 1259 783 fieri
1280 719 1481 785 substantiae
1502 722 1610 785 caruis
1637 727 1670 785 ct
1698 720 1868 793 sanquinis
1889 719 2014 784 Christi
2043 719 2080 783 in

82 808 301 891 perimentum
322 807 392 872 cius
413 808 567 890 quaeritis
588 807 645 890 qui
667 806 704 870 in
726 826 778 870 me
795 805 941 887 loquitur
952 803 1055 869 Chri·
1106 823 1215 881 coena,
1237 825 1338 886 quum
1361 806 1560 870 substantiae
1587 826 1706 870 nomen
1736 804 1856 871 diserte
1882 804 2040 887 usurpet?
2052 805 2079 888 ¹)

83 893 176 958 stus?
211 892 436 977 (2021113,
466 894 511 976 3.)
543 890 641 973 Quod
673 893 701 957 si
733 889 810 977 quid
843 890 1055 955 insectatione
1106 887 1216 953 Facile
1237 888 1301 954 orit
1323 889 1471 956 Gabricli
1492 913 1558 956 non
1579 905 1708 957 centum
1727 890 1998 967 modoCalvinos,
2021 889 2079 954 sed

83 978 219 1062 dignum
240 981 347 1044 estin
367 979 478 1045 verbis
489 977 629 1056 Caluini,
651 977 761 1043 Luoas
783 976 814 1041 ei
835 975 1055 1057 succremplo
1107 973 1286 1053 Christum,
1308 977 1483 1058 prophetas
1507 987 1541 1042 et
1566 979 1728 1060 apostolos
1752 996 1866 1042 omnes
1896 976 2080 1041 haereticos

84 1064 125 1130 ad
147 1066 366 1132 defensionem
385 1064 533 1142 sufficiet,
555 1065 610 1146 qui
628 1061 1054 1144 sicintotumevangelium
1105 1059 1212 1125 faeere
1241 1059 1278 1124 in
1308 1069 1402 1126 121112
1435 1063 1615 1128 mentiendi
1648 1063 1789 1129 licentia.
1840 1062 1956 1145 Itaque
1995 1061 2080 1126 nihil
2108 1097 2111 1105 ·

82 1153 262 1236 praefatur:
286 1150 453 1232 Quoniam
475 1149 570 1215 multi
582 1150 727 1233 aggressi
746 1157 824 1212 sunt
844 1153 955 1212 texere
978 1167 1055 1210 nar·
1105 1146 1236 1224 mirum,
1259 1147 1286 1211 si
1316 1147 1440 1211 nullam
1467 1150 1503 1213 in
1529 1150 1690 1232 scriptura
1716 1148 1877 1233 syllabam
1900 1148 2079 1213 Calvinum

83 1239 251 1314 rationem,
285 1251 344 1302 etc.
378 1236 488 1301 visum
501 1315 506 1323 .
521 1244 571 1300 est
597 1244 632 1299 et
661 1233 744 1298 mihi
774 1255 816 1299 ex
848 1232 962 1297 ordine
995 1232 1054 1298 tibi
1106 1233 1251 1313 proferre
1272 1231 1428 1298 audacter
1447 1235 1554 1312 iactet,
1579 1235 1658 1299 dum
1678 1233 2079 1300 transsubstantiationem

83 1324 198 1389 omnia·
221 1323 363 1389 scribere
385 1322 479 1401 (Luc.
512 1328 537 1399 l,
572 1321 614 1405 l).
658 1319 755 1385 Nunc
781 1317 938 1402 quidquid
962 1325 1054 1401 petu·
1105 1326 1287 1401 oppugant:
1322 1318 1398 1402 qnia
1428 1340 1487 1401 pro
1520 1320 1623 1385 nihilo
1655 1319 1759 1398 ducit,
1793 1318 1905 1384 fideles
1937 1318 2079 1384 eundem

82 1409 204 1475 lautiae
240 1410 277 1473 in
314 1427 367 1473 me
408 1408 530 1473 exserit
559 1406 709 1484 Gabriel,
746 1406 906 1469 sustineat
935 1405 1053 1469 Lucas.
1106 1423 1223 1485 panem
1241 1404 1277 1468 in
1299 1425 1398 1469 coena
1420 1407 1623 1489 participare,
1647 1415 1679 1471 et
1702 1425 1817 1488 panem
1837 1425 1908 1471 esse
1924 1413 2079 1467 κοινωνίαν

83 1494 282 1577 Quanquam
302 1494 430 1577 plenior
462 1496 606 1575 suppetit
631 1490 740 1558 cavilli
773 1490 897 1556 dilutio.
941 1489 1054 1571 Neque
1106 1490 1248 1572 corporis
1280 1490 1413 1555 Christi.
1457 1495 1571 1574 Aeque
1602 1491 1766 1556 subtiliter
1796 1491 1900 1556 eludit
1925 1490 2013 1574 quod
2039 1489 2078 1555 de

82 1583 170 1646 enirn
191 1580 259 1646 illio
281 1580 452 1663 praecipue
474 1578 514 1642 de
525 1579 629 1660 capite
640 1577 747 1660 aliquo
758 1577 924 1659 religionis
936 1576 1053 1658 agitur,
1107 1586 1224 1639 natura
1241 1585 1518 1641 sacramentorum
1540 1575 1680 1641 secundo
1702 1578 1773 1643 loco
1794 1575 1885 1642 addit
1902 1576 2076 1641 Calvinus:

83 1667 141 1733 sed
164 1664 204 1732 de
225 1665 355 1748 speciali
373 1664 548 1730 verborum
561 1684 668 1742 sensu,
687 1664 721 1727 in
734 1662 1054 1744 quolibertasiuter·
1105 1660 1189 1724 nihil
1210 1661 1335 1727 scilicet
1356 1660 1562 1743 credendum,
1580 1660 1666 1746 quod
1687 1685 1752 1727 non
1769 1683 1807 1727 ex
1834 1683 1959 1728 ressuru
1979 1663 2023 1728 sit
2043 1663 2078 1726 in

82 1753 228 1836 pratibus
250 1771 379 1835 semper
400 1749 461 1815 hac
482 1749 555 1832 lege
578 1748 737 1832 permissa
755 1753 830 1828 [pag.
850 1752 903 1826 27]
923 1747 995 1823 11111,
1017 1753 1055 1810 ut
1105 1748 1283 1828 seripturis.
1330 1746 1432 1827 Quasi
1455 1769 1532 1812 vero
1553 1746 1684 1813 aliunde
1709 1684 1885 1832 petenlum
1914 1750 1958 1813 sit
1984 1747 2079 1831 quid-

82 1838 285 1903 momiuisset
305 1837 450 1919 quisquc,
473 1835 607 1918 spiritus
628 1834 862 1918 prophetarum
886 1832 1054 1918 prophetis
1105 1832 1181 1915 quid
1215 1831 1255 1897 de
1286 1842 1562 1898 sacramentorum
1594 1842 1714 1900 natura
1744 1839 1894 1914 [1111229]
1928 1834 2078 1917 cognosci

83 1925 243 1990 subiectos
262 1942 332 1987 osse
353 1926 399 2005 (l.
421 1921 495 1987 Cor.
523 1926 570 1999 14,
593 1921 660 2004 32).
704 1921 758 1984 An
780 1918 941 1984 modestia
964 1917 1054 1984 canis
1104 1926 1220 2000 potest.
1257 1917 1356 1983 Certo
1379 1939 1444 1982 nou
1466 1920 1507 1984 ab
1531 1920 1662 1984 homine
1683 1921 1834 2003 quopiam
1846 1920 1977 1984 mortali
1996 1918 2079 1984 didi-

82 2008 203 2075 latratu
223 2009 259 2073 in
285 2007 402 2072 miram
430 2006 651 2089 arrogantiam
680 2013 714 2070 et
737 2006 857 2070 fastum
885 2002 1052 2069 vertetur?
1105 2004 1209 2068 cimus
1231 2003 1352 2070 visibili
1372 2004 1520 2088 symbolo
1542 2005 1609 2071 illic
1629 2005 1867 2090 repraesentari
1885 2006 2080 2072 reminvisi·

83 2094 257 2160 Caeterum
279 2095 370 2176 quasi
392 2090 434 2157 ad
455 2112 490 2157 se
512 2111 672 2170 reversus,
695 2090 863 2155 contendit
874 2089 971 2173 paulo
982 2098 1055 2172 post
1106 2088 1212 2154 bilem.
1255 2091 1311 2154 Au
1334 2088 1512 2172 baptismus
1534 2091 1626 2157 nobis
1648 2094 1711 2156 erit
1738 2091 1918 2174 spiritualis
1945 2090 2077 2168 ablutio,

82 2180 162 2246 falso
184 2179 277 2245 citari
300 2200 319 2243 a
341 2178 478 2243 Calvino
499 2177 615 2254 locum,
642 2176 728 2260 quod
761 2176 896 2258 spiritus
922 2183 1054 2241 sanctus
1104 2175 1170 2239 nisi
1190 2174 1386 2258 respondeat
1405 2195 1506 2258 aquae
1529 2176 1678 2261 analogia
1698 2178 1733 2241 in
1758 2177 1909 2243 abluendi
1935 2178 2080 2260 eorporis

81 2273 217 2331 vocetur
248 2264 412 2330 columba:
445 2283 546 2345 quum
578 2262 689 2329 dicant
720 2270 786 2327 tres
819 2260 1053 2346 evangelistae:
1105 2260 1273 2326 sordibus?
1318 2259 1376 2327 Sic
1406 2281 1467 2326 noc
1492 2262 1580 2328 color
1606 2262 1784 2345 spiritualis
1810 2262 1959 2327 alimenti
1986 2264 2080 2329 nobis

83 2350 161 2416 Vidi
183 2350 335 2433 spiritum
363 2357 512 2415 sanctum
540 2347 790 2415 descendentem
817 2348 908 2429 quasi
933 2345 1054 2412 colum-
1105 2347 1169 2411 en't
1190 2346 1385 2431 symbolum,
1407 2348 1465 2412 sed
1486 2368 1605 2429 panem
1633 2348 1746 2414 adesse
1771 2356 1907 2431 oportet,
1935 2357 1974 2412 ut
2001 2370 2080 2413 con·

80 2435 556 2519 bam(Matth.3,16;Maro.
579 2439 605 2511 l,
628 2434 807 2512 10;Ioauu.
830 2433 940 2515 l,32).
963 2432 1054 2515 Ergo
1106 2432 1217 2497 veniat
1248 2434 1336 2497 inter
1369 2435 1498 2498 animae
1527 2442 1560 2499 et
1586 2436 1730 2518 corporis
1755 2434 1861 2499 cibum
1888 2434 2079 2499 similitudo.

80 2523 239 2586 mentitus
260 2542 305 2598 es,
327 2530 361 2585 et
381 2519 526 2603 improbe
550 2520 777 2599 calumniatus,
798 2518 869 2584 sine
892 2518 1055 2600 scriptura
1105 2518 1284 2601 Postquam
1306 2518 1386 2583 adeo
1413 2518 1508 2584 bellis
1530 2518 1673 2585 dicteriis
1694 2518 1870 2585 Calvinum
1897 2519 2079 2604 sugillavit,

82 2606 258 2673 Calvinum
284 2606 381 2688 loqui.
430 2604 539 2686 Quam
566 2605 651 2671 bella
676 2626 756 2670 vero
783 2605 950 2668 refutatio:
978 2604 1053 2668 Non
1104 2603 1169 2668 alio
1186 2604 1324 2668 crimine
1345 2613 1469 2669 onerat.
1491 2603 1588 2685 Quod
1609 2607 1799 2688 secumipse
1809 2615 1943 2689 pugnet.
1973 2607 2082 2672 Docet

82 2694 190 2759 vocari
207 2692 357 2775 spiritum
375 2701 524 2758 sanctum
537 2690 730 2769 columbam,
750 2690 903 2772 quoniam
915 2689 1055 2755 addatur
1104 2689 1235 2772 quidem
1248 2689 1417 2767 Calvinus,
1439 2711 1475 2754 re
1496 2692 1570 2774 ipsa
1589 2690 1700 2755 offerri
1710 2690 1837 2757 Christi
1857 2710 1975 2774 corpus
1999 2692 2081 2757 fide-

82 2777 241 2863 particula
269 2775 499 2842 similitudinis.
545 2776 599 2841 An
626 2778 703 2859 quia
729 2777 960 2860 grammaticae
987 2775 1053 2840 ele-
1104 2773 1190 2841 libus
1211 2775 1246 2839 iu
1268 2796 1377 2842 coena.
1400 2775 1610 2841 Contrarium
1633 2798 1710 2841 vero
1721 2776 1905 2843 membrum
1915 2798 2082 2861 nusquam

80 2872 192 2928 menta
222 2885 288 2928 non
321 2873 421 2941 121122,
453 2860 526 2927 idco
558 2862 684 2927 homiui
719 2880 786 2925 nou
814 2869 881 2927 tam
913 2860 1052 2938 indocto,
1103 2862 1138 2925 in
1161 2863 1231 2926 eius
1252 2862 1382 2945 scriptis
1402 2863 1542 2944 reperiet
1562 2861 1707 2940 Gabriel,
1737 2883 1854 2945 panem
1880 2864 1980 2928 inane
2008 2885 2082 2930 esee

80 2948 245 3032 latineque
265 2949 419 3032 loquenti,
447 2946 568 3013 luenda
589 2955 639 3013 est
659 2947 808 3013 inscitiae
829 2955 904 3012 tuae
926 2947 1051 3029 poena?
1104 2955 1278 3030 spectrum.
1334 2945 1430 3028 Quod
1460 2949 1489 3012 si
1527 2967 1698 3030 nunquam
1729 2968 1850 3014 coenae
1881 2951 2082 3032 mysterium

80 3035 157 3101 Huc
179 3033 320 3100 tendunt
342 3033 473 3100 Calvini
499 3034 615 3100 verba:
638 3054 756 3098 nomeu
786 3034 921 3116 spiritus
948 3034 1052 3115 impo-
1104 3033 1297 3111 exinanivit,
1316 3033 1396 3115 quin
1417 3033 1563 3118 symbolo
1576 3034 1749 3099 coniuncta
1766 3042 1852 3099 essct
1874 3035 1921 3098 rei
1943 3036 2080 3113 veritas,

80 3121 180 3186 situm
212 3121 312 3185 fuisse
343 3119 520 3186 columbae.
565 3116 725 3202 Spiritum
757 3118 954 3183 invisibilem
980 3137 1052 3184 csse
1103 3118 1259 3201 quamdiu
1277 3120 1403 3184 leretur
1421 3118 1475 3184 hic
1490 3120 1581 3186 canis
1598 3140 1673 3184 cum
1685 3141 1743 3185 suo
1754 3120 1897 3185 latratu?
1931 3120 2082 3187 Tertiam
2284 3162 2301 3198 a

79 3213 221 3273 constat:
243 3226 320 3271 eum
340 3204 500 3288 quomodo
521 3204 607 3270 vidit
623 3205 783 3290 Baptista,
805 3203 870 3270 nisi
887 3204 922 3268 in
943 3205 1052 3288 figura
1103 3226 1230 3288 quoque
1251 3206 1342 3288 quasi
1365 3226 1480 3270 rursus
1496 3226 1572 3271 cum
1582 3204 1654 3270 aliis
1665 3213 1869 3290 pugnantem
1880 3208 2082 3272 sententiam
2274 3247 2297 3286 Δ

78 3291 222 3359 risibili?
266 3290 419 3357 Absurde
439 3292 503 3356 erit
523 3290 678 3374 loquutio,
706 3291 768 3355 nisi
797 3290 1051 3375 metonymicam
1103 3300 1287 3356 enumerat:
1305 3291 1657 3375 quamriasoluspsnis
1667 3291 1940 3370 cernaturoculis,
1958 3311 2082 3377 corpus
2263 3331 2294 3376 ὅ

80 3396 151 3444 esse
172 3375 337 3443 concedas.
371 3376 418 3442 Et
437 3397 553 3441 rursus
573 3375 761 3461 obgannies,
783 3375 959 3442 Calvinum
980 3377 1051 3442 sine
1104 3385 1213 3442 tamen
1235 3398 1311 3442 vere
1331 3377 1471 3460 percipi:
1494 3377 1570 3460 quia
1590 3379 1703 3443 vacuis
1724 3377 1839 3464 figuris
1855 3398 1922 3441 non
1939 3377 2083 3444 oblectet
2249 3405 2290 3462 ,1

80 3464 242 3546 scriptura
269 3462 365 3546 loqui,
393 3483 431 3527 ae
457 3483 526 3526 non
553 3463 661 3544 potius
686 3461 792 3528 lucem
818 3470 995 3546 pertaesus,
1017 3476 1051 3528 te
1103 3482 1180 3528 suos
1201 3462 1363 3540 Christus,
1386 3461 1443 3528 sed
1465 3463 1640 3528 efficaciter
1657 3482 1775 3528 arcana
1796 3463 1920 3528 virtute
1941 3464 2082 3548 impleat
2236 3491 2284 3550 „1

80 3549 116 3613 iu
138 3549 272 3613 alicuius
294 3548 392 3614 scorti
413 3548 575 3631 gremium
598 3547 718 3613 abdas?
1103 3547 1190 3631 quod
1210 3548 1382 3631 promittit
1425 3546 1539 3629 Quum
1562 3548 1642 3614 haee
1665 3548 1757 3613 nullo
1785 3548 1880 3613 modo
1909 3551 2078 3616 conciliari
2233 3570 2275 3636 j
2325 3570 2328 3607 r

2215 3656 2270 3722 ᾖ.

2200 3759 2263 3809 α
2309 3782 2310 3785 ,

164 3634 347 3718 Pergamus
368 3641 478 3698 tamen
499 3632 536 3697 iu
559 3629 733 3698 recitandis
755 3633 888 3699 rabulae
915 3633 1051 3712 naeniis,
1103 3654 1198 3718 posse
1219 3635 1389 3710 exclamet,
1411 3654 1455 3699 an
1483 3633 1568 3698 alius
1594 3653 1691 3718 quam
1718 3632 1927 3717 phreneticus
1951 3639 2079 3701 censeri
2315 3686 2319 3732 ,

78 3726 118 3784 ut
142 3721 213 3784 eius
240 3718 373 3784 ambitio
405 3727 580 3798 saturetur,
615 3718 745 3802 quando
776 3720 812 3782 in
843 3719 960 3785 faciem
987 3718 1051 3785 Dei
1103 3728 1217 3804 potest,
1250 3721 1306 3803 qui
1332 3719 1415 3784 soles
1448 3720 1594 3802 geminos
1625 3718 1756 3785 videet?
1806 3718 1964 3785 Clamitet
1991 3743 2080 3787 nuno

78 3803 224 3888 spuendo
246 3804 349 3870 voluit
369 3805 582 3870 innotescere.
622 3806 713 3871 Dicit
724 3803 900 3870 Calvinum
922 3806 1052 3888 privata
1103 3805 1242 3872 Calvino
1268 3827 1334 3870 nou
1362 3826 1435 3871 esse
1461 3803 1675 3884 credendum,
1702 3804 1787 3889 quod
1820 3804 1908 3871 solus
1933 3815 1968 3870 et
1995 3828 2015 3871 a
2044 3829 2079 3874 ee
2187 3845 2255 3893 α
2305 3806 2309 3854 l

78 3911 138 3955 aua
168 3891 330 3955 2211122112
357 3892 498 3974 figuram
527 3911 674 3956 asserere
705 3892 741 3955 in
774 3890 900 3956 Christi
931 3892 1050 3971 verbis,
1102 3893 1172 3975 ipso
1189 3892 1350 3974 loquatur,
1369 3890 1701 3975 sediutelligntsuam
1713 3890 1892 3956 vanitatem
1904 3890 2076 3961 ridiculam
2295 3920 2300 3980 ,⁴

78 3975 151 4041 Hoc
172 3984 223 4040 est
243 3995 360 4060 corpus
381 3997 500 4041 meum.
553 3975 641 4057 Quid
661 3997 738 4060 ergo
759 3977 818 4041 fiet
839 3976 1049 4056 Tertulliano,
1103 3980 1179 4056 l'ore,
1202 3976 1304 4043 donec
1326 3979 1396 4042 eius
1421 3977 1530 4056 libros,
1558 3978 1614 4061 qui
1646 3978 1768 4059 passim
1798 3976 1833 4040 in
1860 3984 1930 4042 tota
1958 3978 2039 4043 urbe
2048 3982 2076 4062 ²)
2169 3997 2239 4079 (1
2289 4030 2290 4035 ,

78 4059 328 4145 Chrysostomo,
363 4061 500 4140 Basilio,
534 4063 737 4146 Augustino,
764 4069 798 4127 et
823 4063 967 4145 reliquis,
994 4065 1050 4145 qui
1102 4063 1266 4146 leguntur,
1288 4063 1401 4128 occisis
1422 4063 1577 4128 trecentis
1596 4061 1741 4127 millibus
1762 4068 1834 4141 [pag.
1854 4067 1907 4142 so]
1940 4065 2076 4129 testium
2149 4098 2232 4146 n,
2280 4048 2290 4142 l

77 4166 191 4212 omues
212 4167 279 4211 uno
300 4167 459 4212 consensu
481 4151 630 4227 [111122]
651 4147 738 4213 idem
760 4148 915 4213 tradunt?
952 4147 1051 4230 Quod
1102 4150 1156 4233 qui
1189 4156 1336 4213 autorem
1372 4147 1562 4225 defendent,
1600 4147 1786 4213 aboleverit
1839 4148 1960 4215 Nullus
1992 4158 2077 4216 esset
2130 4167 2230 4230 :tat
2275 4152 2281 4228 1

78 4233 201 4316 siquis
223 4234 364 4316 figuram
385 4233 634 4311 nonadmittat,
657 4255 700 4300 au
723 4255 789 4299 nou
813 4234 921 4318 palam
949 4235 1050 4299 refra-
1102 4233 1233 4312 modus,
1262 4235 1290 4299 si
1328 4233 1467 4319 singulis
1504 4233 1677 4300 sententiis
1703 4234 1914 4317 insisterem:
1947 4236 2075 4334 quando
2122 4265 2224 4315 ορ
2265 4268 2271 4285 ν»

120 4329 199 4383 ntur
219 4319 322 4384 verba
341 4318 433 4403 ipsa?
477 4318 566 4401 Quid
595 4320 683 4385 enim
711 4321 845 4386 esttibi
871 4341 1050 4403 pronomen
1103 4319 1242 4385 subinde
1262 4320 1407 4387 resorbet
1418 4320 1473 4385 hic
1483 4320 1574 4386 oanis
1591 4341 1666 4386 suos
1685 4319 1838 4397 vomitus,
1856 4341 1938 4402 quos
1954 4330 2075 4388 iterum
2106 4349 2218 4398 m
2255 4286 2270 4408 J

57 4440 59 4442 ·
100 4406 379 4484 emonstratirum,
414 4404 572 4471 Gabriel?
627 4405 729 4471 Panis
760 4406 884 4491 species
918 4406 1049 4472 scilicet.
1103 4415 1200 4488 atque
1220 4407 1339 4470 iterum
1361 4413 1482 4491 egerat
1517 4403 1624 4486 Quale
1645 4411 1696 4471 eet
1716 4403 1803 4487 quod
1823 4405 1977 4484 inculcat,
2000 4407 2074 4473 Cal·
2096 4416 2215 4479 -1.
2253 4406 2261 4480 1

76 4492 132 4557 Δ11
153 4489 267 4556 albedo
288 4490 345 4555 illa
366 4511 485 4573 corpus
505 4497 556 4557 est
566 4491 712 4557 Christi?
754 4490 884 4558 Deinde
901 4511 944 4557 au
964 4491 1050 4559 calix
1102 4492 1217 4559 riuum
1238 4512 1357 4576 panem
1378 4513 1506 4557 merum
1526 4500 1670 4556 statuere
1687 4489 1723 4555 in
1745 4510 1854 4570 coona,
1883 4499 1917 4556 et
1944 4500 2209 4566 tantumm
2245 4496 2253 4599 1

77 4576 232 4660 sanguis?
286 4575 428 4656 Quando
458 4577 519 4642 sub
552 4576 703 4661 magistri
732 4578 837 4644 ferula
868 4598 951 4661 puer
981 4585 1050 4642 tam
1102 4587 1259 4643 tesseram
1280 4579 1425 4662 corporis
1446 4577 1587 4643 Christi:
1611 4597 1711 4660 quum
1728 4586 1908 4642 ocutumet
1928 4577 2205 4661 pluribusass
2240 4621 2244 4638 .

77 4661 164 4727 male
185 4662 357 4745 proiecisti,
379 4661 452 4744 quis
473 4682 540 4727 non
549 4663 662 4746 flagris
673 4671 706 4729 et
715 4664 857 4730 fustibus
866 4665 902 4728 in
913 4663 1050 4749 pistrino
1101 4662 1180 4730 locis
1201 4670 1341 4728 testetur
1362 4663 1509 4730 exhiberi
1530 4662 1629 4728 simul
1650 4682 1725 4727 oum
1738 4682 1962 4746 pancoorpus,
1981 4663 2201 4735 modiolo
2231 4639 2242 4750 1

77 4745 282 4812 multandum
305 4754 435 4813 censeat
448 4749 473 4830 ¹)
515 4747 569 4812 Ad
591 4748 670 4814 haec
687 4750 908 4833 reprehendit,
930 4769 1050 4832 panem
2225 4751 2233 4847 1

77 4839 111 4896 21
131 4834 245 4898 riuum
266 4833 378 4900 vocari
394 4840 551 4899 1222212111
566 4835 675 4899 caruis
687 4841 721 4900 et
730 4836 900 4920 sauguinis
908 4835 1050 4902 Christi:
1938 4905 1945 4916 ‚
2188 4873 2190 4875 >
2222 4862 2223 4866 ¹

1171 4902 1200 4969 1)
1220 4901 1382 4969 ,1111111221
1397 4907 1532 4957 moretm
1539 4907 1673 4957 commeat
1688 4901 1709 4954 1.
1718 4899 1748 4955 C.
1765 4914 1835 4956 nous
1852 4908 1958 4958 noumt
1974 4903 2009 4959 dc
2026 4917 2176 4959 sot-n
2212 4867 2224 4989 1

147 5035 212 5104 1)ss
231 5035 862 5122 112112211211111211212212112222111112122
886 5058 922 5096 ou
941 5041 1051 5096 21122111
1103 4969 1280 5104 ωη)1)ω11·1“(1θ
1289 4986 1356 5093 zllrl·
1365 4986 1460 5094 ιι11111νί1
1480 5053 1586 5093 omna:
1613 5038 1710 5093 Vm
1733 5037 1844 5094 2111111112
1865 5036 2022 5109 wadan:
2047 5036 2156 5095 ffin
2205 4996 2213 5094 l

77 5119 149 5172 pour
164 5112 276 5160 warner
291 5106 318 5160 lc
329 5106 438 5162 moulm
1102 5113 1162 5164 toto
1180 5108 1254 5163 orbe.
1292 5106 1390 5163 021121
1404 5108 1499 5164 boba:
1515 5120 1566 5177 par
1582 5114 1643 5163 tout
1658 5107 1686 5163 lc
1702 5106 1819 5162 monde·
2010 5136 2013 5143 ·
2194 5126 2203 5219 1

2178 5227 2195 5353 l

2145 5347 2184 5634 l
