<?xml version="1.0" encoding="UTF-8"?>
<!DOCTYPE html PUBLIC "-//W3C//DTD XHTML 1.0 Transitional//EN"
    "http://www.w3.org/TR/xhtml1/DTD/xhtml1-transitional.dtd">
<html xmlns="http://www.w3.org/1999/xhtml" xml:lang="en" lang="en">
 <head>
  <title>
</title>
<meta http-equiv="Content-Type" content="text/html;charset=utf-8" />
  <meta name='ocr-system' content='tesseract 3.04.00' />
  <meta name='ocr-capabilities' content='ocr_page ocr_carea ocr_par ocr_line ocrx_word'/>
</head>
<body>
  <div class='ocr_page' id='page_1' title='image "./ioanniscalvinio01reusgoog_0116.png"; bbox 0 0 4776 5844; ppageno 0'>
   <div class='ocr_carea' id='block_1_1' title="bbox 650 95 1124 197">
    <p class='ocr_par' dir='ltr' id='par_1_1' title="bbox 650 95 1124 197">
     <span class='ocr_line' id='line_1_1' title="bbox 650 95 1124 197; baseline 0.008 -35"><span class='ocrx_word' id='word_1_1' title='bbox 650 95 1124 197; x_wconf 13' lang='lat' dir='ltr'>annuunt-nunonem</span> 
     </span>
    </p>
   </div>
   <div class='ocr_carea' id='block_1_2' title="bbox 0 284 1936 4142">
    <p class='ocr_par' dir='ltr' id='par_1_2' title="bbox 0 284 1936 4142">
     <span class='ocr_line' id='line_1_2' title="bbox 8 284 1889 373; baseline -0.002 -19"><span class='ocrx_word' id='word_1_2' title='bbox 8 291 57 355; x_wconf 89' lang='lat' dir='ltr'>&#39;ns</span> <span class='ocrx_word' id='word_1_3' title='bbox 75 291 206 373; x_wconf 91' lang='lat' dir='ltr'>propius</span> <span class='ocrx_word' id='word_1_4' title='bbox 218 284 374 364; x_wconf 90' lang='lat' dir='ltr'>attendet,</span> <span class='ocrx_word' id='word_1_5' title='bbox 399 306 450 350; x_wconf 93' lang='lat' dir='ltr'>me</span> <span class='ocrx_word' id='word_1_6' title='bbox 472 297 608 361; x_wconf 84' lang='lat' dir='ltr'>tacente,</span> <span class='ocrx_word' id='word_1_7' title='bbox 629 285 743 351; x_wconf 50' lang='lat' dir='ltr'>¹vivam</span> <span class='ocrx_word' id='word_1_8' title='bbox 767 307 863 368; x_wconf 89' lang='lat' dir='ltr'>psen-</span> <span class='ocrx_word' id='word_1_9' title='bbox 913 288 1009 352; x_wconf 90' lang='lat' dir='ltr'>cuins</span> <span class='ocrx_word' id='word_1_10' title='bbox 1027 286 1186 352; x_wconf 90' lang='lat' dir='ltr'>desiderio</span> <span class='ocrx_word' id='word_1_11' title='bbox 1204 288 1287 352; x_wconf 89' lang='lat' dir='ltr'>mire</span> <span class='ocrx_word' id='word_1_12' title='bbox 1304 289 1477 364; x_wconf 87' lang='lat' dir='ltr'>cruciatur,</span> <span class='ocrx_word' id='word_1_13' title='bbox 1496 295 1699 369; x_wconf 84' lang='lat' dir='ltr'>extorqueat</span> <span class='ocrx_word' id='word_1_14' title='bbox 1722 292 1797 367; x_wconf 79' lang='lat' dir='ltr'>[pag.</span> <span class='ocrx_word' id='word_1_15' title='bbox 1815 292 1889 365; x_wconf 75' lang='lat'><strong>143]</strong></span> 
     </span>
     <span class='ocr_line' id='line_1_3' title="bbox 0 371 1890 457; baseline 0.001 -22"><span class='ocrx_word' id='word_1_16' title='bbox 0 377 152 440; x_wconf 88' lang='lat' dir='ltr'>telorum</span> <span class='ocrx_word' id='word_1_17' title='bbox 179 374 357 457; x_wconf 76' lang='lat' dir='ltr'><strong>imaginem</strong></span> <span class='ocrx_word' id='word_1_18' title='bbox 384 371 473 438; x_wconf 86' lang='lat' dir='ltr'>clare</span> <span class='ocrx_word' id='word_1_19' title='bbox 502 372 696 450; x_wconf 90' lang='lat' dir='ltr'>intuebitur,</span> <span class='ocrx_word' id='word_1_20' title='bbox 732 371 861 454; x_wconf 89' lang='lat' dir='ltr'>qualem</span> <span class='ocrx_word' id='word_1_21' title='bbox 914 372 985 437; x_wconf 88' lang='lat' dir='ltr'>Cnr</span> <span class='ocrx_word' id='word_1_22' title='bbox 1006 373 1094 437; x_wconf 90' lang='lat' dir='ltr'>enim</span> <span class='ocrx_word' id='word_1_23' title='bbox 1116 371 1236 448; x_wconf 89' lang='lat' dir='ltr'>labore,</span> <span class='ocrx_word' id='word_1_24' title='bbox 1264 396 1305 438; x_wconf 90' lang='lat' dir='ltr'>ne</span> <span class='ocrx_word' id='word_1_25' title='bbox 1328 374 1424 439; x_wconf 88' lang='lat' dir='ltr'>homo</span> <span class='ocrx_word' id='word_1_26' title='bbox 1446 372 1598 438; x_wconf 90' lang='lat' dir='ltr'>indoctus</span> <span class='ocrx_word' id='word_1_27' title='bbox 1620 373 1788 455; x_wconf 84' lang='lat' dir='ltr'>Europam</span> <span class='ocrx_word' id='word_1_28' title='bbox 1811 393 1890 438; x_wconf 91' lang='lat' dir='ltr'>con·</span> 
     </span>
     <span class='ocr_line' id='line_1_4' title="bbox 3 456 1889 542; baseline 0.001 -22"><span class='ocrx_word' id='word_1_29' title='bbox 3 491 9 520; x_wconf 87' lang='grc'>;</span> <span class='ocrx_word' id='word_1_30' title='bbox 37 463 70 525; x_wconf 92' lang='lat' dir='ltr'>in</span> <span class='ocrx_word' id='word_1_31' title='bbox 97 472 233 542; x_wconf 90' lang='lat' dir='ltr'>utraque</span> <span class='ocrx_word' id='word_1_32' title='bbox 261 457 303 522; x_wconf 92' lang='lat' dir='ltr'>ad</span> <span class='ocrx_word' id='word_1_33' title='bbox 325 457 518 523; x_wconf 79' lang='lat' dir='ltr'>Corinthios</span> <span class='ocrx_word' id='word_1_34' title='bbox 544 458 679 540; x_wconf 88' lang='lat' dir='ltr'>epistola</span> <span class='ocrx_word' id='word_1_35' title='bbox 706 456 860 541; x_wconf 81' lang='lat' dir='ltr'><strong>depingit.</strong></span> <span class='ocrx_word' id='word_1_36' title='bbox 914 458 1034 537; x_wconf 89' lang='lat' dir='ltr'>turbet,</span> <span class='ocrx_word' id='word_1_37' title='bbox 1057 458 1143 540; x_wconf 91' lang='lat' dir='ltr'>quod</span> <span class='ocrx_word' id='word_1_38' title='bbox 1166 459 1346 541; x_wconf 89' lang='lat' dir='ltr'>pericnlum</span> <span class='ocrx_word' id='word_1_39' title='bbox 1366 481 1431 524; x_wconf 90' lang='lat' dir='ltr'>non</span> <span class='ocrx_word' id='word_1_40' title='bbox 1453 460 1553 524; x_wconf 90' lang='lat' dir='ltr'>nisia</span> <span class='ocrx_word' id='word_1_41' title='bbox 1575 460 1786 541; x_wconf 86' lang='lat' dir='ltr'>sapientibus,</span> <span class='ocrx_word' id='word_1_42' title='bbox 1811 458 1889 524; x_wconf 87' lang='lat' dir='ltr'>ali-</span> 
     </span>
     <span class='ocr_line' id='line_1_5' title="bbox 0 543 1890 627; baseline -0.001 -16"><span class='ocrx_word' id='word_1_43' title='bbox 0 568 89 612; x_wconf 87' lang='lat' dir='ltr'>·nam</span> <span class='ocrx_word' id='word_1_44' title='bbox 108 556 218 610; x_wconf 89' lang='lat' dir='ltr'>antem</span> <span class='ocrx_word' id='word_1_45' title='bbox 236 543 398 609; x_wconf 87' lang='lat' dir='ltr'>submisse</span> <span class='ocrx_word' id='word_1_46' title='bbox 416 545 581 625; x_wconf 85' lang='lat' dir='ltr'>praelatus</span> <span class='ocrx_word' id='word_1_47' title='bbox 601 544 709 608; x_wconf 84' lang='lat' dir='ltr'>fuerat</span> <span class='ocrx_word' id='word_1_48' title='bbox 730 564 765 608; x_wconf 89' lang='lat' dir='ltr'>se</span> <span class='ocrx_word' id='word_1_49' title='bbox 787 564 862 626; x_wconf 88' lang='lat' dir='ltr'>pro·</span> <span class='ocrx_word' id='word_1_50' title='bbox 915 545 1037 621; x_wconf 86' lang='lat' dir='ltr'>tcratis,</span> <span class='ocrx_word' id='word_1_51' title='bbox 1060 545 1235 610; x_wconf 75' lang='lat' dir='ltr'>autoritate</span> <span class='ocrx_word' id='word_1_52' title='bbox 1253 555 1286 609; x_wconf 91' lang='lat' dir='ltr'>et</span> <span class='ocrx_word' id='word_1_53' title='bbox 1305 545 1492 627; x_wconf 77' lang='lat' dir='ltr'>eloquentia</span> <span class='ocrx_word' id='word_1_54' title='bbox 1509 544 1665 627; x_wconf 89' lang='lat' dir='ltr'>praeditis</span> <span class='ocrx_word' id='word_1_55' title='bbox 1682 565 1818 609; x_wconf 89' lang='lat' dir='ltr'>manare</span> <span class='ocrx_word' id='word_1_56' title='bbox 1837 565 1890 608; x_wconf 89' lang='lat' dir='ltr'>so-</span> 
     </span>
     <span class='ocr_line' id='line_1_6' title="bbox 3 628 1889 712; baseline -0.001 -16"><span class='ocrx_word' id='word_1_57' title='bbox 3 631 236 698; x_wconf 89' lang='lat' dir='ltr'>imbecillitatis</span> <span class='ocrx_word' id='word_1_58' title='bbox 258 629 319 694; x_wconf 91' lang='lat' dir='ltr'>sibi</span> <span class='ocrx_word' id='word_1_59' title='bbox 342 629 518 703; x_wconf 90' lang='lat' dir='ltr'>conscium,</span> <span class='ocrx_word' id='word_1_60' title='bbox 542 629 664 712; x_wconf 90' lang='lat' dir='ltr'>ingenii</span> <span class='ocrx_word' id='word_1_61' title='bbox 686 638 720 693; x_wconf 90' lang='lat' dir='ltr'>et</span> <span class='ocrx_word' id='word_1_62' title='bbox 742 628 862 694; x_wconf 91' lang='lat' dir='ltr'>doctri·</span> <span class='ocrx_word' id='word_1_63' title='bbox 914 629 982 694; x_wconf 92' lang='lat' dir='ltr'>let?</span> <span class='ocrx_word' id='word_1_64' title='bbox 1034 628 1137 710; x_wconf 88' lang='lat' dir='ltr'>Quasi</span> <span class='ocrx_word' id='word_1_65' title='bbox 1167 651 1245 695; x_wconf 85' lang='lat' dir='ltr'>vere</span> <span class='ocrx_word' id='word_1_66' title='bbox 1272 652 1292 694; x_wconf 91' lang='lat' dir='ltr'>a</span> <span class='ocrx_word' id='word_1_67' title='bbox 1319 630 1430 695; x_wconf 81' lang='lat' dir='ltr'>strdtis</span> <span class='ocrx_word' id='word_1_68' title='bbox 1458 639 1491 694; x_wconf 91' lang='lat' dir='ltr'>et</span> <span class='ocrx_word' id='word_1_69' title='bbox 1517 630 1642 694; x_wconf 88' lang='lat' dir='ltr'>insanis</span> <span class='ocrx_word' id='word_1_70' title='bbox 1669 630 1751 694; x_wconf 88' lang='lat' dir='ltr'>nihil</span> <span class='ocrx_word' id='word_1_71' title='bbox 1779 650 1889 695; x_wconf 85' lang='lat' dir='ltr'>noxae</span> 
     </span>
     <span class='ocr_line' id='line_1_7' title="bbox 8 714 1889 799; baseline -0.002 -16"><span class='ocrx_word' id='word_1_72' title='bbox 8 717 104 783; x_wconf 88' lang='lat' dir='ltr'>udem</span> <span class='ocrx_word' id='word_1_73' title='bbox 123 717 195 781; x_wconf 92' lang='lat' dir='ltr'>aliis</span> <span class='ocrx_word' id='word_1_74' title='bbox 217 716 412 797; x_wconf 90' lang='lat' dir='ltr'>relinquere,</span> <span class='ocrx_word' id='word_1_75' title='bbox 435 715 624 799; x_wconf 89' lang='lat' dir='ltr'>paulopost</span> <span class='ocrx_word' id='word_1_76' title='bbox 647 715 746 779; x_wconf 88' lang='lat' dir='ltr'>huius</span> <span class='ocrx_word' id='word_1_77' title='bbox 766 715 862 779; x_wconf 83' lang='lat' dir='ltr'>lictae</span> <span class='ocrx_word' id='word_1_78' title='bbox 914 715 966 780; x_wconf 86' lang='lat' dir='ltr'>vel</span> <span class='ocrx_word' id='word_1_79' title='bbox 988 714 1171 780; x_wconf 89' lang='lat' dir='ltr'>timendum</span> <span class='ocrx_word' id='word_1_80' title='bbox 1193 716 1251 792; x_wconf 92' lang='lat' dir='ltr'>sit,</span> <span class='ocrx_word' id='word_1_81' title='bbox 1280 715 1334 781; x_wconf 88' lang='lat' dir='ltr'>vel</span> <span class='ocrx_word' id='word_1_82' title='bbox 1355 715 1545 781; x_wconf 87' lang='lat' dir='ltr'>cavendum.</span> <span class='ocrx_word' id='word_1_83' title='bbox 1590 714 1731 799; x_wconf 78' lang='lat' dir='ltr'>Vulgari</span> <span class='ocrx_word' id='word_1_84' title='bbox 1753 736 1889 799; x_wconf 81' lang='lat' dir='ltr'>prover·</span> 
     </span>
     <span class='ocr_line' id='line_1_8' title="bbox 1 800 1889 884; baseline 0.002 -22"><span class='ocrx_word' id='word_1_85' title='bbox 1 805 67 868; x_wconf 87' lang='lat' dir='ltr'>tiae</span> <span class='ocrx_word' id='word_1_86' title='bbox 89 802 218 880; x_wconf 91' lang='lat' dir='ltr'>oblitus,</span> <span class='ocrx_word' id='word_1_87' title='bbox 241 822 338 884; x_wconf 89' lang='lat' dir='ltr'>qnam</span> <span class='ocrx_word' id='word_1_88' title='bbox 363 801 453 867; x_wconf 91' lang='lat' dir='ltr'>acido</span> <span class='ocrx_word' id='word_1_89' title='bbox 475 800 636 865; x_wconf 87' lang='lat' dir='ltr'>fermento</span> <span class='ocrx_word' id='word_1_90' title='bbox 658 800 860 865; x_wconf 89' lang='lat' dir='ltr'>stomachum</span> <span class='ocrx_word' id='word_1_91' title='bbox 913 801 967 867; x_wconf 93' lang='lat' dir='ltr'>bio</span> <span class='ocrx_word' id='word_1_92' title='bbox 995 822 1060 865; x_wconf 92' lang='lat' dir='ltr'>non</span> <span class='ocrx_word' id='word_1_93' title='bbox 1089 802 1211 867; x_wconf 69' lang='lat' dir='ltr'>fursus</span> <span class='ocrx_word' id='word_1_94' title='bbox 1236 803 1315 867; x_wconf 84' lang='lat' dir='ltr'>ferri</span> <span class='ocrx_word' id='word_1_95' title='bbox 1338 800 1430 878; x_wconf 91' lang='lat' dir='ltr'>dioit‚</span> <span class='ocrx_word' id='word_1_96' title='bbox 1460 800 1608 867; x_wconf 92' lang='lat' dir='ltr'>indoctos</span> <span class='ocrx_word' id='word_1_97' title='bbox 1634 823 1701 866; x_wconf 89' lang='lat' dir='ltr'>non</span> <span class='ocrx_word' id='word_1_98' title='bbox 1728 803 1889 867; x_wconf 86' lang='lat' dir='ltr'>suscitare</span> 
     </span>
     <span class='ocr_line' id='line_1_9' title="bbox 0 885 1889 971; baseline 0.002 -24"><span class='ocrx_word' id='word_1_99' title='bbox 0 920 5 947; x_wconf 83' lang='lat' dir='ltr'>t</span> <span class='ocrx_word' id='word_1_100' title='bbox 59 889 192 964; x_wconf 90' lang='lat' dir='ltr'>habeat,</span> <span class='ocrx_word' id='word_1_101' title='bbox 233 885 369 971; x_wconf 90' lang='lat' dir='ltr'>prodere</span> <span class='ocrx_word' id='word_1_102' title='bbox 402 887 535 971; x_wconf 89' lang='lat' dir='ltr'>cogitur.</span> <span class='ocrx_word' id='word_1_103' title='bbox 599 886 771 964; x_wconf 89' lang='lat' dir='ltr'>Indoctus,</span> <span class='ocrx_word' id='word_1_104' title='bbox 811 887 861 949; x_wconf 92' lang='lat' dir='ltr'>in·</span> <span class='ocrx_word' id='word_1_105' title='bbox 914 886 1076 951; x_wconf 87' lang='lat' dir='ltr'>haereses.</span> <span class='ocrx_word' id='word_1_106' title='bbox 1121 885 1209 967; x_wconf 92' lang='lat' dir='ltr'>Quid</span> <span class='ocrx_word' id='word_1_107' title='bbox 1232 887 1335 970; x_wconf 88' lang='lat' dir='ltr'>igitur</span> <span class='ocrx_word' id='word_1_108' title='bbox 1357 885 1612 970; x_wconf 85' lang='lat' dir='ltr'>Anabeptistae?</span> <span class='ocrx_word' id='word_1_109' title='bbox 1635 885 1713 969; x_wconf 93' lang='lat' dir='ltr'>qnid</span> <span class='ocrx_word' id='word_1_110' title='bbox 1735 887 1889 952; x_wconf 82' lang='lat' dir='ltr'>Moneta·</span> 
     </span>
     <span class='ocr_line' id='line_1_10' title="bbox 4 971 1888 1057; baseline 0.002 -22"><span class='ocrx_word' id='word_1_111' title='bbox 4 977 83 1039; x_wconf 91' lang='lat' dir='ltr'>irc</span> <span class='ocrx_word' id='word_1_112' title='bbox 110 974 219 1056; x_wconf 90' lang='lat' dir='ltr'>cupio,</span> <span class='ocrx_word' id='word_1_113' title='bbox 253 995 350 1057; x_wconf 87' lang='lat' dir='ltr'>qnam</span> <span class='ocrx_word' id='word_1_114' title='bbox 379 973 441 1037; x_wconf 90' lang='lat' dir='ltr'>iste</span> <span class='ocrx_word' id='word_1_115' title='bbox 470 972 575 1037; x_wconf 89' lang='lat' dir='ltr'>ideam</span> <span class='ocrx_word' id='word_1_116' title='bbox 606 972 691 1036; x_wconf 90' lang='lat' dir='ltr'>docti</span> <span class='ocrx_word' id='word_1_117' title='bbox 720 972 861 1036; x_wconf 89' lang='lat' dir='ltr'>hominis</span> <span class='ocrx_word' id='word_1_118' title='bbox 913 971 1004 1037; x_wconf 92' lang='lat' dir='ltr'>rius?</span> <span class='ocrx_word' id='word_1_119' title='bbox 1034 973 1110 1055; x_wconf 92' lang='lat' dir='ltr'>quid</span> <span class='ocrx_word' id='word_1_120' title='bbox 1133 972 1320 1038; x_wconf 86' lang='lat' dir='ltr'>Libertini?</span> <span class='ocrx_word' id='word_1_121' title='bbox 1364 972 1437 1037; x_wconf 92' lang='lat' dir='ltr'>Imo</span> <span class='ocrx_word' id='word_1_122' title='bbox 1458 972 1491 1037; x_wconf 93' lang='lat' dir='ltr'>in</span> <span class='ocrx_word' id='word_1_123' title='bbox 1514 981 1584 1037; x_wconf 87' lang='lat' dir='ltr'>totu</span> <span class='ocrx_word' id='word_1_124' title='bbox 1605 972 1758 1050; x_wconf 85' lang='lat' dir='ltr'>colluvie,</span> <span class='ocrx_word' id='word_1_125' title='bbox 1787 994 1888 1056; x_wconf 88' lang='lat' dir='ltr'>quam</span> 
     </span>
     <span class='ocr_line' id='line_1_11' title="bbox 1 1057 1888 1142; baseline 0.001 -19"><span class='ocrx_word' id='word_1_126' title='bbox 1 1112 3 1123; x_wconf 79' lang='grc'>,</span> <span class='ocrx_word' id='word_1_127' title='bbox 54 1059 157 1141; x_wconf 91' lang='lat' dir='ltr'>Quasi</span> <span class='ocrx_word' id='word_1_128' title='bbox 183 1081 262 1124; x_wconf 85' lang='lat' dir='ltr'>voro</span> <span class='ocrx_word' id='word_1_129' title='bbox 289 1058 331 1123; x_wconf 90' lang='lat' dir='ltr'>ad</span> <span class='ocrx_word' id='word_1_130' title='bbox 357 1057 447 1123; x_wconf 90' lang='lat' dir='ltr'>ideas</span> <span class='ocrx_word' id='word_1_131' title='bbox 480 1058 656 1141; x_wconf 77' lang='lat' dir='ltr'>platonitas</span> <span class='ocrx_word' id='word_1_132' title='bbox 689 1058 862 1140; x_wconf 83' lang='lat' dir='ltr'>confugere</span> <span class='ocrx_word' id='word_1_133' title='bbox 913 1058 1080 1137; x_wconf 78' lang='grc' dir='ltr'>Ιιοιιιιιιιι,</span> <span class='ocrx_word' id='word_1_134' title='bbox 1098 1058 1305 1141; x_wconf 78' lang='lat' dir='ltr'>Epiphanius</span> <span class='ocrx_word' id='word_1_135' title='bbox 1316 1067 1350 1122; x_wconf 92' lang='lat' dir='ltr'>et</span> <span class='ocrx_word' id='word_1_136' title='bbox 1361 1058 1568 1142; x_wconf 87' lang='lat' dir='ltr'>Augustinus</span> <span class='ocrx_word' id='word_1_137' title='bbox 1586 1060 1741 1135; x_wconf 87' lang='lat' dir='ltr'>referunt,</span> <span class='ocrx_word' id='word_1_138' title='bbox 1764 1069 1888 1142; x_wconf 89' lang='lat' dir='ltr'>quanto</span> 
     </span>
     <span class='ocr_line' id='line_1_12' title="bbox 1 1142 1888 1228; baseline 0 -20"><span class='ocrx_word' id='word_1_139' title='bbox 1 1157 52 1222; x_wconf 84' lang='lat' dir='ltr'>ut,</span> <span class='ocrx_word' id='word_1_140' title='bbox 86 1147 113 1211; x_wconf 92' lang='lat' dir='ltr'>si</span> <span class='ocrx_word' id='word_1_141' title='bbox 146 1146 218 1228; x_wconf 91' lang='lat' dir='ltr'>quis</span> <span class='ocrx_word' id='word_1_142' title='bbox 252 1145 286 1209; x_wconf 92' lang='lat' dir='ltr'>iu</span> <span class='ocrx_word' id='word_1_143' title='bbox 318 1143 441 1208; x_wconf 91' lang='lat' dir='ltr'>mundo</span> <span class='ocrx_word' id='word_1_144' title='bbox 474 1159 602 1226; x_wconf 89' lang='lat' dir='ltr'>praetor</span> <span class='ocrx_word' id='word_1_145' title='bbox 629 1142 862 1226; x_wconf 89' lang='lat' dir='ltr'>Westphalum</span> <span class='ocrx_word' id='word_1_146' title='bbox 913 1143 1023 1226; x_wconf 85' lang='lat' dir='ltr'>plnres</span> <span class='ocrx_word' id='word_1_147' title='bbox 1045 1165 1155 1209; x_wconf 89' lang='lat' dir='ltr'>crassa</span> <span class='ocrx_word' id='word_1_148' title='bbox 1176 1145 1322 1220; x_wconf 89' lang='lat' dir='ltr'>inscitia,</span> <span class='ocrx_word' id='word_1_149' title='bbox 1350 1165 1448 1226; x_wconf 88' lang='lat' dir='ltr'>quam</span> <span class='ocrx_word' id='word_1_150' title='bbox 1471 1143 1611 1209; x_wconf 77' lang='lat' dir='ltr'>eruditio</span> <span class='ocrx_word' id='word_1_151' title='bbox 1633 1144 1744 1226; x_wconf 88' lang='lat' dir='ltr'>pravis</span> <span class='ocrx_word' id='word_1_152' title='bbox 1766 1145 1888 1209; x_wconf 89' lang='lat' dir='ltr'>errori·</span> 
     </span>
     <span class='ocr_line' id='line_1_13' title="bbox 14 1228 1886 1313; baseline -0.002 -17"><span class='ocrx_word' id='word_1_153' title='bbox 14 1228 338 1311; x_wconf 79' lang='lat' dir='ltr'>41]hemodeotns</span> <span class='ocrx_word' id='word_1_154' title='bbox 395 1230 548 1295; x_wconf 89' lang='lat' dir='ltr'>uaeritur.</span> <span class='ocrx_word' id='word_1_155' title='bbox 603 1230 676 1312; x_wconf 81' lang='lat' dir='ltr'>Ego</span> <span class='ocrx_word' id='word_1_156' title='bbox 710 1249 787 1293; x_wconf 89' lang='lat' dir='ltr'>vero</span> <span class='ocrx_word' id='word_1_157' title='bbox 820 1250 862 1293; x_wconf 92' lang='lat' dir='ltr'>ne</span> <span class='ocrx_word' id='word_1_158' title='bbox 913 1229 974 1294; x_wconf 90' lang='lat' dir='ltr'>bus</span> <span class='ocrx_word' id='word_1_159' title='bbox 996 1229 1181 1312; x_wconf 76' lang='lat' dir='ltr'>implicuit?</span> <span class='ocrx_word' id='word_1_160' title='bbox 1206 1282 1210 1289; x_wconf 92' lang='lat'><strong>.</strong></span> <span class='ocrx_word' id='word_1_161' title='bbox 1233 1231 1369 1295; x_wconf 78' lang='lat' dir='ltr'>Rectim</span> <span class='ocrx_word' id='word_1_162' title='bbox 1392 1232 1598 1313; x_wconf 77' lang='lat' dir='ltr'>Augustinus</span> <span class='ocrx_word' id='word_1_163' title='bbox 1626 1239 1661 1294; x_wconf 91' lang='lat' dir='ltr'>et</span> <span class='ocrx_word' id='word_1_164' title='bbox 1681 1229 1886 1312; x_wconf 88' lang='lat' dir='ltr'>prudentius,</span> 
     </span>
     <span class='ocr_line' id='line_1_14' title="bbox 0 1251 1887 1401; baseline 0.001 -22"><span class='ocrx_word' id='word_1_165' title='bbox 0 1347 4 1359; x_wconf 93' lang='lat'><em>·</em></span> <span class='ocrx_word' id='word_1_166' title='bbox 37 1317 143 1401; x_wconf 87' lang='lat' dir='ltr'>longis</span> <span class='ocrx_word' id='word_1_167' title='bbox 164 1251 438 1399; x_wconf 72' lang='lat' dir='ltr'>speculationibus</span> <span class='ocrx_word' id='word_1_168' title='bbox 461 1324 494 1380; x_wconf 91' lang='lat' dir='ltr'>te</span> <span class='ocrx_word' id='word_1_169' title='bbox 515 1316 643 1399; x_wconf 77' lang='lat' dir='ltr'>fatiges,</span> <span class='ocrx_word' id='word_1_170' title='bbox 666 1314 786 1380; x_wconf 91' lang='lat' dir='ltr'>multos</span> <span class='ocrx_word' id='word_1_171' title='bbox 806 1313 861 1397; x_wconf 92' lang='lat' dir='ltr'>qui</span> <span class='ocrx_word' id='word_1_172' title='bbox 913 1316 1098 1398; x_wconf 88' lang='lat' dir='ltr'>superbiam</span> <span class='ocrx_word' id='word_1_173' title='bbox 1132 1315 1277 1380; x_wconf 89' lang='lat' dir='ltr'>omnium</span> <span class='ocrx_word' id='word_1_174' title='bbox 1310 1314 1488 1382; x_wconf 86' lang='lat' dir='ltr'>haereseon</span> <span class='ocrx_word' id='word_1_175' title='bbox 1521 1337 1592 1380; x_wconf 62' lang='lat' dir='ltr'>cresc</span> <span class='ocrx_word' id='word_1_176' title='bbox 1627 1328 1782 1393; x_wconf 86' lang='lat' dir='ltr'>matrem,</span> <span class='ocrx_word' id='word_1_177' title='bbox 1822 1337 1887 1400; x_wconf 89' lang='lat' dir='ltr'>qna</span> 
     </span>
     <span class='ocr_line' id='line_1_15' title="bbox 23 1399 1885 1485; baseline 0 -19"><span class='ocrx_word' id='word_1_178' title='bbox 23 1403 106 1468; x_wconf 91' lang='lat' dir='ltr'>dicio</span> <span class='ocrx_word' id='word_1_179' title='bbox 128 1402 162 1466; x_wconf 92' lang='lat' dir='ltr'>in</span> <span class='ocrx_word' id='word_1_180' title='bbox 181 1401 364 1485; x_wconf 82' lang='lat' dir='ltr'>catalogum</span> <span class='ocrx_word' id='word_1_181' title='bbox 387 1399 556 1466; x_wconf 89' lang='lat' dir='ltr'>doctorum</span> <span class='ocrx_word' id='word_1_182' title='bbox 568 1403 680 1465; x_wconf 84' lang='lat' dir='ltr'>referri</span> <span class='ocrx_word' id='word_1_183' title='bbox 699 1403 770 1464; x_wconf 91' lang='lat' dir='ltr'>inre</span> <span class='ocrx_word' id='word_1_184' title='bbox 788 1421 862 1482; x_wconf 91' lang='lat' dir='ltr'>pos·</span> <span class='ocrx_word' id='word_1_185' title='bbox 913 1421 1009 1484; x_wconf 85' lang='lat' dir='ltr'>saepe</span> <span class='ocrx_word' id='word_1_186' title='bbox 1029 1400 1178 1466; x_wconf 87' lang='lat' dir='ltr'>videmus</span> <span class='ocrx_word' id='word_1_187' title='bbox 1199 1400 1391 1467; x_wconf 90' lang='lat' dir='ltr'>rudissimos</span> <span class='ocrx_word' id='word_1_188' title='bbox 1412 1422 1556 1484; x_wconf 89' lang='lat' dir='ltr'>quosque</span> <span class='ocrx_word' id='word_1_189' title='bbox 1579 1401 1720 1466; x_wconf 80' lang='lat' dir='ltr'>maxime</span> <span class='ocrx_word' id='word_1_190' title='bbox 1742 1410 1885 1485; x_wconf 82' lang='lat' dir='ltr'>turgore</span> 
     </span>
     <span class='ocr_line' id='line_1_16' title="bbox 3 1482 1885 1571; baseline -0.001 -17"><span class='ocrx_word' id='word_1_191' title='bbox 3 1489 137 1571; x_wconf 79' lang='lat' dir='ltr'>Lipsiae</span> <span class='ocrx_word' id='word_1_192' title='bbox 164 1498 198 1551; x_wconf 90' lang='lat' dir='ltr'>et</span> <span class='ocrx_word' id='word_1_193' title='bbox 224 1482 435 1569; x_wconf 89' lang='lat' dir='ltr'>Witeborgne</span> <span class='ocrx_word' id='word_1_194' title='bbox 468 1487 648 1569; x_wconf 78' lang='lat' dir='ltr'>vicinisque</span> <span class='ocrx_word' id='word_1_195' title='bbox 684 1486 764 1551; x_wconf 91' lang='lat' dir='ltr'>locis</span> <span class='ocrx_word' id='word_1_196' title='bbox 792 1507 862 1550; x_wconf 89' lang='lat' dir='ltr'>esse</span> <span class='ocrx_word' id='word_1_197' title='bbox 914 1486 1025 1567; x_wconf 86' lang='lat' dir='ltr'>Quare</span> <span class='ocrx_word' id='word_1_198' title='bbox 1047 1495 1086 1551; x_wconf 93' lang='grc' dir='ltr'>ιιι</span> <span class='ocrx_word' id='word_1_199' title='bbox 1109 1487 1150 1553; x_wconf 91' lang='lat' dir='ltr'>ab</span> <span class='ocrx_word' id='word_1_200' title='bbox 1172 1486 1233 1551; x_wconf 91' lang='lat' dir='ltr'>hoo</span> <span class='ocrx_word' id='word_1_201' title='bbox 1260 1488 1395 1552; x_wconf 92' lang='lat' dir='ltr'>crimine</span> <span class='ocrx_word' id='word_1_202' title='bbox 1416 1487 1574 1552; x_wconf 91' lang='lat' dir='ltr'>immunis</span> <span class='ocrx_word' id='word_1_203' title='bbox 1596 1488 1639 1551; x_wconf 91' lang='lat' dir='ltr'>sit</span> <span class='ocrx_word' id='word_1_204' title='bbox 1659 1485 1885 1569; x_wconf 85' lang='lat' dir='ltr'>Westphalus,</span> 
     </span>
     <span class='ocr_line' id='line_1_17' title="bbox 1 1570 1885 1656; baseline 0.001 -22"><span class='ocrx_word' id='word_1_205' title='bbox 1 1575 59 1638; x_wconf 88' lang='lat' dir='ltr'>io.</span> <span class='ocrx_word' id='word_1_206' title='bbox 95 1572 193 1638; x_wconf 88' lang='lat' dir='ltr'>Nullo</span> <span class='ocrx_word' id='word_1_207' title='bbox 215 1572 302 1636; x_wconf 90' lang='lat' dir='ltr'>enim</span> <span class='ocrx_word' id='word_1_208' title='bbox 325 1572 432 1638; x_wconf 89' lang='lat' dir='ltr'>coloro</span> <span class='ocrx_word' id='word_1_209' title='bbox 452 1573 635 1637; x_wconf 89' lang='lat' dir='ltr'>criminaris</span> <span class='ocrx_word' id='word_1_210' title='bbox 653 1571 762 1637; x_wconf 92' lang='lat' dir='ltr'>nullos</span> <span class='ocrx_word' id='word_1_211' title='bbox 781 1570 861 1635; x_wconf 93' lang='lat' dir='ltr'>mihi</span> <span class='ocrx_word' id='word_1_212' title='bbox 914 1572 1127 1654; x_wconf 79' lang='lat' dir='ltr'>pervicaciam</span> <span class='ocrx_word' id='word_1_213' title='bbox 1152 1572 1315 1656; x_wconf 85' lang='lat' dir='ltr'>imprimis</span> <span class='ocrx_word' id='word_1_214' title='bbox 1337 1584 1438 1638; x_wconf 84' lang='lat' dir='ltr'>exuat</span> <span class='ocrx_word' id='word_1_215' title='bbox 1457 1581 1592 1655; x_wconf 83' lang='lat' dir='ltr'>oportet,</span> <span class='ocrx_word' id='word_1_216' title='bbox 1616 1594 1698 1655; x_wconf 88' lang='lat' dir='ltr'>qnae</span> <span class='ocrx_word' id='word_1_217' title='bbox 1720 1574 1885 1639; x_wconf 89' lang='lat' dir='ltr'>nocentis·</span> 
     </span>
     <span class='ocr_line' id='line_1_18' title="bbox 8 1657 1195 1741; baseline -0.002 -17"><span class='ocrx_word' id='word_1_218' title='bbox 8 1669 103 1736; x_wconf 90' lang='lat' dir='ltr'>octos,</span> <span class='ocrx_word' id='word_1_219' title='bbox 126 1658 188 1722; x_wconf 91' lang='lat' dir='ltr'>nisi</span> <span class='ocrx_word' id='word_1_220' title='bbox 210 1659 264 1740; x_wconf 92' lang='lat' dir='ltr'>qui</span> <span class='ocrx_word' id='word_1_221' title='bbox 286 1659 321 1721; x_wconf 91' lang='lat' dir='ltr'>in</span> <span class='ocrx_word' id='word_1_222' title='bbox 334 1657 477 1741; x_wconf 82' lang='lat' dir='ltr'>Zvinglii</span> <span class='ocrx_word' id='word_1_223' title='bbox 499 1657 610 1722; x_wconf 88' lang='lat' dir='ltr'>schola</span> <span class='ocrx_word' id='word_1_224' title='bbox 631 1657 773 1723; x_wconf 91' lang='lat' dir='ltr'>instituti</span> <span class='ocrx_word' id='word_1_225' title='bbox 793 1658 863 1722; x_wconf 84' lang='lat' dir='ltr'>fne-</span> <span class='ocrx_word' id='word_1_226' title='bbox 913 1659 997 1723; x_wconf 88' lang='lat' dir='ltr'>sima</span> <span class='ocrx_word' id='word_1_227' title='bbox 1017 1669 1068 1722; x_wconf 91' lang='lat' dir='ltr'>est</span> <span class='ocrx_word' id='word_1_228' title='bbox 1085 1659 1195 1740; x_wconf 90' lang='lat' dir='ltr'>pestis.</span> 
     </span>
     <span class='ocr_line' id='line_1_19' title="bbox 12 1741 1885 1827; baseline -0.001 -17"><span class='ocrx_word' id='word_1_229' title='bbox 12 1744 207 1827; x_wconf 78' lang='lat' dir='ltr'>Quanquam</span> <span class='ocrx_word' id='word_1_230' title='bbox 235 1745 323 1807; x_wconf 90' lang='lat' dir='ltr'>cuim</span> <span class='ocrx_word' id='word_1_231' title='bbox 346 1765 366 1806; x_wconf 92' lang='lat' dir='ltr'>a</span> <span class='ocrx_word' id='word_1_232' title='bbox 387 1743 480 1808; x_wconf 89' lang='lat' dir='ltr'>nobis</span> <span class='ocrx_word' id='word_1_233' title='bbox 508 1741 662 1808; x_wconf 88' lang='lat' dir='ltr'>dissensit</span> <span class='ocrx_word' id='word_1_234' title='bbox 684 1743 861 1817; x_wconf 82' lang='lat' dir='ltr'>Lutlrorus,</span> <span class='ocrx_word' id='word_1_235' title='bbox 998 1744 1119 1809; x_wconf 87' lang='lat' dir='ltr'>Postea</span> <span class='ocrx_word' id='word_1_236' title='bbox 1139 1743 1290 1827; x_wconf 79' lang='lat' dir='ltr'>deceptor</span> <span class='ocrx_word' id='word_1_237' title='bbox 1311 1765 1384 1809; x_wconf 89' lang='lat' dir='ltr'>sum</span> <span class='ocrx_word' id='word_1_238' title='bbox 1404 1742 1610 1826; x_wconf 80' lang='lat' dir='ltr'>Westphalo,</span> <span class='ocrx_word' id='word_1_239' title='bbox 1632 1744 1708 1827; x_wconf 89' lang='lat' dir='ltr'>qnia</span> <span class='ocrx_word' id='word_1_240' title='bbox 1730 1743 1811 1809; x_wconf 91' lang='lat' dir='ltr'>mihi</span> <span class='ocrx_word' id='word_1_241' title='bbox 1828 1765 1885 1810; x_wconf 89' lang='lat' dir='ltr'>cn·</span> 
     </span>
     <span class='ocr_line' id='line_1_20' title="bbox 1 1827 1883 1914; baseline 0.001 -22"><span class='ocrx_word' id='word_1_242' title='bbox 1 1852 101 1914; x_wconf 91' lang='lat' dir='ltr'>quam</span> <span class='ocrx_word' id='word_1_243' title='bbox 130 1849 150 1892; x_wconf 93' lang='lat' dir='ltr'>a</span> <span class='ocrx_word' id='word_1_244' title='bbox 177 1827 269 1894; x_wconf 91' lang='lat' dir='ltr'>nobis</span> <span class='ocrx_word' id='word_1_245' title='bbox 296 1838 482 1911; x_wconf 87' lang='lat' dir='ltr'>contempta</span> <span class='ocrx_word' id='word_1_246' title='bbox 511 1829 573 1893; x_wconf 85' lang='lat' dir='ltr'>fnit</span> <span class='ocrx_word' id='word_1_247' title='bbox 599 1830 669 1893; x_wconf 91' lang='lat' dir='ltr'>eius</span> <span class='ocrx_word' id='word_1_248' title='bbox 697 1827 860 1893; x_wconf 82' lang='lat' dir='ltr'>eruditio?</span> <span class='ocrx_word' id='word_1_249' title='bbox 913 1851 967 1894; x_wconf 90' lang='lat' dir='ltr'>rae</span> <span class='ocrx_word' id='word_1_250' title='bbox 990 1830 1090 1895; x_wconf 85' lang='lat' dir='ltr'>fnisse</span> <span class='ocrx_word' id='word_1_251' title='bbox 1123 1831 1286 1912; x_wconf 85' lang='lat' dir='ltr'>professus</span> <span class='ocrx_word' id='word_1_252' title='bbox 1314 1851 1418 1906; x_wconf 89' lang='lat' dir='ltr'>eram,</span> <span class='ocrx_word' id='word_1_253' title='bbox 1448 1851 1490 1894; x_wconf 90' lang='lat' dir='ltr'>ne</span> <span class='ocrx_word' id='word_1_254' title='bbox 1512 1829 1675 1912; x_wconf 88' lang='lat' dir='ltr'>simplices</span> <span class='ocrx_word' id='word_1_255' title='bbox 1705 1828 1883 1912; x_wconf 73' lang='lat' dir='ltr'>deciperet:</span> 
     </span>
     <span class='ocr_line' id='line_1_21' title="bbox 6 1912 1884 1999; baseline -0.001 -18"><span class='ocrx_word' id='word_1_256' title='bbox 6 1937 139 1982; x_wconf 90' lang='lat' dir='ltr'>norsum</span> <span class='ocrx_word' id='word_1_257' title='bbox 162 1923 251 1979; x_wconf 88' lang='lat' dir='ltr'>totus</span> <span class='ocrx_word' id='word_1_258' title='bbox 276 1913 331 1978; x_wconf 92' lang='lat' dir='ltr'>ille</span> <span class='ocrx_word' id='word_1_259' title='bbox 357 1935 450 1979; x_wconf 90' lang='lat' dir='ltr'>mens</span> <span class='ocrx_word' id='word_1_260' title='bbox 472 1934 579 1980; x_wconf 90' lang='lat' dir='ltr'>sermo</span> <span class='ocrx_word' id='word_1_261' title='bbox 606 1914 738 1990; x_wconf 88' lang='lat' dir='ltr'>attinet,</span> <span class='ocrx_word' id='word_1_262' title='bbox 765 1935 862 1996; x_wconf 88' lang='lat' dir='ltr'>quem</span> <span class='ocrx_word' id='word_1_263' title='bbox 913 1936 951 1980; x_wconf 90' lang='lat' dir='ltr'>ac</span> <span class='ocrx_word' id='word_1_264' title='bbox 973 1936 1025 1979; x_wconf 89' lang='lat' dir='ltr'>me</span> <span class='ocrx_word' id='word_1_265' title='bbox 1047 1912 1177 1981; x_wconf 89' lang='lat' dir='ltr'>Indaeis</span> <span class='ocrx_word' id='word_1_266' title='bbox 1200 1925 1375 1998; x_wconf 88' lang='lat' dir='ltr'>comparat,</span> <span class='ocrx_word' id='word_1_267' title='bbox 1398 1914 1454 1998; x_wconf 92' lang='lat' dir='ltr'>qui</span> <span class='ocrx_word' id='word_1_268' title='bbox 1475 1915 1562 1980; x_wconf 86' lang='lat' dir='ltr'>idern</span> <span class='ocrx_word' id='word_1_269' title='bbox 1583 1914 1623 1980; x_wconf 93' lang='lat' dir='ltr'>de</span> <span class='ocrx_word' id='word_1_270' title='bbox 1644 1915 1777 1981; x_wconf 77' lang='lat' dir='ltr'>Christo</span> <span class='ocrx_word' id='word_1_271' title='bbox 1797 1913 1884 1999; x_wconf 89' lang='lat' dir='ltr'>apud</span> 
     </span>
     <span class='ocr_line' id='line_1_22' title="bbox 5 1999 1880 2085; baseline -0.001 -17"><span class='ocrx_word' id='word_1_272' title='bbox 5 1999 224 2084; x_wconf 88' lang='lat' dir='ltr'>Westphalus</span> <span class='ocrx_word' id='word_1_273' title='bbox 252 2000 411 2083; x_wconf 88' lang='lat' dir='ltr'>exagitat,</span> <span class='ocrx_word' id='word_1_274' title='bbox 444 2000 508 2064; x_wconf 92' lang='lat' dir='ltr'>nisi</span> <span class='ocrx_word' id='word_1_275' title='bbox 535 2000 642 2083; x_wconf 89' lang='lat' dir='ltr'>ipsum</span> <span class='ocrx_word' id='word_1_276' title='bbox 678 2010 801 2064; x_wconf 89' lang='lat' dir='ltr'>temere</span> <span class='ocrx_word' id='word_1_277' title='bbox 828 2000 862 2063; x_wconf 93' lang='lat' dir='ltr'>in</span> <span class='ocrx_word' id='word_1_278' title='bbox 914 2000 1059 2067; x_wconf 84' lang='lat' dir='ltr'>Pilatum</span> <span class='ocrx_word' id='word_1_279' title='bbox 1082 2001 1239 2067; x_wconf 86' lang='lat' dir='ltr'>dicebant.</span> <span class='ocrx_word' id='word_1_280' title='bbox 1299 2000 1345 2068; x_wconf 78' lang='lat' dir='ltr'>Se</span> <span class='ocrx_word' id='word_1_281' title='bbox 1369 2001 1473 2085; x_wconf 90' lang='lat' dir='ltr'>igitur</span> <span class='ocrx_word' id='word_1_282' title='bbox 1504 2000 1637 2066; x_wconf 81' lang='lat' dir='ltr'>Christo</span> <span class='ocrx_word' id='word_1_283' title='bbox 1665 2000 1806 2066; x_wconf 88' lang='lat' dir='ltr'>similem</span> <span class='ocrx_word' id='word_1_284' title='bbox 1829 2021 1880 2066; x_wconf 87' lang='lat' dir='ltr'>os·</span> 
     </span>
     <span class='ocr_line' id='line_1_23' title="bbox 10 2085 1884 2170; baseline 0.001 -20"><span class='ocrx_word' id='word_1_285' title='bbox 10 2118 26 2144; x_wconf 79' lang='lat' dir='ltr'>u</span> <span class='ocrx_word' id='word_1_286' title='bbox 57 2085 438 2170; x_wconf 77' lang='lat' dir='ltr'>prorumperedootiset</span> <span class='ocrx_word' id='word_1_287' title='bbox 459 2086 615 2169; x_wconf 84' lang='lat' dir='ltr'>gravibus</span> <span class='ocrx_word' id='word_1_288' title='bbox 638 2086 717 2150; x_wconf 87' lang='lat' dir='ltr'>viris</span> <span class='ocrx_word' id='word_1_289' title='bbox 734 2108 769 2150; x_wconf 89' lang='lat' dir='ltr'>se</span> <span class='ocrx_word' id='word_1_290' title='bbox 787 2106 862 2151; x_wconf 90' lang='lat' dir='ltr'>eon-</span> <span class='ocrx_word' id='word_1_291' title='bbox 914 2086 1044 2163; x_wconf 89' lang='lat' dir='ltr'>tendat,</span> <span class='ocrx_word' id='word_1_292' title='bbox 1074 2086 1102 2152; x_wconf 92' lang='lat' dir='ltr'>si</span> <span class='ocrx_word' id='word_1_293' title='bbox 1130 2108 1183 2150; x_wconf 90' lang='lat' dir='ltr'>me</span> <span class='ocrx_word' id='word_1_294' title='bbox 1212 2087 1371 2152; x_wconf 89' lang='lat' dir='ltr'>coniicere</span> <span class='ocrx_word' id='word_1_295' title='bbox 1392 2087 1465 2152; x_wconf 86' lang='lat' dir='ltr'>vult</span> <span class='ocrx_word' id='word_1_296' title='bbox 1486 2086 1521 2151; x_wconf 92' lang='lat' dir='ltr'>in</span> <span class='ocrx_word' id='word_1_297' title='bbox 1542 2086 1632 2151; x_wconf 93' lang='lat' dir='ltr'>illam</span> <span class='ocrx_word' id='word_1_298' title='bbox 1659 2085 1799 2151; x_wconf 87' lang='lat' dir='ltr'>turbam.</span> <span class='ocrx_word' id='word_1_299' title='bbox 1844 2086 1884 2151; x_wconf 92' lang='lat' dir='ltr'>In</span> 
     </span>
     <span class='ocr_line' id='line_1_24' title="bbox 1 2169 1885 2256; baseline -0.001 -17"><span class='ocrx_word' id='word_1_300' title='bbox 1 2172 93 2239; x_wconf 86' lang='lat' dir='ltr'>bus?</span> <span class='ocrx_word' id='word_1_301' title='bbox 138 2170 250 2252; x_wconf 89' lang='lat' dir='ltr'>anm</span> <span class='ocrx_word' id='word_1_302' title='bbox 272 2192 350 2236; x_wconf 89' lang='lat' dir='ltr'>suae</span> <span class='ocrx_word' id='word_1_303' title='bbox 373 2171 474 2253; x_wconf 74' lang='lat' dir='ltr'>pautis</span> <span class='ocrx_word' id='word_1_304' title='bbox 492 2169 675 2236; x_wconf 89' lang='lat' dir='ltr'>hominibus</span> <span class='ocrx_word' id='word_1_305' title='bbox 697 2170 863 2235; x_wconf 90' lang='lat' dir='ltr'>doctrinae</span> <span class='ocrx_word' id='word_1_306' title='bbox 914 2173 977 2237; x_wconf 92' lang='lat' dir='ltr'>Dei</span> <span class='ocrx_word' id='word_1_307' title='bbox 996 2171 1095 2237; x_wconf 84' lang='lat' dir='ltr'>verbo</span> <span class='ocrx_word' id='word_1_308' title='bbox 1107 2172 1187 2237; x_wconf 90' lang='lat' dir='ltr'>nihil</span> <span class='ocrx_word' id='word_1_309' title='bbox 1200 2194 1270 2238; x_wconf 91' lang='lat' dir='ltr'>esse</span> <span class='ocrx_word' id='word_1_310' title='bbox 1281 2173 1490 2256; x_wconf 86' lang='lat' dir='ltr'>imposturae,</span> <span class='ocrx_word' id='word_1_311' title='bbox 1508 2194 1574 2237; x_wconf 91' lang='lat' dir='ltr'>non</span> <span class='ocrx_word' id='word_1_312' title='bbox 1594 2173 1703 2236; x_wconf 90' lang='lat' dir='ltr'>minus</span> <span class='ocrx_word' id='word_1_313' title='bbox 1721 2194 1762 2236; x_wconf 82' lang='lat' dir='ltr'>cx</span> <span class='ocrx_word' id='word_1_314' title='bbox 1775 2173 1885 2238; x_wconf 89' lang='lat' dir='ltr'>animo</span> 
     </span>
     <span class='ocr_line' id='line_1_25' title="bbox 16 2256 1885 2342; baseline 0 -19"><span class='ocrx_word' id='word_1_315' title='bbox 16 2258 147 2323; x_wconf 84' lang='lat' dir='ltr'>dentiae</span> <span class='ocrx_word' id='word_1_316' title='bbox 182 2257 324 2341; x_wconf 90' lang='lat' dir='ltr'>elogium</span> <span class='ocrx_word' id='word_1_317' title='bbox 352 2279 372 2321; x_wconf 89' lang='lat' dir='ltr'>a</span> <span class='ocrx_word' id='word_1_318' title='bbox 399 2278 452 2322; x_wconf 92' lang='lat' dir='ltr'>mo</span> <span class='ocrx_word' id='word_1_319' title='bbox 481 2256 581 2322; x_wconf 89' lang='lat' dir='ltr'>tribui</span> <span class='ocrx_word' id='word_1_320' title='bbox 607 2256 732 2334; x_wconf 84' lang='lat' dir='ltr'>videat,</span> <span class='ocrx_word' id='word_1_321' title='bbox 765 2277 864 2340; x_wconf 91' lang='lat' dir='ltr'>qnam</span> <span class='ocrx_word' id='word_1_322' title='bbox 916 2262 990 2336; x_wconf 77' lang='lat' dir='ltr'>[pag.</span> <span class='ocrx_word' id='word_1_323' title='bbox 1013 2264 1085 2337; x_wconf 80' lang='lat'>144]</span> <span class='ocrx_word' id='word_1_324' title='bbox 1108 2269 1141 2322; x_wconf 90' lang='lat' dir='ltr'>et</span> <span class='ocrx_word' id='word_1_325' title='bbox 1163 2258 1288 2324; x_wconf 89' lang='lat' dir='ltr'>sineere</span> <span class='ocrx_word' id='word_1_326' title='bbox 1309 2259 1459 2337; x_wconf 82' lang='lat' dir='ltr'>fatemur,</span> <span class='ocrx_word' id='word_1_327' title='bbox 1488 2279 1585 2342; x_wconf 89' lang='lat' dir='ltr'>quem</span> <span class='ocrx_word' id='word_1_328' title='bbox 1608 2268 1742 2322; x_wconf 78' lang='lat' dir='ltr'>ventose</span> <span class='ocrx_word' id='word_1_329' title='bbox 1772 2257 1885 2341; x_wconf 91' lang='lat' dir='ltr'>lingua</span> 
     </span>
     <span class='ocr_line' id='line_1_26' title="bbox 4 2340 1886 2426; baseline 0.001 -18"><span class='ocrx_word' id='word_1_330' title='bbox 4 2365 34 2407; x_wconf 72' lang='grc' dir='ltr'>ιι</span> <span class='ocrx_word' id='word_1_331' title='bbox 56 2364 166 2408; x_wconf 90' lang='lat' dir='ltr'>secum</span> <span class='ocrx_word' id='word_1_332' title='bbox 187 2343 258 2425; x_wconf 90' lang='lat' dir='ltr'>ipse</span> <span class='ocrx_word' id='word_1_333' title='bbox 280 2340 439 2407; x_wconf 82' lang='lat' dir='ltr'>dissidet?</span> <span class='ocrx_word' id='word_1_334' title='bbox 485 2340 551 2408; x_wconf 84' lang='lat' dir='ltr'>Sed</span> <span class='ocrx_word' id='word_1_335' title='bbox 573 2342 634 2409; x_wconf 91' lang='lat' dir='ltr'>hoc</span> <span class='ocrx_word' id='word_1_336' title='bbox 656 2353 706 2408; x_wconf 90' lang='lat' dir='ltr'>est</span> <span class='ocrx_word' id='word_1_337' title='bbox 728 2342 862 2419; x_wconf 88' lang='lat' dir='ltr'>scilicet,</span> <span class='ocrx_word' id='word_1_338' title='bbox 913 2343 1130 2426; x_wconf 90' lang='lat' dir='ltr'>Westphalus</span> <span class='ocrx_word' id='word_1_339' title='bbox 1148 2344 1321 2426; x_wconf 87' lang='lat' dir='ltr'>praedicat</span> <span class='ocrx_word' id='word_1_340' title='bbox 1355 2342 1423 2410; x_wconf 76' lang='lat' dir='ltr'>Sed</span> <span class='ocrx_word' id='word_1_341' title='bbox 1445 2343 1502 2409; x_wconf 93' lang='lat' dir='ltr'>ubi</span> <span class='ocrx_word' id='word_1_342' title='bbox 1520 2344 1654 2408; x_wconf 85' lang='lat' dir='ltr'>verbum</span> <span class='ocrx_word' id='word_1_343' title='bbox 1677 2341 1768 2418; x_wconf 85' lang='lat' dir='ltr'>illud,</span> <span class='ocrx_word' id='word_1_344' title='bbox 1791 2343 1886 2410; x_wconf 85' lang='lat' dir='ltr'>ouius</span> 
     </span>
     <span class='ocr_line' id='line_1_27' title="bbox 27 2425 1886 2513; baseline 0 -19"><span class='ocrx_word' id='word_1_345' title='bbox 27 2430 151 2513; x_wconf 87' lang='lat' dir='ltr'>patitur</span> <span class='ocrx_word' id='word_1_346' title='bbox 178 2427 339 2493; x_wconf 88' lang='lat' dir='ltr'>nominari</span> <span class='ocrx_word' id='word_1_347' title='bbox 366 2427 490 2505; x_wconf 85' lang='lat' dir='ltr'>doctos,</span> <span class='ocrx_word' id='word_1_348' title='bbox 518 2429 581 2495; x_wconf 90' lang='lat' dir='ltr'>nisi</span> <span class='ocrx_word' id='word_1_349' title='bbox 608 2451 694 2494; x_wconf 90' lang='lat' dir='ltr'>nnus</span> <span class='ocrx_word' id='word_1_350' title='bbox 721 2428 765 2493; x_wconf 90' lang='lat' dir='ltr'>sit</span> <span class='ocrx_word' id='word_1_351' title='bbox 792 2428 863 2510; x_wconf 89' lang='lat' dir='ltr'>ipso</span> <span class='ocrx_word' id='word_1_352' title='bbox 914 2428 1032 2495; x_wconf 83' lang='lat' dir='ltr'>fiducia</span> <span class='ocrx_word' id='word_1_353' title='bbox 1053 2439 1120 2493; x_wconf 88' lang='lat' dir='ltr'>tam</span> <span class='ocrx_word' id='word_1_354' title='bbox 1149 2431 1331 2495; x_wconf 87' lang='lat' dir='ltr'>conviciose</span> <span class='ocrx_word' id='word_1_355' title='bbox 1352 2450 1405 2493; x_wconf 90' lang='lat' dir='ltr'>me</span> <span class='ocrx_word' id='word_1_356' title='bbox 1427 2429 1582 2496; x_wconf 90' lang='lat' dir='ltr'>incessit?</span> <span class='ocrx_word' id='word_1_357' title='bbox 1631 2425 1775 2495; x_wconf 85' lang='lat' dir='ltr'>Perinde</span> <span class='ocrx_word' id='word_1_358' title='bbox 1797 2429 1886 2494; x_wconf 90' lang='lat' dir='ltr'>enim</span> 
     </span>
     <span class='ocr_line' id='line_1_28' title="bbox 1 2513 1887 2597; baseline 0 -18"><span class='ocrx_word' id='word_1_359' title='bbox 1 2535 105 2580; x_wconf 85' lang='lat' dir='ltr'>ruere.</span> <span class='ocrx_word' id='word_1_360' title='bbox 150 2513 267 2596; x_wconf 87' lang='lat' dir='ltr'>Itaque</span> <span class='ocrx_word' id='word_1_361' title='bbox 287 2513 416 2579; x_wconf 91' lang='lat' dir='ltr'>nullum</span> <span class='ocrx_word' id='word_1_362' title='bbox 436 2514 585 2580; x_wconf 89' lang='lat' dir='ltr'>inscitiae</span> <span class='ocrx_word' id='word_1_363' title='bbox 607 2535 750 2579; x_wconf 89' lang='lat' dir='ltr'>naevum</span> <span class='ocrx_word' id='word_1_364' title='bbox 772 2515 805 2579; x_wconf 90' lang='lat' dir='ltr'>in</span> <span class='ocrx_word' id='word_1_365' title='bbox 827 2534 863 2578; x_wconf 88' lang='lat' dir='ltr'>se</span> <span class='ocrx_word' id='word_1_366' title='bbox 915 2536 953 2581; x_wconf 92' lang='lat' dir='ltr'>ao</span> <span class='ocrx_word' id='word_1_367' title='bbox 980 2517 1006 2580; x_wconf 89' lang='lat' dir='ltr'>si</span> <span class='ocrx_word' id='word_1_368' title='bbox 1036 2516 1178 2580; x_wconf 90' lang='lat' dir='ltr'>comicus</span> <span class='ocrx_word' id='word_1_369' title='bbox 1207 2528 1292 2580; x_wconf 88' lang='lat' dir='ltr'>esset</span> <span class='ocrx_word' id='word_1_370' title='bbox 1320 2516 1428 2581; x_wconf 90' lang='lat' dir='ltr'>nescio</span> <span class='ocrx_word' id='word_1_371' title='bbox 1456 2516 1528 2597; x_wconf 89' lang='lat' dir='ltr'>quis</span> <span class='ocrx_word' id='word_1_372' title='bbox 1549 2514 1676 2597; x_wconf 84' lang='lat' dir='ltr'>Iupiter</span> <span class='ocrx_word' id='word_1_373' title='bbox 1697 2515 1887 2581; x_wconf 84' lang='lat' dir='ltr'>Minervam</span> 
     </span>
     <span class='ocr_line' id='line_1_29' title="bbox 9 2599 1888 2684; baseline 0.001 -19"><span class='ocrx_word' id='word_1_374' title='bbox 9 2599 116 2665; x_wconf 90' lang='lat' dir='ltr'>uetari</span> <span class='ocrx_word' id='word_1_375' title='bbox 134 2599 309 2675; x_wconf 83' lang='lat' dir='ltr'>existimat,</span> <span class='ocrx_word' id='word_1_376' title='bbox 332 2600 395 2664; x_wconf 90' lang='lat' dir='ltr'>nisi</span> <span class='ocrx_word' id='word_1_377' title='bbox 418 2601 494 2681; x_wconf 91' lang='lat' dir='ltr'>quia</span> <span class='ocrx_word' id='word_1_378' title='bbox 515 2619 631 2683; x_wconf 88' lang='lat' dir='ltr'>eorpus</span> <span class='ocrx_word' id='word_1_379' title='bbox 643 2599 767 2665; x_wconf 87' lang='lat' dir='ltr'>Ohristi</span> <span class='ocrx_word' id='word_1_380' title='bbox 787 2620 862 2684; x_wconf 85' lang='lat' dir='ltr'>gee-</span> <span class='ocrx_word' id='word_1_381' title='bbox 915 2601 949 2664; x_wconf 90' lang='lat' dir='ltr'>in</span> <span class='ocrx_word' id='word_1_382' title='bbox 983 2601 1115 2665; x_wconf 84' lang='lat' dir='ltr'>cerebro</span> <span class='ocrx_word' id='word_1_383' title='bbox 1148 2623 1207 2665; x_wconf 88' lang='lat' dir='ltr'>sno</span> <span class='ocrx_word' id='word_1_384' title='bbox 1236 2616 1390 2684; x_wconf 88' lang='lat' dir='ltr'>gestans,</span> <span class='ocrx_word' id='word_1_385' title='bbox 1423 2601 1492 2666; x_wconf 89' lang='lat' dir='ltr'>suis</span> <span class='ocrx_word' id='word_1_386' title='bbox 1531 2602 1680 2665; x_wconf 84' lang='lat' dir='ltr'>carnibus</span> <span class='ocrx_word' id='word_1_387' title='bbox 1719 2601 1888 2684; x_wconf 86' lang='lat' dir='ltr'>tigmentis</span> 
     </span>
     <span class='ocr_line' id='line_1_30' title="bbox 0 2684 1888 2764; baseline 0.004 -20"><span class='ocrx_word' id='word_1_388' title='bbox 0 2715 18 2745; x_wconf 61' lang='grc' dir='ltr'>,ι</span> <span class='ocrx_word' id='word_1_389' title='bbox 54 2687 180 2752; x_wconf 91' lang='lat' dir='ltr'>ratione</span> <span class='ocrx_word' id='word_1_390' title='bbox 209 2707 275 2750; x_wconf 94' lang='lat' dir='ltr'>non</span> <span class='ocrx_word' id='word_1_391' title='bbox 304 2688 448 2752; x_wconf 89' lang='lat' dir='ltr'>metitur.</span> <span class='ocrx_word' id='word_1_392' title='bbox 503 2687 549 2750; x_wconf 83' lang='lat' dir='ltr'>Et</span> <span class='ocrx_word' id='word_1_393' title='bbox 578 2687 660 2751; x_wconf 83' lang='lat' dir='ltr'>forte</span> <span class='ocrx_word' id='word_1_394' title='bbox 686 2688 734 2750; x_wconf 91' lang='lat' dir='ltr'>ita</span> <span class='ocrx_word' id='word_1_395' title='bbox 760 2684 800 2750; x_wconf 91' lang='lat' dir='ltr'>de</span> <span class='ocrx_word' id='word_1_396' title='bbox 828 2706 863 2750; x_wconf 90' lang='lat' dir='ltr'>se</span> <span class='ocrx_word' id='word_1_397' title='bbox 914 2686 1040 2764; x_wconf 88' lang='lat' dir='ltr'>larvam</span> <span class='ocrx_word' id='word_1_398' title='bbox 1069 2685 1160 2752; x_wconf 84' lang='lat' dir='ltr'>verbi</span> <span class='ocrx_word' id='word_1_399' title='bbox 1182 2687 1245 2752; x_wconf 91' lang='lat' dir='ltr'>Dei</span> <span class='ocrx_word' id='word_1_400' title='bbox 1274 2685 1428 2752; x_wconf 87' lang='lat' dir='ltr'>audacter</span> <span class='ocrx_word' id='word_1_401' title='bbox 1455 2686 1569 2751; x_wconf 88' lang='lat' dir='ltr'>induit</span> <span class='ocrx_word' id='word_1_402' title='bbox 1615 2686 1685 2751; x_wconf 91' lang='lat' dir='ltr'>Nisi</span> <span class='ocrx_word' id='word_1_403' title='bbox 1713 2687 1778 2749; x_wconf 91' lang='lat' dir='ltr'>iam</span> <span class='ocrx_word' id='word_1_404' title='bbox 1808 2685 1888 2752; x_wconf 90' lang='lat' dir='ltr'>olim</span> 
     </span>
     <span class='ocr_line' id='line_1_31' title="bbox 1 2770 1936 2856; baseline -0.001 -18"><span class='ocrx_word' id='word_1_405' title='bbox 1 2773 65 2838; x_wconf 89' lang='lat' dir='ltr'>&#39;fiee</span> <span class='ocrx_word' id='word_1_406' title='bbox 86 2771 202 2848; x_wconf 88' lang='lat' dir='ltr'>sentit,</span> <span class='ocrx_word' id='word_1_407' title='bbox 231 2781 268 2835; x_wconf 90' lang='lat' dir='ltr'>nt</span> <span class='ocrx_word' id='word_1_408' title='bbox 289 2771 371 2836; x_wconf 89' lang='lat' dir='ltr'>nihil</span> <span class='ocrx_word' id='word_1_409' title='bbox 392 2772 425 2835; x_wconf 92' lang='lat' dir='ltr'>in</span> <span class='ocrx_word' id='word_1_410' title='bbox 456 2794 491 2837; x_wconf 90' lang='lat' dir='ltr'>se</span> <span class='ocrx_word' id='word_1_411' title='bbox 518 2782 705 2854; x_wconf 89' lang='lat' dir='ltr'>contemptu</span> <span class='ocrx_word' id='word_1_412' title='bbox 729 2770 863 2856; x_wconf 88' lang='lat' dir='ltr'>dignum</span> <span class='ocrx_word' id='word_1_413' title='bbox 914 2770 1204 2856; x_wconf 89' lang='lat' dir='ltr'>pseudoprophetis</span> <span class='ocrx_word' id='word_1_414' title='bbox 1232 2773 1347 2838; x_wconf 90' lang='lat' dir='ltr'>tritum</span> <span class='ocrx_word' id='word_1_415' title='bbox 1380 2773 1495 2838; x_wconf 87' lang='lat' dir='ltr'>luisset</span> <span class='ocrx_word' id='word_1_416' title='bbox 1523 2793 1561 2836; x_wconf 92' lang='lat' dir='ltr'>eo</span> <span class='ocrx_word' id='word_1_417' title='bbox 1587 2771 1760 2856; x_wconf 88' lang='lat' dir='ltr'>gloriosius</span> <span class='ocrx_word' id='word_1_418' title='bbox 1793 2793 1895 2854; x_wconf 85' lang='lat' dir='ltr'>prae-</span> <span class='ocrx_word' id='word_1_419' title='bbox 1932 2834 1936 2836; x_wconf 84' lang='grc'>,</span> 
     </span>
     <span class='ocr_line' id='line_1_32' title="bbox 5 2855 1891 2942; baseline 0.003 -24"><span class='ocrx_word' id='word_1_420' title='bbox 5 2868 59 2922; x_wconf 64' lang='lat' dir='ltr'>ot</span> <span class='ocrx_word' id='word_1_421' title='bbox 108 2855 175 2922; x_wconf 77' lang='lat' dir='ltr'>sed</span> <span class='ocrx_word' id='word_1_422' title='bbox 202 2858 230 2922; x_wconf 90' lang='lat' dir='ltr'>si</span> <span class='ocrx_word' id='word_1_423' title='bbox 259 2867 353 2939; x_wconf 85' lang='lat' dir='ltr'>putat</span> <span class='ocrx_word' id='word_1_424' title='bbox 374 2879 440 2923; x_wconf 91' lang='lat' dir='ltr'>nne</span> <span class='ocrx_word' id='word_1_425' title='bbox 463 2858 597 2923; x_wconf 85' lang='lat' dir='ltr'>verbulo</span> <span class='ocrx_word' id='word_1_426' title='bbox 620 2855 731 2923; x_wconf 90' lang='lat' dir='ltr'>doctos</span> <span class='ocrx_word' id='word_1_427' title='bbox 752 2878 865 2922; x_wconf 86' lang='lat' dir='ltr'>ornnes</span> <span class='ocrx_word' id='word_1_428' title='bbox 917 2858 1050 2923; x_wconf 87' lang='lat' dir='ltr'>tendere</span> <span class='ocrx_word' id='word_1_429' title='bbox 1073 2859 1136 2924; x_wconf 92' lang='lat' dir='ltr'>Dei</span> <span class='ocrx_word' id='word_1_430' title='bbox 1159 2879 1288 2936; x_wconf 90' lang='lat' dir='ltr'>nomen,</span> <span class='ocrx_word' id='word_1_431' title='bbox 1308 2880 1372 2940; x_wconf 92' lang='lat' dir='ltr'>qno</span> <span class='ocrx_word' id='word_1_432' title='bbox 1383 2859 1490 2942; x_wconf 90' lang='lat' dir='ltr'>magis</span> <span class='ocrx_word' id='word_1_433' title='bbox 1512 2857 1552 2922; x_wconf 89' lang='lat' dir='ltr'>ab</span> <span class='ocrx_word' id='word_1_434' title='bbox 1571 2858 1641 2940; x_wconf 90' lang='lat' dir='ltr'>ipso</span> <span class='ocrx_word' id='word_1_435' title='bbox 1660 2857 1758 2923; x_wconf 88' lang='lat' dir='ltr'>alieni</span> <span class='ocrx_word' id='word_1_436' title='bbox 1781 2868 1891 2939; x_wconf 87' lang='lat' dir='ltr'>erant,</span> 
     </span>
     <span class='ocr_line' id='line_1_33' title="bbox 9 2940 1900 3026; baseline 0.001 -17"><span class='ocrx_word' id='word_1_437' title='bbox 9 2954 79 3009; x_wconf 91' lang='lat' dir='ltr'>tum</span> <span class='ocrx_word' id='word_1_438' title='bbox 97 2944 147 3022; x_wconf 91' lang='lat' dir='ltr'>iri,</span> <span class='ocrx_word' id='word_1_439' title='bbox 169 2951 207 3007; x_wconf 94' lang='lat' dir='ltr'>nt</span> <span class='ocrx_word' id='word_1_440' title='bbox 216 2941 296 3007; x_wconf 90' lang='lat' dir='ltr'>mihi</span> <span class='ocrx_word' id='word_1_441' title='bbox 315 2940 439 3007; x_wconf 91' lang='lat' dir='ltr'>bellum</span> <span class='ocrx_word' id='word_1_442' title='bbox 460 2942 668 3019; x_wconf 84' lang='lat' dir='ltr'>denuncient,</span> <span class='ocrx_word' id='word_1_443' title='bbox 691 2941 787 3026; x_wconf 88' lang='lat' dir='ltr'>longe</span> <span class='ocrx_word' id='word_1_444' title='bbox 805 2940 864 3008; x_wconf 86' lang='lat' dir='ltr'>lal-</span> <span class='ocrx_word' id='word_1_445' title='bbox 916 2944 968 3009; x_wconf 91' lang='lat' dir='ltr'>his</span> <span class='ocrx_word' id='word_1_446' title='bbox 990 2944 1264 3009; x_wconf 83' lang='lat' dir='ltr'>terriculamentis</span> <span class='ocrx_word' id='word_1_447' title='bbox 1291 2943 1439 3009; x_wconf 91' lang='lat' dir='ltr'>nonnihil</span> <span class='ocrx_word' id='word_1_448' title='bbox 1462 2945 1544 3008; x_wconf 86' lang='lat' dir='ltr'>forto</span> <span class='ocrx_word' id='word_1_449' title='bbox 1566 2944 1744 3026; x_wconf 84' lang='lat' dir='ltr'>proliceret</span> <span class='ocrx_word' id='word_1_450' title='bbox 1789 2943 1900 3011; x_wconf 77' lang='lat' dir='ltr'>Nune</span> 
     </span>
     <span class='ocr_line' id='line_1_34' title="bbox 33 3026 1896 3114; baseline 0.002 -22"><span class='ocrx_word' id='word_1_451' title='bbox 33 3028 232 3111; x_wconf 81' lang='lat' dir='ltr'>Quanquam</span> <span class='ocrx_word' id='word_1_452' title='bbox 259 3028 344 3112; x_wconf 93' lang='lat' dir='ltr'>quod</span> <span class='ocrx_word' id='word_1_453' title='bbox 371 3027 410 3093; x_wconf 91' lang='lat' dir='ltr'>de</span> <span class='ocrx_word' id='word_1_454' title='bbox 439 3030 636 3113; x_wconf 88' lang='lat' dir='ltr'>geometrica</span> <span class='ocrx_word' id='word_1_455' title='bbox 663 3026 864 3093; x_wconf 84' lang='lat' dir='ltr'>dimensione</span> <span class='ocrx_word' id='word_1_456' title='bbox 917 3051 1017 3114; x_wconf 89' lang='lat' dir='ltr'>quum</span> <span class='ocrx_word' id='word_1_457' title='bbox 1046 3031 1134 3094; x_wconf 91' lang='lat' dir='ltr'>omni</span> <span class='ocrx_word' id='word_1_458' title='bbox 1163 3031 1350 3095; x_wconf 88' lang='lat' dir='ltr'>testimonio</span> <span class='ocrx_word' id='word_1_459' title='bbox 1380 3027 1557 3094; x_wconf 89' lang='lat' dir='ltr'>destitutus</span> <span class='ocrx_word' id='word_1_460' title='bbox 1584 3038 1703 3112; x_wconf 88' lang='lat' dir='ltr'>arguat</span> <span class='ocrx_word' id='word_1_461' title='bbox 1730 3030 1825 3111; x_wconf 88' lang='lat' dir='ltr'>quasi</span> <span class='ocrx_word' id='word_1_462' title='bbox 1848 3051 1896 3096; x_wconf 81' lang='lat' dir='ltr'>ex</span> 
     </span>
     <span class='ocr_line' id='line_1_35' title="bbox 19 3114 1898 3199; baseline 0.001 -19"><span class='ocrx_word' id='word_1_463' title='bbox 19 3138 46 3193; x_wconf 90' lang='lat' dir='ltr'>r,</span> <span class='ocrx_word' id='word_1_464' title='bbox 68 3117 132 3180; x_wconf 86' lang='lat' dir='ltr'>iarn</span> <span class='ocrx_word' id='word_1_465' title='bbox 157 3114 250 3198; x_wconf 92' lang='lat' dir='ltr'>prins</span> <span class='ocrx_word' id='word_1_466' title='bbox 270 3114 505 3182; x_wconf 86' lang='lat' dir='ltr'>calumniosum</span> <span class='ocrx_word' id='word_1_467' title='bbox 528 3135 601 3179; x_wconf 87' lang='lat' dir='ltr'>esse</span> <span class='ocrx_word' id='word_1_468' title='bbox 623 3114 761 3180; x_wconf 88' lang='lat' dir='ltr'>ostendi.</span> <span class='ocrx_word' id='word_1_469' title='bbox 790 3119 864 3193; x_wconf 75' lang='lat' dir='ltr'>[pag.</span> <span class='ocrx_word' id='word_1_470' title='bbox 914 3117 1069 3199; x_wconf 89' lang='lat' dir='ltr'>probatis,</span> <span class='ocrx_word' id='word_1_471' title='bbox 1092 3117 1346 3199; x_wconf 85' lang='lat' dir='ltr'>quotusquisque</span> <span class='ocrx_word' id='word_1_472' title='bbox 1364 3114 1510 3186; x_wconf 83' lang='lat' dir='ltr'>sutilibus</span> <span class='ocrx_word' id='word_1_473' title='bbox 1531 3115 1603 3180; x_wconf 89' lang='lat' dir='ltr'>istis</span> <span class='ocrx_word' id='word_1_474' title='bbox 1621 3114 1754 3198; x_wconf 89' lang='lat' dir='ltr'>ineptiis</span> <span class='ocrx_word' id='word_1_475' title='bbox 1776 3135 1898 3181; x_wconf 84' lang='lat' dir='ltr'>move-</span> 
     </span>
     <span class='ocr_line' id='line_1_36' title="bbox 24 3198 1892 3284; baseline 0.001 -19"><span class='ocrx_word' id='word_1_476' title='bbox 24 3222 105 3284; x_wconf 90' lang='lat' dir='ltr'>oque</span> <span class='ocrx_word' id='word_1_477' title='bbox 125 3200 214 3266; x_wconf 90' lang='lat' dir='ltr'>euim</span> <span class='ocrx_word' id='word_1_478' title='bbox 235 3221 351 3282; x_wconf 89' lang='lat' dir='ltr'>corpus</span> <span class='ocrx_word' id='word_1_479' title='bbox 373 3200 509 3277; x_wconf 84' lang='lat' dir='ltr'>Christi,</span> <span class='ocrx_word' id='word_1_480' title='bbox 531 3198 616 3283; x_wconf 90' lang='lat' dir='ltr'>qued</span> <span class='ocrx_word' id='word_1_481' title='bbox 637 3201 670 3264; x_wconf 95' lang='lat' dir='ltr'>in</span> <span class='ocrx_word' id='word_1_482' title='bbox 689 3200 795 3266; x_wconf 90' lang='lat' dir='ltr'>coelos</span> <span class='ocrx_word' id='word_1_483' title='bbox 812 3220 863 3264; x_wconf 92' lang='lat' dir='ltr'>ro·</span> <span class='ocrx_word' id='word_1_484' title='bbox 888 3253 890 3284; x_wconf 84' lang='grc'>,</span> <span class='ocrx_word' id='word_1_485' title='bbox 915 3200 1024 3267; x_wconf 91' lang='lat' dir='ltr'>bitur?</span> <span class='ocrx_word' id='word_1_486' title='bbox 1070 3202 1216 3267; x_wconf 90' lang='lat' dir='ltr'>Verbum</span> <span class='ocrx_word' id='word_1_487' title='bbox 1238 3201 1300 3267; x_wconf 89' lang='lat' dir='ltr'>Dei</span> <span class='ocrx_word' id='word_1_488' title='bbox 1329 3203 1364 3265; x_wconf 92' lang='lat' dir='ltr'>iu</span> <span class='ocrx_word' id='word_1_489' title='bbox 1392 3202 1462 3266; x_wconf 87' lang='lat' dir='ltr'>eins</span> <span class='ocrx_word' id='word_1_490' title='bbox 1489 3223 1544 3266; x_wconf 88' lang='lat' dir='ltr'>ore</span> <span class='ocrx_word' id='word_1_491' title='bbox 1573 3198 1777 3265; x_wconf 86' lang='lat' dir='ltr'>confidenter</span> <span class='ocrx_word' id='word_1_492' title='bbox 1799 3222 1892 3266; x_wconf 79' lang='lat' dir='ltr'>reso-</span> 
     </span>
     <span class='ocr_line' id='line_1_37' title="bbox 0 3284 1890 3382; baseline 0.004 -37"><span class='ocrx_word' id='word_1_493' title='bbox 0 3317 15 3346; x_wconf 73' lang='lat' dir='ltr'>n</span> <span class='ocrx_word' id='word_1_494' title='bbox 52 3296 119 3363; x_wconf 90' lang='lat' dir='ltr'>ost,</span> <span class='ocrx_word' id='word_1_495' title='bbox 152 3308 172 3351; x_wconf 90' lang='lat' dir='ltr'>a</span> <span class='ocrx_word' id='word_1_496' title='bbox 199 3286 294 3350; x_wconf 87' lang='lat' dir='ltr'>torris</span> <span class='ocrx_word' id='word_1_497' title='bbox 323 3284 434 3350; x_wconf 86' lang='lat' dir='ltr'>abesse</span> <span class='ocrx_word' id='word_1_498' title='bbox 462 3288 496 3351; x_wconf 90' lang='lat' dir='ltr'>iu</span> <span class='ocrx_word' id='word_1_499' title='bbox 518 3285 727 3351; x_wconf 86' lang='lat' dir='ltr'>Archimedis</span> <span class='ocrx_word' id='word_1_500' title='bbox 753 3285 864 3351; x_wconf 86' lang='lat' dir='ltr'>schola</span> <span class='ocrx_word' id='word_1_501' title='bbox 888 3288 890 3382; x_wconf 64' lang='lat' dir='ltr'>l</span> <span class='ocrx_word' id='word_1_502' title='bbox 916 3298 982 3363; x_wconf 88' lang='lat' dir='ltr'>nat,</span> <span class='ocrx_word' id='word_1_503' title='bbox 1006 3287 1062 3358; x_wconf 86' lang='lat' dir='ltr'>sed</span> <span class='ocrx_word' id='word_1_504' title='bbox 1086 3288 1314 3353; x_wconf 86' lang='lat' dir='ltr'>verbotenus:</span> <span class='ocrx_word' id='word_1_505' title='bbox 1339 3286 1792 3352; x_wconf 84' lang='lat' dir='ltr'>nonsecusacsilllarciou</span> <span class='ocrx_word' id='word_1_506' title='bbox 1816 3307 1890 3352; x_wconf 84' lang='lat' dir='ltr'>coc-</span> 
     </span>
     <span class='ocr_line' id='line_1_38' title="bbox 0 3371 1888 3468; baseline -0.001 -30"><span class='ocrx_word' id='word_1_507' title='bbox 0 3404 5 3430; x_wconf 78' lang='lat'><strong>·</strong></span> <span class='ocrx_word' id='word_1_508' title='bbox 27 3395 80 3439; x_wconf 89' lang='lat' dir='ltr'>ns:</span> <span class='ocrx_word' id='word_1_509' title='bbox 103 3371 158 3436; x_wconf 89' lang='lat' dir='ltr'>sed</span> <span class='ocrx_word' id='word_1_510' title='bbox 182 3382 219 3436; x_wconf 92' lang='lat' dir='ltr'>nt</span> <span class='ocrx_word' id='word_1_511' title='bbox 229 3371 326 3436; x_wconf 89' lang='lat' dir='ltr'>elaris</span> <span class='ocrx_word' id='word_1_512' title='bbox 338 3372 516 3454; x_wconf 88' lang='lat' dir='ltr'>scripturae</span> <span class='ocrx_word' id='word_1_513' title='bbox 538 3372 677 3438; x_wconf 90' lang='lat' dir='ltr'>oraculis</span> <span class='ocrx_word' id='word_1_514' title='bbox 698 3371 864 3455; x_wconf 92' lang='lat' dir='ltr'>proditum</span> <span class='ocrx_word' id='word_1_515' title='bbox 888 3389 890 3468; x_wconf 64' lang='lat' dir='ltr'>p</span> <span class='ocrx_word' id='word_1_516' title='bbox 915 3371 996 3438; x_wconf 86' lang='lat' dir='ltr'>leste</span> <span class='ocrx_word' id='word_1_517' title='bbox 1016 3394 1133 3455; x_wconf 90' lang='lat' dir='ltr'>corpus</span> <span class='ocrx_word' id='word_1_518' title='bbox 1152 3373 1285 3438; x_wconf 84' lang='lat' dir='ltr'>Christe</span> <span class='ocrx_word' id='word_1_519' title='bbox 1306 3373 1466 3455; x_wconf 86' lang='lat' dir='ltr'>affingens</span> <span class='ocrx_word' id='word_1_520' title='bbox 1488 3374 1598 3437; x_wconf 90' lang='lat' dir='ltr'>hostes</span> <span class='ocrx_word' id='word_1_521' title='bbox 1616 3372 1708 3436; x_wconf 80' lang='lat' dir='ltr'>verbi</span> <span class='ocrx_word' id='word_1_522' title='bbox 1731 3371 1888 3437; x_wconf 87' lang='lat' dir='ltr'>clamaret</span> 
     </span>
     <span class='ocr_line' id='line_1_39' title="bbox 6 3457 1886 3542; baseline 0.001 -20"><span class='ocrx_word' id='word_1_523' title='bbox 6 3458 136 3523; x_wconf 83' lang='lat' dir='ltr'>dimus.</span> <span class='ocrx_word' id='word_1_524' title='bbox 189 3457 242 3521; x_wconf 84' lang='lat' dir='ltr'>Ex</span> <span class='ocrx_word' id='word_1_525' title='bbox 264 3478 327 3538; x_wconf 88' lang='lat' dir='ltr'>qua</span> <span class='ocrx_word' id='word_1_526' title='bbox 348 3467 457 3522; x_wconf 89' lang='lat' dir='ltr'>antem</span> <span class='ocrx_word' id='word_1_527' title='bbox 480 3457 687 3542; x_wconf 85' lang='lat' dir='ltr'>philosophia</span> <span class='ocrx_word' id='word_1_528' title='bbox 709 3457 864 3535; x_wconf 84' lang='lat' dir='ltr'>hauserit,</span> <span class='ocrx_word' id='word_1_529' title='bbox 916 3460 1099 3541; x_wconf 89' lang='lat' dir='ltr'>quicunqne</span> <span class='ocrx_word' id='word_1_530' title='bbox 1121 3481 1161 3523; x_wconf 88' lang='lat' dir='ltr'>ex</span> <span class='ocrx_word' id='word_1_531' title='bbox 1189 3459 1312 3524; x_wconf 90' lang='lat' dir='ltr'>somine</span> <span class='ocrx_word' id='word_1_532' title='bbox 1334 3458 1487 3524; x_wconf 82' lang='lat' dir='ltr'>Abrahae</span> <span class='ocrx_word' id='word_1_533' title='bbox 1514 3459 1662 3541; x_wconf 89' lang='lat' dir='ltr'>genitum</span> <span class='ocrx_word' id='word_1_534' title='bbox 1689 3458 1789 3522; x_wconf 79' lang='lat' dir='ltr'>fuisse</span> <span class='ocrx_word' id='word_1_535' title='bbox 1819 3479 1886 3523; x_wconf 87' lang='lat' dir='ltr'>cre·</span> 
     </span>
     <span class='ocr_line' id='line_1_40' title="bbox 14 3540 1885 3627; baseline 0.001 -20"><span class='ocrx_word' id='word_1_536' title='bbox 14 3545 72 3607; x_wconf 90' lang='lat' dir='ltr'>in</span> <span class='ocrx_word' id='word_1_537' title='bbox 83 3543 208 3626; x_wconf 89' lang='lat' dir='ltr'>primae</span> <span class='ocrx_word' id='word_1_538' title='bbox 218 3562 337 3608; x_wconf 88' lang='lat' dir='ltr'>coenae</span> <span class='ocrx_word' id='word_1_539' title='bbox 348 3543 473 3606; x_wconf 87' lang='lat' dir='ltr'>actione</span> <span class='ocrx_word' id='word_1_540' title='bbox 485 3542 605 3626; x_wconf 80' lang='lat' dir='ltr'>duplex</span> <span class='ocrx_word' id='word_1_541' title='bbox 627 3545 726 3608; x_wconf 87' lang='lat' dir='ltr'>fnisse</span> <span class='ocrx_word' id='word_1_542' title='bbox 748 3540 865 3625; x_wconf 90' lang='lat' dir='ltr'>corpus</span> <span class='ocrx_word' id='word_1_543' title='bbox 917 3545 1014 3620; x_wconf 85' lang='lat' dir='ltr'>dunt,</span> <span class='ocrx_word' id='word_1_544' title='bbox 1042 3545 1118 3625; x_wconf 91' lang='lat' dir='ltr'>qnia</span> <span class='ocrx_word' id='word_1_545' title='bbox 1145 3545 1302 3627; x_wconf 87' lang='lat' dir='ltr'>scriptum</span> <span class='ocrx_word' id='word_1_546' title='bbox 1329 3545 1387 3609; x_wconf 88' lang='lat' dir='ltr'>sit:</span> <span class='ocrx_word' id='word_1_547' title='bbox 1421 3543 1593 3610; x_wconf 80' lang='lat' dir='ltr'>Secrrndus</span> <span class='ocrx_word' id='word_1_548' title='bbox 1616 3542 1721 3608; x_wconf 87' lang='lat' dir='ltr'>Adam</span> <span class='ocrx_word' id='word_1_549' title='bbox 1753 3566 1772 3607; x_wconf 92' lang='lat' dir='ltr'>e</span> <span class='ocrx_word' id='word_1_550' title='bbox 1800 3542 1885 3609; x_wconf 87' lang='lat' dir='ltr'>coelo</span> 
     </span>
     <span class='ocr_line' id='line_1_41' title="bbox 2 3628 1886 3714; baseline 0.001 -21"><span class='ocrx_word' id='word_1_551' title='bbox 2 3651 34 3693; x_wconf 91' lang='lat' dir='ltr'>m</span> <span class='ocrx_word' id='word_1_552' title='bbox 54 3629 198 3706; x_wconf 83' lang='lat' dir='ltr'>mortale,</span> <span class='ocrx_word' id='word_1_553' title='bbox 221 3628 358 3705; x_wconf 85' lang='lat' dir='ltr'>visibile,</span> <span class='ocrx_word' id='word_1_554' title='bbox 381 3637 414 3693; x_wconf 90' lang='lat' dir='ltr'>et</span> <span class='ocrx_word' id='word_1_555' title='bbox 435 3628 504 3694; x_wconf 91' lang='lat' dir='ltr'>loeo</span> <span class='ocrx_word' id='word_1_556' title='bbox 526 3651 585 3693; x_wconf 94' lang='lat' dir='ltr'>suo</span> <span class='ocrx_word' id='word_1_557' title='bbox 608 3630 760 3711; x_wconf 90' lang='lat' dir='ltr'>positum:</span> <span class='ocrx_word' id='word_1_558' title='bbox 784 3629 864 3694; x_wconf 89' lang='lat' dir='ltr'>alte·</span> <span class='ocrx_word' id='word_1_559' title='bbox 915 3629 1064 3696; x_wconf 86' lang='lat' dir='ltr'>coelestis</span> <span class='ocrx_word' id='word_1_560' title='bbox 1086 3629 1116 3714; x_wconf 81' lang='lat'>(1</span> <span class='ocrx_word' id='word_1_561' title='bbox 1139 3630 1212 3694; x_wconf 81' lang='lat' dir='ltr'>(lor.</span> <span class='ocrx_word' id='word_1_562' title='bbox 1239 3637 1283 3705; x_wconf 72' lang='lat' dir='ltr'>lu,</span> <span class='ocrx_word' id='word_1_563' title='bbox 1302 3635 1368 3707; x_wconf 74' lang='lat'><strong>47).</strong></span> <span class='ocrx_word' id='word_1_564' title='bbox 1412 3629 1479 3695; x_wconf 74' lang='lat' dir='ltr'>Sed</span> <span class='ocrx_word' id='word_1_565' title='bbox 1501 3651 1601 3711; x_wconf 90' lang='lat' dir='ltr'>quum</span> <span class='ocrx_word' id='word_1_566' title='bbox 1621 3629 1809 3693; x_wconf 88' lang='lat' dir='ltr'>melioribus</span> <span class='ocrx_word' id='word_1_567' title='bbox 1832 3628 1886 3694; x_wconf 90' lang='lat' dir='ltr'>do·</span> 
     </span>
     <span class='ocr_line' id='line_1_42' title="bbox 15 3713 1886 3798; baseline 0.001 -20"><span class='ocrx_word' id='word_1_568' title='bbox 15 3736 70 3779; x_wconf 85' lang='lat' dir='ltr'>ero</span> <span class='ocrx_word' id='word_1_569' title='bbox 92 3713 284 3785; x_wconf 86' lang='lat' dir='ltr'>immortale.</span> <span class='ocrx_word' id='word_1_570' title='bbox 307 3714 480 3791; x_wconf 87' lang='lat' dir='ltr'>invisibile,</span> <span class='ocrx_word' id='word_1_571' title='bbox 503 3725 537 3779; x_wconf 89' lang='lat' dir='ltr'>et</span> <span class='ocrx_word' id='word_1_572' title='bbox 558 3716 770 3780; x_wconf 88' lang='lat' dir='ltr'>immensum:</span> <span class='ocrx_word' id='word_1_573' title='bbox 805 3735 864 3798; x_wconf 90' lang='lat' dir='ltr'>ego</span> <span class='ocrx_word' id='word_1_574' title='bbox 916 3717 1091 3789; x_wconf 81' lang='lat' dir='ltr'>cernentis,</span> <span class='ocrx_word' id='word_1_575' title='bbox 1120 3737 1217 3797; x_wconf 87' lang='lat' dir='ltr'>quam</span> <span class='ocrx_word' id='word_1_576' title='bbox 1241 3738 1260 3780; x_wconf 90' lang='lat' dir='ltr'>a</span> <span class='ocrx_word' id='word_1_577' title='bbox 1288 3732 1381 3797; x_wconf 87' lang='lat' dir='ltr'>parto</span> <span class='ocrx_word' id='word_1_578' title='bbox 1409 3736 1468 3780; x_wconf 87' lang='lat' dir='ltr'>sna</span> <span class='ocrx_word' id='word_1_579' title='bbox 1489 3713 1704 3797; x_wconf 86' lang='lat' dir='ltr'>Westphalus</span> <span class='ocrx_word' id='word_1_580' title='bbox 1732 3717 1886 3798; x_wconf 86' lang='lat' dir='ltr'>proferat,</span> 
     </span>
     <span class='ocr_line' id='line_1_43' title="bbox 6 3798 1887 3884; baseline 0 -18"><span class='ocrx_word' id='word_1_581' title='bbox 6 3821 44 3866; x_wconf 92' lang='lat' dir='ltr'>ea</span> <span class='ocrx_word' id='word_1_582' title='bbox 68 3798 209 3864; x_wconf 84' lang='lat' dir='ltr'>ruditate</span> <span class='ocrx_word' id='word_1_583' title='bbox 227 3798 377 3864; x_wconf 75' lang='lat' dir='ltr'>divinare</span> <span class='ocrx_word' id='word_1_584' title='bbox 394 3821 529 3883; x_wconf 91' lang='lat' dir='ltr'>nequeo.</span> <span class='ocrx_word' id='word_1_585' title='bbox 565 3801 649 3864; x_wconf 89' lang='lat' dir='ltr'>Nam</span> <span class='ocrx_word' id='word_1_586' title='bbox 669 3800 753 3883; x_wconf 93' lang='lat' dir='ltr'>quod</span> <span class='ocrx_word' id='word_1_587' title='bbox 773 3821 864 3883; x_wconf 90' lang='lat' dir='ltr'>prae-</span> <span class='ocrx_word' id='word_1_588' title='bbox 916 3801 1008 3867; x_wconf 92' lang='lat' dir='ltr'>nobis</span> <span class='ocrx_word' id='word_1_589' title='bbox 1030 3799 1141 3873; x_wconf 90' lang='lat' dir='ltr'>datum</span> <span class='ocrx_word' id='word_1_590' title='bbox 1166 3803 1208 3864; x_wconf 90' lang='lat' dir='ltr'>sit</span> <span class='ocrx_word' id='word_1_591' title='bbox 1224 3823 1321 3884; x_wconf 88' lang='lat' dir='ltr'>quam</span> <span class='ocrx_word' id='word_1_592' title='bbox 1335 3803 1397 3866; x_wconf 92' lang='lat' dir='ltr'>Dei</span> <span class='ocrx_word' id='word_1_593' title='bbox 1420 3800 1518 3865; x_wconf 89' lang='lat' dir='ltr'>verbe</span> <span class='ocrx_word' id='word_1_594' title='bbox 1535 3799 1711 3866; x_wconf 89' lang='lat' dir='ltr'>dolerimns</span> <span class='ocrx_word' id='word_1_595' title='bbox 1734 3821 1887 3866; x_wconf 86' lang='lat' dir='ltr'>reveren·</span> 
     </span>
     <span class='ocr_line' id='line_1_44' title="bbox 15 3884 1888 3981; baseline 0.001 -33"><span class='ocrx_word' id='word_1_596' title='bbox 15 3885 197 3968; x_wconf 85' lang='lat' dir='ltr'>insignibus</span> <span class='ocrx_word' id='word_1_597' title='bbox 218 3885 357 3951; x_wconf 86' lang='lat' dir='ltr'>vestitus</span> <span class='ocrx_word' id='word_1_598' title='bbox 369 3885 474 3951; x_wconf 88' lang='lat' dir='ltr'>locum</span> <span class='ocrx_word' id='word_1_599' title='bbox 496 3887 577 3951; x_wconf 92' lang='lat' dir='ltr'>sein</span> <span class='ocrx_word' id='word_1_600' title='bbox 599 3886 672 3951; x_wconf 88' lang='lat' dir='ltr'>albo</span> <span class='ocrx_word' id='word_1_601' title='bbox 694 3886 862 3950; x_wconf 87' lang='lat' dir='ltr'>doctorum</span> <span class='ocrx_word' id='word_1_602' title='bbox 889 3904 892 3981; x_wconf 65' lang='lat' dir='ltr'>p</span> <span class='ocrx_word' id='word_1_603' title='bbox 917 3888 996 3952; x_wconf 87' lang='lat' dir='ltr'>tiam</span> <span class='ocrx_word' id='word_1_604' title='bbox 1018 3888 1146 3952; x_wconf 80' lang='lat' dir='ltr'>testari:</span> <span class='ocrx_word' id='word_1_605' title='bbox 1169 3909 1269 3969; x_wconf 89' lang='lat' dir='ltr'>quum</span> <span class='ocrx_word' id='word_1_606' title='bbox 1293 3888 1391 3952; x_wconf 90' lang='lat' dir='ltr'>etiam</span> <span class='ocrx_word' id='word_1_607' title='bbox 1411 3887 1483 3951; x_wconf 90' lang='lat' dir='ltr'>libri</span> <span class='ocrx_word' id='word_1_608' title='bbox 1507 3885 1673 3952; x_wconf 86' lang='lat' dir='ltr'>luculenta</span> <span class='ocrx_word' id='word_1_609' title='bbox 1694 3884 1888 3967; x_wconf 86' lang='lat' dir='ltr'>probatione</span> 
     </span>
     <span class='ocr_line' id='line_1_45' title="bbox 0 3970 1888 4055; baseline 0.002 -21"><span class='ocrx_word' id='word_1_610' title='bbox 0 3972 72 4036; x_wconf 89' lang='lat' dir='ltr'>reri</span> <span class='ocrx_word' id='word_1_611' title='bbox 97 3970 272 4048; x_wconf 85' lang='lat' dir='ltr'>contendit,</span> <span class='ocrx_word' id='word_1_612' title='bbox 296 3972 371 4052; x_wconf 92' lang='lat' dir='ltr'>qnia</span> <span class='ocrx_word' id='word_1_613' title='bbox 392 3995 434 4036; x_wconf 76' lang='lat' dir='ltr'>es</span> <span class='ocrx_word' id='word_1_614' title='bbox 456 3972 627 4054; x_wconf 84' lang='lat' dir='ltr'>seripturis</span> <span class='ocrx_word' id='word_1_615' title='bbox 649 3994 732 4036; x_wconf 89' lang='lat' dir='ltr'>nova</span> <span class='ocrx_word' id='word_1_616' title='bbox 755 3985 788 4036; x_wconf 89' lang='lat' dir='ltr'>et</span> <span class='ocrx_word' id='word_1_617' title='bbox 810 3994 865 4035; x_wconf 88' lang='lat' dir='ltr'>ve·</span> <span class='ocrx_word' id='word_1_618' title='bbox 916 3973 1090 4038; x_wconf 88' lang='lat' dir='ltr'>ostendant</span> <span class='ocrx_word' id='word_1_619' title='bbox 1112 3993 1172 4037; x_wconf 92' lang='lat' dir='ltr'>nos</span> <span class='ocrx_word' id='word_1_620' title='bbox 1194 3974 1265 4038; x_wconf 90' lang='lat' dir='ltr'>eius</span> <span class='ocrx_word' id='word_1_621' title='bbox 1294 3972 1374 4038; x_wconf 87' lang='lat' dir='ltr'>fidos</span> <span class='ocrx_word' id='word_1_622' title='bbox 1396 3983 1429 4036; x_wconf 93' lang='lat' dir='ltr'>et</span> <span class='ocrx_word' id='word_1_623' title='bbox 1451 3973 1566 4054; x_wconf 91' lang='lat' dir='ltr'>probos</span> <span class='ocrx_word' id='word_1_624' title='bbox 1588 3994 1659 4036; x_wconf 90' lang='lat' dir='ltr'>esso</span> <span class='ocrx_word' id='word_1_625' title='bbox 1680 3970 1888 4055; x_wconf 86' lang='lat' dir='ltr'>interpretes,</span> 
     </span>
     <span class='ocr_line' id='line_1_46' title="bbox 2 4046 1889 4142; baseline 0.001 -20"><span class='ocrx_word' id='word_1_626' title='bbox 2 4067 178 4140; x_wconf 89' lang='lat' dir='ltr'>epromat‚</span> <span class='ocrx_word' id='word_1_627' title='bbox 209 4056 422 4139; x_wconf 88' lang='lat' dir='ltr'>principalem</span> <span class='ocrx_word' id='word_1_628' title='bbox 450 4068 560 4122; x_wconf 84' lang='lat' dir='ltr'>teneat</span> <span class='ocrx_word' id='word_1_629' title='bbox 587 4059 767 4140; x_wconf 85' lang='lat' dir='ltr'>scripturae</span> <span class='ocrx_word' id='word_1_630' title='bbox 796 4078 864 4123; x_wconf 90' lang='lat' dir='ltr'>sco·</span> <span class='ocrx_word' id='word_1_631' title='bbox 917 4060 1019 4123; x_wconf 89' lang='lat' dir='ltr'>mirus</span> <span class='ocrx_word' id='word_1_632' title='bbox 1041 4060 1104 4122; x_wconf 90' lang='lat' dir='ltr'>orit</span> <span class='ocrx_word' id='word_1_633' title='bbox 1124 4060 1350 4142; x_wconf 84' lang='lat' dir='ltr'>praestigiator</span> <span class='ocrx_word' id='word_1_634' title='bbox 1370 4046 1587 4142; x_wconf 87' lang='lat' dir='ltr'>Westphalus</span> <span class='ocrx_word' id='word_1_635' title='bbox 1608 4059 1679 4134; x_wconf 88' lang='lat' dir='ltr'>iste,</span> <span class='ocrx_word' id='word_1_636' title='bbox 1706 4057 1734 4120; x_wconf 88' lang='lat' dir='ltr'>si</span> <span class='ocrx_word' id='word_1_637' title='bbox 1757 4078 1777 4121; x_wconf 85' lang='lat' dir='ltr'>a</span> <span class='ocrx_word' id='word_1_638' title='bbox 1800 4070 1889 4124; x_wconf 87' lang='lat' dir='ltr'>certo</span> 
     </span>
    </p>
   </div>
   <div class='ocr_carea' id='block_1_3' title="bbox 7 4141 1889 4284">
    <p class='ocr_par' dir='ltr' id='par_1_3' title="bbox 7 4141 1889 4284">
     <span class='ocr_line' id='line_1_47' title="bbox 7 4141 1889 4284; baseline 0.002 -78"><span class='ocrx_word' id='word_1_639' title='bbox 7 4141 145 4224; x_wconf 86' lang='lat' dir='ltr'>simplici</span> <span class='ocrx_word' id='word_1_640' title='bbox 170 4141 233 4206; x_wconf 84' lang='lat' dir='ltr'>tide</span> <span class='ocrx_word' id='word_1_641' title='bbox 255 4143 650 4209; x_wconf 87' lang='lat' dir='ltr'>essentiaturverbeDci:</span> <span class='ocrx_word' id='word_1_642' title='bbox 674 4143 754 4207; x_wconf 88' lang='lat' dir='ltr'>nibil</span> <span class='ocrx_word' id='word_1_643' title='bbox 778 4154 865 4208; x_wconf 88' lang='lat' dir='ltr'>certe</span> <span class='ocrx_word' id='word_1_644' title='bbox 889 4191 892 4284; x_wconf 54' lang='lat' dir='ltr'>p</span> <span class='ocrx_word' id='word_1_645' title='bbox 918 4146 964 4208; x_wconf 90' lang='lat' dir='ltr'>rei</span> <span class='ocrx_word' id='word_1_646' title='bbox 988 4145 1108 4208; x_wconf 89' lang='lat' dir='ltr'>intuitu</span> <span class='ocrx_word' id='word_1_647' title='bbox 1131 4144 1289 4209; x_wconf 86' lang='lat' dir='ltr'>lectorum</span> <span class='ocrx_word' id='word_1_648' title='bbox 1317 4143 1426 4220; x_wconf 84' lang='lat' dir='ltr'>oculos</span> <span class='ocrx_word' id='word_1_649' title='bbox 1448 4143 1488 4207; x_wconf 88' lang='lat' dir='ltr'>ad</span> <span class='ocrx_word' id='word_1_650' title='bbox 1509 4145 1605 4208; x_wconf 88' lang='lat' dir='ltr'>inane</span> <span class='ocrx_word' id='word_1_651' title='bbox 1627 4153 1791 4224; x_wconf 82' lang='lat' dir='ltr'>spectrum</span> <span class='ocrx_word' id='word_1_652' title='bbox 1811 4164 1889 4209; x_wconf 91' lang='lat' dir='ltr'>cen·</span> 
     </span>
    </p>
   </div>
   <div class='ocr_carea' id='block_1_4' title="bbox 0 4226 1891 5084">
    <p class='ocr_par' dir='ltr' id='par_1_4' title="bbox 0 4226 1891 5084">
     <span class='ocr_line' id='line_1_48' title="bbox 1 4226 1891 4314; baseline 0.001 -22"><span class='ocrx_word' id='word_1_653' title='bbox 1 4229 44 4300; x_wconf 86' lang='grc' dir='ltr'>ιι.</span> <span class='ocrx_word' id='word_1_654' title='bbox 73 4226 159 4310; x_wconf 93' lang='lat' dir='ltr'>quod</span> <span class='ocrx_word' id='word_1_655' title='bbox 180 4250 244 4292; x_wconf 94' lang='lat' dir='ltr'>non</span> <span class='ocrx_word' id='word_1_656' title='bbox 268 4228 312 4292; x_wconf 91' lang='lat' dir='ltr'>sit</span> <span class='ocrx_word' id='word_1_657' title='bbox 333 4227 424 4294; x_wconf 91' lang='lat' dir='ltr'>nobis</span> <span class='ocrx_word' id='word_1_658' title='bbox 446 4250 627 4294; x_wconf 89' lang='lat' dir='ltr'>commune.</span> <span class='ocrx_word' id='word_1_659' title='bbox 672 4229 806 4295; x_wconf 85' lang='lat' dir='ltr'>Utinam</span> <span class='ocrx_word' id='word_1_660' title='bbox 829 4252 865 4293; x_wconf 88' lang='lat' dir='ltr'>re</span> <span class='ocrx_word' id='word_1_661' title='bbox 890 4293 892 4309; x_wconf 53' lang='lat'>,</span> <span class='ocrx_word' id='word_1_662' title='bbox 918 4242 1032 4294; x_wconf 85' lang='lat' dir='ltr'>vertat</span> <span class='ocrx_word' id='word_1_663' title='bbox 1083 4234 1156 4308; x_wconf 80' lang='lat' dir='ltr'>[pag.</span> <span class='ocrx_word' id='word_1_664' title='bbox 1184 4234 1256 4308; x_wconf 80' lang='lat'>145]</span> <span class='ocrx_word' id='word_1_665' title='bbox 1288 4230 1405 4294; x_wconf 87' lang='lat' dir='ltr'>Valeat</span> <span class='ocrx_word' id='word_1_666' title='bbox 1431 4230 1532 4314; x_wconf 85' lang='lat' dir='ltr'>igitur</span> <span class='ocrx_word' id='word_1_667' title='bbox 1563 4229 1793 4312; x_wconf 86' lang='lat' dir='ltr'>intempestiva</span> <span class='ocrx_word' id='word_1_668' title='bbox 1827 4230 1891 4295; x_wconf 81' lang='lat' dir='ltr'>ista</span> 
     </span>
     <span class='ocr_line' id='line_1_49' title="bbox 0 4313 1890 4399; baseline 0.002 -22"><span class='ocrx_word' id='word_1_669' title='bbox 0 4314 136 4378; x_wconf 87' lang='lat' dir='ltr'>aritiam</span> <span class='ocrx_word' id='word_1_670' title='bbox 160 4314 244 4378; x_wconf 90' lang='lat' dir='ltr'>hano</span> <span class='ocrx_word' id='word_1_671' title='bbox 271 4333 308 4379; x_wconf 88' lang='lat' dir='ltr'>ae</span> <span class='ocrx_word' id='word_1_672' title='bbox 336 4313 562 4380; x_wconf 83' lang='lat' dir='ltr'>dexteritatem</span> <span class='ocrx_word' id='word_1_673' title='bbox 587 4317 619 4379; x_wconf 94' lang='lat' dir='ltr'>in</span> <span class='ocrx_word' id='word_1_674' title='bbox 642 4336 677 4379; x_wconf 91' lang='lat' dir='ltr'>se</span> <span class='ocrx_word' id='word_1_675' title='bbox 705 4326 864 4380; x_wconf 86' lang='lat' dir='ltr'>monstra·</span> <span class='ocrx_word' id='word_1_676' title='bbox 889 4320 892 4389; x_wconf 76' lang='lat' dir='ltr'>l</span> <span class='ocrx_word' id='word_1_677' title='bbox 917 4314 1101 4399; x_wconf 85' lang='lat' dir='ltr'>garrulitas,</span> <span class='ocrx_word' id='word_1_678' title='bbox 1125 4336 1189 4397; x_wconf 91' lang='lat' dir='ltr'>qua</span> <span class='ocrx_word' id='word_1_679' title='bbox 1211 4316 1291 4380; x_wconf 91' lang='lat' dir='ltr'>nihil</span> <span class='ocrx_word' id='word_1_680' title='bbox 1311 4337 1385 4380; x_wconf 91' lang='lat' dir='ltr'>enm</span> <span class='ocrx_word' id='word_1_681' title='bbox 1408 4315 1495 4380; x_wconf 87' lang='lat' dir='ltr'>alind</span> <span class='ocrx_word' id='word_1_682' title='bbox 1518 4316 1631 4380; x_wconf 78' lang='lat' dir='ltr'>venari</span> <span class='ocrx_word' id='word_1_683' title='bbox 1654 4325 1800 4397; x_wconf 90' lang='lat' dir='ltr'>apparet,</span> <span class='ocrx_word' id='word_1_684' title='bbox 1824 4315 1890 4381; x_wconf 89' lang='lat' dir='ltr'>nisi</span> 
     </span>
     <span class='ocr_line' id='line_1_50' title="bbox 7 4391 1890 4484; baseline 0.001 -20"><span class='ocrx_word' id='word_1_685' title='bbox 7 4400 80 4464; x_wconf 87' lang='lat' dir='ltr'>Hoc</span> <span class='ocrx_word' id='word_1_686' title='bbox 107 4399 205 4463; x_wconf 89' lang='lat' dir='ltr'>etiam</span> <span class='ocrx_word' id='word_1_687' title='bbox 231 4398 381 4477; x_wconf 90' lang='lat' dir='ltr'>ridicule,</span> <span class='ocrx_word' id='word_1_688' title='bbox 417 4401 568 4484; x_wconf 86' lang='lat' dir='ltr'>quamvis</span> <span class='ocrx_word' id='word_1_689' title='bbox 597 4423 637 4466; x_wconf 82' lang='lat' dir='ltr'>cx</span> <span class='ocrx_word' id='word_1_690' title='bbox 673 4421 762 4464; x_wconf 88' lang='lat' dir='ltr'>more</span> <span class='ocrx_word' id='word_1_691' title='bbox 796 4422 863 4478; x_wconf 88' lang='lat' dir='ltr'>suo,</span> <span class='ocrx_word' id='word_1_692' title='bbox 889 4391 892 4480; x_wconf 79' lang='lat' dir='ltr'>l</span> <span class='ocrx_word' id='word_1_693' title='bbox 917 4411 955 4465; x_wconf 92' lang='lat' dir='ltr'>nt</span> <span class='ocrx_word' id='word_1_694' title='bbox 975 4402 1140 4483; x_wconf 89' lang='lat' dir='ltr'>imperitos</span> <span class='ocrx_word' id='word_1_695' title='bbox 1158 4401 1331 4477; x_wconf 90' lang='lat' dir='ltr'>dementot,</span> <span class='ocrx_word' id='word_1_696' title='bbox 1355 4422 1396 4466; x_wconf 92' lang='lat' dir='ltr'>ne</span> <span class='ocrx_word' id='word_1_697' title='bbox 1419 4400 1458 4465; x_wconf 95' lang='lat' dir='ltr'>de</span> <span class='ocrx_word' id='word_1_698' title='bbox 1480 4424 1515 4466; x_wconf 93' lang='lat' dir='ltr'>rc</span> <span class='ocrx_word' id='word_1_699' title='bbox 1537 4410 1743 4483; x_wconf 89' lang='lat' dir='ltr'>cognoscant.</span> <span class='ocrx_word' id='word_1_700' title='bbox 1779 4399 1890 4482; x_wconf 90' lang='lat' dir='ltr'>Quor·</span> 
     </span>
     <span class='ocr_line' id='line_1_51' title="bbox 5 4485 1890 4568; baseline 0.003 -19"><span class='ocrx_word' id='word_1_701' title='bbox 5 4492 168 4568; x_wconf 89' lang='lat' dir='ltr'>postremo</span> <span class='ocrx_word' id='word_1_702' title='bbox 178 4485 248 4551; x_wconf 92' lang='lat' dir='ltr'>loco</span> <span class='ocrx_word' id='word_1_703' title='bbox 259 4495 432 4552; x_wconf 87' lang='lat' dir='ltr'>contentus</span> <span class='ocrx_word' id='word_1_704' title='bbox 454 4487 565 4552; x_wconf 88' lang='lat' dir='ltr'>statim</span> <span class='ocrx_word' id='word_1_705' title='bbox 588 4507 622 4551; x_wconf 89' lang='lat' dir='ltr'>se</span> <span class='ocrx_word' id='word_1_706' title='bbox 644 4487 677 4550; x_wconf 92' lang='lat' dir='ltr'>iu</span> <span class='ocrx_word' id='word_1_707' title='bbox 701 4507 865 4551; x_wconf 89' lang='lat' dir='ltr'>summum</span> <span class='ocrx_word' id='word_1_708' title='bbox 917 4509 989 4552; x_wconf 91' lang='lat' dir='ltr'>sum</span> <span class='ocrx_word' id='word_1_709' title='bbox 1024 4487 1111 4550; x_wconf 90' lang='lat' dir='ltr'>enim</span> <span class='ocrx_word' id='word_1_710' title='bbox 1143 4488 1261 4551; x_wconf 91' lang='lat' dir='ltr'>attinet</span> <span class='ocrx_word' id='word_1_711' title='bbox 1294 4486 1467 4551; x_wconf 85' lang='lat' dir='ltr'>stultitiam</span> <span class='ocrx_word' id='word_1_712' title='bbox 1500 4487 1591 4552; x_wconf 89' lang='lat' dir='ltr'>uobis</span> <span class='ocrx_word' id='word_1_713' title='bbox 1617 4485 1754 4550; x_wconf 90' lang='lat' dir='ltr'>obiicere</span> <span class='ocrx_word' id='word_1_714' title='bbox 1788 4508 1827 4550; x_wconf 90' lang='lat' dir='ltr'>ac</span> <span class='ocrx_word' id='word_1_715' title='bbox 1861 4487 1890 4554; x_wconf 89' lang='lat' dir='ltr'>si</span> 
     </span>
     <span class='ocr_line' id='line_1_52' title="bbox 1 4570 1890 4655; baseline 0.003 -20"><span class='ocrx_word' id='word_1_716' title='bbox 1 4593 25 4635; x_wconf 86' lang='lat' dir='ltr'>u</span> <span class='ocrx_word' id='word_1_717' title='bbox 48 4571 152 4649; x_wconf 84' lang='lat' dir='ltr'>effert,</span> <span class='ocrx_word' id='word_1_718' title='bbox 174 4570 296 4635; x_wconf 92' lang='lat' dir='ltr'>dictum</span> <span class='ocrx_word' id='word_1_719' title='bbox 320 4572 401 4635; x_wconf 92' lang='lat' dir='ltr'>illud</span> <span class='ocrx_word' id='word_1_720' title='bbox 425 4593 599 4655; x_wconf 89' lang='lat' dir='ltr'>usurpans:</span> <span class='ocrx_word' id='word_1_721' title='bbox 623 4571 732 4655; x_wconf 78' lang='lat' dir='ltr'>Super</span> <span class='ocrx_word' id='word_1_722' title='bbox 752 4594 865 4637; x_wconf 89' lang='lat' dir='ltr'>omnes</span> <span class='ocrx_word' id='word_1_723' title='bbox 917 4572 1013 4638; x_wconf 85' lang='lat' dir='ltr'>Moisi</span> <span class='ocrx_word' id='word_1_724' title='bbox 1043 4582 1077 4637; x_wconf 92' lang='lat' dir='ltr'>ct</span> <span class='ocrx_word' id='word_1_725' title='bbox 1097 4572 1264 4655; x_wconf 90' lang='lat' dir='ltr'>prophetis</span> <span class='ocrx_word' id='word_1_726' title='bbox 1294 4593 1358 4637; x_wconf 91' lang='lat' dir='ltr'>non</span> <span class='ocrx_word' id='word_1_727' title='bbox 1379 4571 1570 4637; x_wconf 86' lang='lat' dir='ltr'>credamus?</span> <span class='ocrx_word' id='word_1_728' title='bbox 1615 4571 1729 4653; x_wconf 90' lang='lat' dir='ltr'>Neque</span> <span class='ocrx_word' id='word_1_729' title='bbox 1749 4573 1890 4640; x_wconf 84' lang='lat' dir='ltr'>enimsi</span> 
     </span>
     <span class='ocr_line' id='line_1_53' title="bbox 21 4656 1890 4742; baseline 0.001 -22"><span class='ocrx_word' id='word_1_730' title='bbox 21 4684 45 4713; x_wconf 74' lang='lat'>2:</span> <span class='ocrx_word' id='word_1_731' title='bbox 78 4678 129 4721; x_wconf 92' lang='lat' dir='ltr'>me</span> <span class='ocrx_word' id='word_1_732' title='bbox 163 4657 311 4721; x_wconf 85' lang='lat' dir='ltr'>intellexi</span> <span class='ocrx_word' id='word_1_733' title='bbox 339 4657 439 4741; x_wconf 87' lang='lat' dir='ltr'>(Psal.</span> <span class='ocrx_word' id='word_1_734' title='bbox 468 4663 535 4738; x_wconf 83' lang='grc'><strong>119,</strong></span> <span class='ocrx_word' id='word_1_735' title='bbox 559 4658 624 4742; x_wconf 77' lang='grc'>99).</span> <span class='ocrx_word' id='word_1_736' title='bbox 675 4656 749 4738; x_wconf 93' lang='lat' dir='ltr'>Qno</span> <span class='ocrx_word' id='word_1_737' title='bbox 778 4659 866 4723; x_wconf 89' lang='lat' dir='ltr'>cuim</span> <span class='ocrx_word' id='word_1_738' title='bbox 916 4659 1017 4732; x_wconf 84' lang='lat' dir='ltr'>verba</span> <span class='ocrx_word' id='word_1_739' title='bbox 1038 4659 1160 4725; x_wconf 78' lang='lat' dir='ltr'>Christi</span> <span class='ocrx_word' id='word_1_740' title='bbox 1189 4659 1444 4740; x_wconf 89' lang='lat' dir='ltr'>interpretamur</span> <span class='ocrx_word' id='word_1_741' title='bbox 1470 4671 1506 4722; x_wconf 91' lang='lat' dir='ltr'>ut</span> <span class='ocrx_word' id='word_1_742' title='bbox 1534 4657 1717 4724; x_wconf 88' lang='lat' dir='ltr'>eommunis</span> <span class='ocrx_word' id='word_1_743' title='bbox 1745 4659 1890 4742; x_wconf 87' lang='lat' dir='ltr'>scriptu·</span> 
     </span>
     <span class='ocr_line' id='line_1_54' title="bbox 6 4741 1885 4827; baseline 0.002 -19"><span class='ocrx_word' id='word_1_744' title='bbox 6 4742 97 4808; x_wconf 91' lang='lat' dir='ltr'>bitur</span> <span class='ocrx_word' id='word_1_745' title='bbox 109 4741 287 4817; x_wconf 90' lang='lat' dir='ltr'>Lutherns,</span> <span class='ocrx_word' id='word_1_746' title='bbox 306 4742 544 4824; x_wconf 88' lang='lat' dir='ltr'>sieosuperior</span> <span class='ocrx_word' id='word_1_747' title='bbox 555 4753 614 4818; x_wconf 91' lang='lat' dir='ltr'>est,</span> <span class='ocrx_word' id='word_1_748' title='bbox 635 4744 689 4825; x_wconf 91' lang='lat' dir='ltr'>qui</span> <span class='ocrx_word' id='word_1_749' title='bbox 708 4745 742 4807; x_wconf 90' lang='lat' dir='ltr'>iu</span> <span class='ocrx_word' id='word_1_750' title='bbox 759 4744 865 4827; x_wconf 89' lang='lat' dir='ltr'>gradu</span> <span class='ocrx_word' id='word_1_751' title='bbox 913 4766 969 4809; x_wconf 88' lang='lat' dir='ltr'>rae</span> <span class='ocrx_word' id='word_1_752' title='bbox 990 4765 1069 4809; x_wconf 89' lang='lat' dir='ltr'>usus</span> <span class='ocrx_word' id='word_1_753' title='bbox 1092 4743 1242 4826; x_wconf 89' lang='lat' dir='ltr'>postulat,</span> <span class='ocrx_word' id='word_1_754' title='bbox 1264 4741 1336 4809; x_wconf 92' lang='lat' dir='ltr'>idco</span> <span class='ocrx_word' id='word_1_755' title='bbox 1353 4745 1504 4826; x_wconf 87' lang='lat' dir='ltr'>protinus</span> <span class='ocrx_word' id='word_1_756' title='bbox 1523 4742 1664 4808; x_wconf 90' lang='lat' dir='ltr'>habendi</span> <span class='ocrx_word' id='word_1_757' title='bbox 1686 4763 1801 4809; x_wconf 90' lang='lat' dir='ltr'>sumus</span> <span class='ocrx_word' id='word_1_758' title='bbox 1824 4765 1885 4826; x_wconf 88' lang='lat' dir='ltr'>pro</span> 
     </span>
     <span class='ocr_line' id='line_1_55' title="bbox 0 4826 1886 4911; baseline 0.001 -18"><span class='ocrx_word' id='word_1_759' title='bbox 0 4857 2 4884; x_wconf 81' lang='grc' dir='ltr'>ι</span> <span class='ocrx_word' id='word_1_760' title='bbox 41 4827 202 4894; x_wconf 87' lang='lat' dir='ltr'>subsidit?</span> <span class='ocrx_word' id='word_1_761' title='bbox 264 4826 410 4891; x_wconf 76' lang='lat' dir='ltr'>Tandem</span> <span class='ocrx_word' id='word_1_762' title='bbox 442 4838 477 4892; x_wconf 92' lang='lat' dir='ltr'>ut</span> <span class='ocrx_word' id='word_1_763' title='bbox 509 4829 741 4911; x_wconf 88' lang='lat' dir='ltr'>possessionem</span> <span class='ocrx_word' id='word_1_764' title='bbox 777 4829 865 4894; x_wconf 87' lang='lat' dir='ltr'>tituli</span> <span class='ocrx_word' id='word_1_765' title='bbox 912 4829 1096 4895; x_wconf 86' lang='lat' dir='ltr'>incredulis.</span> <span class='ocrx_word' id='word_1_766' title='bbox 1116 4829 1187 4892; x_wconf 91' lang='lat' dir='ltr'>Nisi</span> <span class='ocrx_word' id='word_1_767' title='bbox 1199 4830 1286 4893; x_wconf 92' lang='lat' dir='ltr'>enim</span> <span class='ocrx_word' id='word_1_768' title='bbox 1298 4852 1357 4894; x_wconf 91' lang='lat' dir='ltr'>nos</span> <span class='ocrx_word' id='word_1_769' title='bbox 1368 4830 1429 4894; x_wconf 93' lang='lat' dir='ltr'>sibi</span> <span class='ocrx_word' id='word_1_770' title='bbox 1443 4829 1610 4893; x_wconf 89' lang='lat' dir='ltr'>devinctos</span> <span class='ocrx_word' id='word_1_771' title='bbox 1621 4838 1748 4892; x_wconf 86' lang='lat' dir='ltr'>teneret</span> <span class='ocrx_word' id='word_1_772' title='bbox 1761 4828 1886 4895; x_wconf 79' lang='lat' dir='ltr'>Christi</span> 
     </span>
     <span class='ocr_line' id='line_1_56' title="bbox 1 4911 1887 5000; baseline 0 -20"><span class='ocrx_word' id='word_1_773' title='bbox 1 4933 64 4980; x_wconf 84' lang='lat' dir='ltr'>nae</span> <span class='ocrx_word' id='word_1_774' title='bbox 86 4915 240 4990; x_wconf 82' lang='lat' dir='ltr'>retineat,</span> <span class='ocrx_word' id='word_1_775' title='bbox 273 4914 338 4978; x_wconf 92' lang='lat' dir='ltr'>nisi</span> <span class='ocrx_word' id='word_1_776' title='bbox 359 4911 472 4978; x_wconf 88' lang='lat' dir='ltr'>doctus</span> <span class='ocrx_word' id='word_1_777' title='bbox 494 4922 592 4988; x_wconf 89' lang='lat' dir='ltr'>osset,</span> <span class='ocrx_word' id='word_1_778' title='bbox 622 4936 656 4976; x_wconf 89' lang='lat' dir='ltr'>ee</span> <span class='ocrx_word' id='word_1_779' title='bbox 680 4936 743 4978; x_wconf 88' lang='lat' dir='ltr'>non</span> <span class='ocrx_word' id='word_1_780' title='bbox 766 4916 865 4981; x_wconf 70' lang='lat' dir='ltr'>scrisse</span> <span class='ocrx_word' id='word_1_781' title='bbox 912 4917 1051 4991; x_wconf 87' lang='lat' dir='ltr'>veritas,</span> <span class='ocrx_word' id='word_1_782' title='bbox 1078 4916 1141 4979; x_wconf 89' lang='lat' dir='ltr'>nisi</span> <span class='ocrx_word' id='word_1_783' title='bbox 1170 4912 1387 4999; x_wconf 87' lang='lat' dir='ltr'>obstringeret</span> <span class='ocrx_word' id='word_1_784' title='bbox 1409 4916 1537 5000; x_wconf 88' lang='lat' dir='ltr'>religio,</span> <span class='ocrx_word' id='word_1_785' title='bbox 1567 4915 1684 4980; x_wconf 89' lang='lat' dir='ltr'>curin</span> <span class='ocrx_word' id='word_1_786' title='bbox 1713 4916 1782 4979; x_wconf 88' lang='lat' dir='ltr'>acie</span> <span class='ocrx_word' id='word_1_787' title='bbox 1804 4916 1887 4980; x_wconf 88' lang='lat' dir='ltr'>assi·</span> 
     </span>
     <span class='ocr_line' id='line_1_57' title="bbox 0 4995 1886 5084; baseline 0.001 -20"><span class='ocrx_word' id='word_1_788' title='bbox 0 4995 110 5064; x_wconf 91' lang='lat' dir='ltr'>ndum</span> <span class='ocrx_word' id='word_1_789' title='bbox 133 4998 219 5065; x_wconf 90' lang='lat' dir='ltr'>dicit.</span> <span class='ocrx_word' id='word_1_790' title='bbox 253 4999 376 5063; x_wconf 90' lang='lat' dir='ltr'>Parum</span> <span class='ocrx_word' id='word_1_791' title='bbox 397 4998 498 5076; x_wconf 92' lang='lat' dir='ltr'>abest,</span> <span class='ocrx_word' id='word_1_792' title='bbox 521 4999 599 5082; x_wconf 90' lang='lat' dir='ltr'>quin</span> <span class='ocrx_word' id='word_1_793' title='bbox 621 4999 864 5077; x_wconf 84' lang='lat' dir='ltr'>confessionem,</span> <span class='ocrx_word' id='word_1_794' title='bbox 912 5000 976 5066; x_wconf 89' lang='lat' dir='ltr'>dne</span> <span class='ocrx_word' id='word_1_795' title='bbox 998 4999 1182 5066; x_wconf 87' lang='lat' dir='ltr'>staremus?</span> <span class='ocrx_word' id='word_1_796' title='bbox 1217 5001 1348 5066; x_wconf 83' lang='lat' dir='ltr'>Scimus</span> <span class='ocrx_word' id='word_1_797' title='bbox 1369 5024 1447 5067; x_wconf 89' lang='lat' dir='ltr'>sanc</span> <span class='ocrx_word' id='word_1_798' title='bbox 1470 4999 1545 5084; x_wconf 93' lang='lat' dir='ltr'>quid</span> <span class='ocrx_word' id='word_1_799' title='bbox 1569 5000 1613 5065; x_wconf 89' lang='lat' dir='ltr'>sit</span> <span class='ocrx_word' id='word_1_800' title='bbox 1635 4999 1668 5063; x_wconf 92' lang='lat' dir='ltr'>in</span> <span class='ocrx_word' id='word_1_801' title='bbox 1691 5000 1792 5065; x_wconf 88' lang='lat' dir='ltr'>oculis</span> <span class='ocrx_word' id='word_1_802' title='bbox 1810 5022 1886 5068; x_wconf 90' lang='lat' dir='ltr'>nos·</span> 
     </span>
    </p>
   </div>
   <div class='ocr_carea' id='block_1_5' title="bbox 0 0 2392 5844">
    <p class='ocr_par' dir='ltr' id='par_1_5' title="bbox 0 0 2392 5844">
     <span class='ocr_line' id='line_1_58' title="bbox 0 0 2392 5844; baseline 0 0"><span class='ocrx_word' id='word_1_803' title='bbox 0 0 2392 5844; x_wconf 95' lang='lat' dir='ltr'> </span> 
     </span>
    </p>
   </div>
  </div>
 </body>
</html>
