4748 5798
138 162 201 229 tu
816 155 880 226 DE
902 153 1032 222 VERA
1052 152 1445 222 PARTIOIPA'I'IONE
2057 200 2117 218 »ι

139 369 205 434 que
226 347 332 432 pictor
352 346 411 424 sit,
439 362 545 428 neque
567 343 698 423 histrio,
732 364 837 428 neque
858 341 1074 410 Archimedes
1088 345 1112 422 ¹)
1162 362 1330 425 nunquam
1351 342 1461 408 visum
1483 362 1554 408 esse
1571 340 1747 424 qualisest,
1770 362 1883 408 verum
1904 360 1966 425 pre
1987 334 2133 406 fidelium

140 434 316 517 quispiam,
345 432 400 514 qui
419 429 509 495 inani
530 438 661 495 tentum
689 429 816 496 obiecta
836 429 981 513 imagine
1002 428 1112 497 oculos
1163 434 1258 510 captu
1280 427 1453 493 manifesta
1473 428 1678 513 praesentiae
1700 447 1779 493 suae
1796 427 1891 512 signa
1911 426 2046 493 dedisse.
2079 426 2134 491 Ita

110 562 111 565 =
141 525 269 605 paseat,
299 514 356 582 sed
383 536 461 583 rere
488 522 522 580 ct
542 536 578 581 re
611 516 682 598 ipsa
704 523 848 599 praestet
869 514 954 598 quod
977 522 1111 580 externo
1162 525 1273 577 autem
1296 512 1429 578 minime
1450 511 1634 579 excluditur
1645 512 1775 579 divinae
1797 513 1958 578 essentiae
1979 532 2133 595 praesan-

141 600 819 772 atil..¹'¹ttil...ttlt.tt⁸llt⁰
854 620 1111 769 i’fflmalpiil
1162 598 1219 748 iii
1240 599 1427 767 timuit}
1449 618 1580 751 titt
1602 596 2135 751 tirmitttttlltl'lt

141 773 276 841 Obristi.
327 772 415 855 Quia
448 781 559 838 autem
593 772 673 838 hacc
695 772 820 859 Ohristi
850 792 925 837 oum
957 771 1112 836 membris
1163 736 1421 835 substantialiter
1447 737 1678 853 repraesdntat
1758 770 1889 836 elumbe
1911 735 2047 836 vocatur,
2066 769 2135 852 spi-

142 860 209 926 suis
246 859 428 925 coniunctio
463 880 505 923 ex
537 857 859 942 incomprehensibili
889 857 958 922 aius
989 858 1111 923 virtute
1162 855 1545 939 rituslldatth.3,13):
1574 877 1615 921 an
1637 857 1781 940 proprie,
1820 865 1858 920 ut
1879 855 2032 922 Christus
2054 854 2135 919 alibi

140 943 270 1029 pendet,
292 945 486 1028 mysterium
509 943 579 1022 hoe,
601 943 687 1027 quod
705 944 809 1009 sentio
820 951 854 1008 et
865 963 1004 1027 agnosco
1015 950 1112 1026 captu
1162 942 1358 1023 pronunciat
1391 942 1501 1007 Deum
1540 962 1610 1007 csse
1649 942 1802 1025 spiritum
1835 941 1963 1026 (Ioann.
1993 947 2023 1019 4,
2053 938 2134 1025 20?

140 1029 261 1096 mentis
281 1051 373 1095 meae
394 1050 465 1096 esse
486 1028 645 1114 superius,
668 1028 822 1094 admirari
843 1048 909 1093 non
930 1027 1039 1112 pudet.
1163 1024 1261 1091 Oerte
1287 1027 1500 1092 manifestum
1532 1026 1706 1093 discrimen
1735 1049 1770 1093 se
1796 1029 1932 1112 prefert:
1965 1027 2043 1110 quia
2070 1026 2136 1091 etsi

147 1126 150 1132 '
226 1115 292 1181 Hic
314 1115 516 1181 tumultuose·
533 1115 678 1199 insurgit
694 1114 820 1182 Thraso
829 1115 857 1195 ⁴²)
876 1123 996 1193 noster,
1018 1133 1111 1197 mag·
1162 1131 1240 1176 vere
1261 1118 1341 1177 tune
1361 1120 1395 1178 ct
1415 1113 1632 1179 essentialiter
1653 1113 1757 1178 adfuit
1778 1114 1923 1196 spiritus,
1943 1111 2067 1180 visibili
2084 1120 2136 1177 ta·

141 1222 266 1286 naequc
286 1199 508 1284 impudentiae
530 1208 563 1266 et
584 1200 761 1286 sacrilegae
788 1198 940 1265 audaciae
958 1219 1029 1264 esee
1046 1199 1111 1264 cla·
1162 1216 1239 1261 men
1265 1197 1413 1281 symbolo
1444 1200 1659 1281 praesentiam
1687 1206 1721 1264 et
1745 1200 1877 1264 virtutis
1907 1206 1941 1264 et
1972 1199 2136 1264 essentiae

140 1288 246 1363 mitat,
269 1295 417 1371 apertam
428 1287 492 1351 Dei
514 1307 626 1352 vocem
648 1306 867 1369 corrumpere,
889 1285 965 1368 qnia
987 1285 1109 1351 dietum
1161 1301 1240 1347 suae
1272 1283 1482 1366 spectandam
1516 1284 1674 1351 exhibuit.
1730 1282 1839 1365 Quum
1872 1305 1950 1351 vero
1982 1284 2136 1368 nequiter

141 1374 198 1440 sit:
222 1372 297 1438 Hoe
317 1379 368 1438 est
390 1393 508 1455 corpus
529 1393 656 1452 meum,
679 1390 717 1436 ae
736 1371 871 1455 proinde
890 1371 1005 1448 iecore,
1028 1390 1066 1436 ao
1083 1371 1111 1435 ei
1162 1368 1353 1434 criminetur
1380 1369 1566 1436 Heshnsius
1593 1392 1653 1437 nos
1679 1371 1804 1454 fingere
1832 1391 1948 1453 cerpus
1975 1370 2135 1454 symboli·

141 1459 216 1542 quis
238 1465 377 1542 negaret
397 1457 502 1523 filium
522 1458 587 1524 Dei
608 1477 679 1522 esse
700 1455 875 1522 hominem.
908 1457 1110 1522 hieautem
1161 1473 1252 1531 oum,
1287 1453 1364 1520 hine
1391 1454 1510 1538 liquet,
1544 1456 1631 1539 qued
1659 1476 1755 1521 nemo
1790 1455 1972 1522 verecunde
1999 1455 2137 1540 colligat

142 1546 274 1630 regere,
299 1544 361 1608 hae
381 1542 453 1627 lege
475 1543 582 1627 ipsum
600 1563 671 1609 csse
692 1542 947 1626 anthropomorp
973 1543 1060 1620 tam,
1083 1542 1111 1605 si
1161 1538 1377 1622 symbolicum
1399 1542 1550 1625 spiritum
1571 1543 1672 1608 fuisse
1693 1553 1902 1625 conspectum
1913 1543 1946 1607 in
1969 1542 2136 1626 baptismo

142 1631 267 1696 crimen
301 1629 477 1714 sacrilegae
509 1627 668 1695 audaciae
694 1628 838 1712 effugere
868 1627 956 1695 velit.
1010 1626 1111 1692 Nulla
1161 1624 1297 1703 Christi,
1325 1626 1402 1708 quia
1424 1647 1500 1692 vere
1522 1626 1581 1692 sub
1603 1627 1750 1711 symbolo
1771 1633 1830 1692 aut
1850 1636 1988 1693 externa
2008 1626 2136 1694 colum·

142 1715 230 1780 enim
251 1713 452 1781 absurditate
472 1718 545 1793 [pag.
571 1719 623 1795 18]
646 1713 718 1780 vult
738 1735 797 1779 nos
818 1713 958 1792 moveri,
985 1721 1024 1778 ut
1045 1711 1111 1797 syl·
1161 1709 1221 1776 bae
1249 1711 1356 1793 specie
1389 1713 1549 1795 apparuit.
1599 1713 1758 1779 Fatemur
1789 1734 1867 1798 ergo
1895 1733 2012 1796 corpus
2043 1712 2135 1778 idem

141 1798 248 1865 labam
276 1821 376 1865 unam
404 1799 438 1865 in
465 1800 574 1865 verbis
600 1807 773 1865 mutemus.
827 1797 914 1880 Quia
940 1819 1018 1882 ergo
1038 1797 1111 1863 Deo
1161 1796 1246 1878 quod
1268 1796 1460 1862 crucifixum
1482 1798 1554 1876 luit,
1576 1800 1682 1865 nosin
1699 1818 1800 1864 coena
1815 1797 1997 1865 comedere:
2017 1819 2136 1882 quam-

142 1884 690 2038 tlttttttttlltlllffl’
713 1904 842 2035 mztis
862 1883 980 2036 ‘ltili
997 1903 1111 2034 tlt
1162 1881 1367 2033 titt?
1369 1882 1461 2033 ‘tit
1479 1884 1664 2036 {biiii
1678 1884 1763 2037 idai
1764 1904 1892 2036 titt.
1902 1884 2049 2035 11ιέἒὲ
2059 1891 2136 2036 tal-⁶

141 2078 234 2123 reum
255 2054 462 2137 esse.·Quia
482 1990 809 2122 inbantiedhdquae
831 1991 950 2122 dicitur
971 1989 1111 2120 ι1ι111ι1ἰ
1162 2073 1234 2135 pns,
1256 1988 1585 2120 cuiusimmolatione
1604 2055 1801 2122 reconciliati
1818 2056 2025 2121 sumusDco.
2059 2057 2135 2121 Etsi

141 2142 262 2209 licosus
283 2141 403 2225 (Exod.
421 2147 468 2221 15,
488 2143 533 2223 3),
555 2143 604 2208 fas
621 2163 687 2207 non
709 2142 773 2208 erit
790 2142 949 2207 concinna
968 2139 1037 2208 ulls
1054 2161 1111 2205 ex·
1162 2146 1272 2203 antem
1298 2140 1332 2203 in
1355 2138 1407 2204 his
1430 2139 1538 2206 verbis
1563 2141 1721 2207 nonnulla
1742 2150 1794 2208 est
1814 2141 2000 2208 diversitas:
2032 2141 2135 2207 Panis

184 2228 300 2294 sitione
325 2247 478 2310 asperum
504 2227 592 2293 hune
613 2224 768 2311 loquendi
796 2226 928 2292 modum
949 2226 1109 2311 mitigare.
1162 2234 1213 2288 ost
1233 2224 1363 2308 signum
1385 2226 1538 2308 eorporis,
1561 2226 1615 2292 vel
1630 2228 1747 2311 figura,
1770 2227 1822 2294 vel
1844 2226 2041 2311 symbolum,
2064 2226 2133 2293 vel:

140 2248 328 2380 bbthnrnee
337 2332 413 2379 suos
425 2313 635 2395 quantumvis
654 2312 782 2378 attollat
791 2313 820 2396 Β)
841 2311 1036 2391 Heshusius‚
1059 2333 1111 2377 re-
1162 2308 1264 2373 Panis
1283 2309 1447 2394 significat
1468 2331 1504 2376 co
1545 2334 1600 2391 us,
1628 2312 1680 2378 rel
1701 2313 1931 2396 metaphorica,
1954 2312 2008 2378 vel
2031 2323 2134 2378 meto-
2276 2308 2370 2394 ζ

142 2398 240 2482 primi
261 2406 371 2463 tamen
398 2399 469 2464 eius
494 2399 701 2464 insolentiam
726 2406 794 2462 tam
821 2397 931 2463 valido
952 2398 1110 2481 firmoque
1161 2395 1306 2479 nymica,
1335 2395 1387 2461 vel
1408 2417 1488 2481 syne
1529 2396 1640 2464 oehica
1660 2408 1710 2464 est
1730 2398 1919 2484 appellatio,
1942 2397 1983 2463 de
2003 2419 2134 2464 summa
2253 2447 2360 2492 ,-

142 2493 339 2569 argumento
357 2503 489 2565 necesse
506 2486 564 2549 est
598 2484 686 2550 Arca
706 2482 845 2549 foederis
866 2484 953 2549 clare
973 2491 1111 2550 vocatur
1163 2487 1272 2568 tamen
1300 2481 1348 2546 rei
1385 2483 1507 2564 optime
1538 2484 1705 2551 convenit:
1743 2495 1782 2550 nt
1818 2482 1929 2568 putide
1966 2493 2133 2568 nugentur
2247 2523 2355 2571 ἓ

141 2569 234 2634 Deus
255 2569 467 2648 exercituum,
488 2567 674 2652 etquidem
691 2575 785 2634 tanta
805 2569 1051 2645 asseveratione,
1074 2576 1111 2633 ut
1162 2565 1385 2649 Westphelus·
1400 2567 1629 2635 etHesbuaius
1649 2566 1772 2636 nodum
1789 2570 1824 2635 in
1845 2569 1950 2652 scirpo
1972 2591 2133 2652 quaeren·
2231 2617 2349 2640 ᾖ

141 2653 302 2739 propheta
335 2652 436 2740 (Psul.
460 2659 517 2734 24,
541 2657 576 2739 8)
605 2653 788 2738 emphatice
821 2654 994 2721 exclamet:
1028 2652 1111 2735 Quis
1163 2658 1221 2715 tes.
1255 2653 1301 2717 Et
1323 2652 1376 2717 hic
1397 2652 1542 2719 desultor
1553 2656 1578 2739 ¹)
1600 2655 1696 2738 paulo
1716 2661 1803 2738 post:
1826 2653 2074 2738 Qualiscumque
2091 2655 2133 2721 sit
2214 2675 2345 2736 ς.

142 2749 194 2806 ιιι
218 2739 281 2805 iste
308 2761 368 2805 rex
389 2738 537 2824 gloriae?
587 2739 710 2806 Iehova
734 2740 805 2824 ipsc
831 2747 881 2805 est
906 2762 967 2806 rex
987 2740 1111 2807 exerci·
1163 2736 1338 2803 verborum
1358 2739 1511 2817 varietas,
1533 2762 1594 2806 nos
1614 2749 1726 2806 tamen
1747 2762 1860 2806 omnes
1889 2739 1976 2805 idem
1998 2761 2132 2825 prorsus
2206 2769 2337 2817 Ξ

142 2834 246 2891 tuum.
300 2824 366 2891 Hie
399 2845 465 2890 non
492 2825 629 2892 dicimus
656 2824 892 2892 inconsiderate
942 2825 1111 2909 rophetam
1163 2823 1298 2903 sentire,
1327 2844 1381 2888 me
1403 2846 1479 2890 vero
1500 2825 1606 2891 solum
1627 2824 1804 2891 involueris
1823 2824 1937 2892 fallere
1957 2825 2131 2911 simplices.
2194 2881 2242 2896 -
2262 2880 2330 2899 ...

142 2911 273 2976 effirtire
294 2909 379 2994 quod
394 2912 502 2994 primo
523 2912 645 2977 intuitu
667 2911 797 2978 videtur
817 2845 1004 2989 absurdum,
1027 2912 1112 2977 sicut
1163 2905 1231 2973 Sed
1252 2908 1307 2974 ubi
1329 2908 1508 2991 involucra,
1530 2912 1647 2994 quibus
1669 2912 1796 2977 reiectis
1817 2911 1889 2992 vult
1908 2933 2018 2977 meam
2039 2912 2132 2978 falla·
2180 2950 2326 2967 ——

141 2996 288 3081 improbe
310 2994 449 3062 blaterat
469 2996 666 3063 hienebuloz
688 2996 745 3064 scd
766 3004 936 3079 postquam
958 3017 1111 3062 reveren·
1162 2994 1245 3059 eiam
1263 2993 1482 3077 deprehendi?
1506 2997 1568 3063 nisi
1589 2998 1672 3063 forte
1688 3011 1730 3063 e'x
1751 3018 1811 3063 sua
1831 2995 1984 3063 facundia
2008 3014 2132 3064 novum
2162 3019 2319 3065 a:

141 3087 194 3147 ter
214 3081 357 3166 amplexi
379 3081 590 3166 sumusquod
613 3081 700 3161 dicit,
723 3103 788 3148 non
810 3082 919 3148 minus
939 3083 992 3166 pie
1010 3103 1111 3166 quam
1161 3080 1401 3163 perspicuitatis
1422 3099 1526 3163 genus
1545 3083 1639 3149 nohis
1657 3082 1835 3166 depromat,
1857 3104 1920 3167 que
1938 3083 2059 3150 melius
2076 3105 2132 3168 pa-
2157 3116 2314 3133 —-

129 3174 218 3253 apte
244 3166 499 3250 interpretamur
528 3189 648 3233 nomen
671 3169 734 3233 Dei
762 3168 934 3234 transferri
956 3167 997 3233 ad
1021 3189 1110 3252 sym·
1162 3165 1254 3231 tefiat
1280 3171 1354 3246 [pag.
1373 3170 1427 3246 ιο]
1453 3167 1537 3250 quod
1563 3168 1662 3234 iactat
1688 3169 1724 3234 in
1756 3191 1830 3248 mea
1864 3169 2029 3235 sententia
2063 3191 2132 3236 esse
2145 3183 2309 3234 Ξ

139 3251 266 3331 belum,
294 3253 370 3336 quia
392 3252 562 3319 individua
583 3255 627 3319 sit
646 3254 746 3319 huius
765 3275 841 3319 eum
861 3274 898 3319 re
919 3260 953 3319 et
974 3255 1112 3320 veritate
1154 3249 1364 3334 implicitum.
1408 3252 1541 3319 Interea
1562 3275 1622 3320 nes
1645 3254 1744 3321 simul
1765 3276 1878 3321 omnes
1900 3254 2036 3338 indigne
2057 3275 2302 3340 ειμι-
2354 3284 2355 3287 “

141 3338 309 3406 connexio.
358 3339 432 3403 Imc
453 3338 640 3424 generalem
668 3339 753 3405 hane
773 3348 886 3405 tenere
907 3339 1054 3424 regulam
1075 3340 1112 3403 in
1162 3342 1233 3416 vat,
1260 3357 1297 3403 ac
1325 3337 1353 3403 si
1380 3336 1568 3405 doceremus
1588 3338 1707 3423 punem
1729 3340 1859 3424 sigrium
1886 3361 1958 3407 esse
1988 3340 2296 3408 absentiae-*³
2344 3359 2349 3450 p

142 3423 292 3489 omnibus
314 3425 526 3491 sacramentis
556 3444 623 3489 non
646 3425 791 3491 humana
811 3431 939 3489 tantum
962 3425 1044 3490 ratio
1062 3444 1112 3490 co-
1161 3422 1322 3505 ncrperis:
1350 3424 1443 3505 quasi
1470 3434 1535 3491 nen
1563 3425 1735 3493 articulate
1761 3425 1888 3509 pridem
1914 3429 2290 3495 commonete-‘-

141 3510 199 3611 git,
222 3509 278 3575 sed
300 3510 431 3593 pietatis
452 3529 567 3577 sensus
584 3517 618 3575 et
638 3519 817 3610 perpetuus
837 3511 1015 3592 scripturae
1033 3530 1112 3599 usus
1161 3508 1262 3573 eerim
1284 3507 1421 3574 lectores
1442 3508 1482 3575 de
1501 3510 1647 3577 absentia
1668 3511 1806 3595 duplici:
1828 3518 1866 3577 ut
1886 3513 1995 3578 sciant
2016 3518 2284 3598 corpu&
2334 3521 2340 3597 ι

141 3603 189 3661 ιιι
210 3594 319 3662 dictat.
362 3595 556 3662 Nemetum
578 3595 670 3661 rudis
690 3604 755 3676 est,
783 3595 836 3661 vel
862 3594 1032 3678 insipidus,
1054 3596 1111 3680 qui
1162 3592 1288 3658 Christi
1310 3593 1422 3660 abesse
1445 3595 1576 3678 quidem
1599 3597 1677 3676 loeo,
1700 3596 1758 3663 sed
1780 3596 1943 3681 spirituali
1964 3598 2039 3665 eius
2057 3620 2271 3684 per-‘-r
2328 3600 2335 3684 ,¹

141 3681 266 3746 nesciat
291 3680 326 3746 in
358 3681 572 3749 sacramentis
602 3680 753 3748 omnibus
779 3681 928 3764 spiritum
954 3680 1020 3746 Dei
1052 3702 1112 3764 per
1160 3678 1349 3762 tieipatione
1374 3701 1435 3745 nes
1460 3680 1539 3746 frui:
1572 3684 1649 3766 quia
1670 3703 1802 3749 omnem
1822 3682 2014 3750 distantiam
2035 3707 2256 3771 supe!
2324 3687 2330 3777 l

140 3765 317 3847 prophetas
339 3775 372 3831 et
393 3767 556 3851 apostolos
577 3767 734 3851 peculiari
756 3767 805 3832 uti
826 3766 978 3849 loquendi
996 3766 1109 3832 forma.
1161 3772 1213 3830 ret
1233 3763 1345 3830 divina
1372 3764 1443 3831 eius
1470 3766 1583 3832 virtus
1637 3768 1726 3835 Hine
1751 3770 1936 3850 coniicitur,
1962 3792 2073 3854 neque
2094 3772 2231 3839 dv
2318 3822 2321 3851 ι

140 3849 214 3916 Ηιι
232 3850 272 3915 de
293 3872 331 3916 re
347 3853 491 3936 quisquis
509 3853 763 3920 controversiam
781 3852 933 3930 movebit,
956 3852 1110 3936 ablegan·
1162 3850 1361 3933 praesentia,
1389 3872 1495 3935 neque
1522 3852 1563 3919 de
1590 3874 1648 3919 esu
1675 3854 1894 3935 substantiali,
1921 3855 1981 3921 sed
2000 3865 2188 3924 tantuna
2314 3853 2320 3938 1

141 3932 203 4000 dus
235 3945 286 4000 est
318 3936 359 4002 ad
392 3942 497 4021 prima
529 3937 698 4004 elementa.
754 3937 848 4004 Vidit
877 3937 974 4004 Iacob
1001 3937 1110 4003 Deum
1161 3936 1201 4002 de
1233 3935 1405 4020 utriusque
1435 3935 1532 4003 modo
1567 3959 1638 4005 esse
1670 3948 1846 4007 certamen:
1888 3942 1966 4024 quia
1996 3943 2177 4012 lenden·
2308 3990 2311 4014 t

141 4021 345 4113 exercituum
371 4024 478 4089 scalae
501 4023 706 4090 insidentem.
716 4023 746 4108 ⁴)
794 4022 887 4089 Vidit
909 4023 1018 4090 Moses
1040 4032 1110 4088 tum
1161 4022 1379 4105 praesentiam
1400 4042 1467 4088 non
1489 4023 1701 4105 admittimus,
1727 4048 1787 4093 nec
1809 4047 1955 4092 crassum
1978 4029 2035 4095 vel
2058 4030 2163 4098 brnae
2304 4016 2309 4100 1

141 4107 177 4171 in
198 4105 280 4172 rub'o
302 4106 441 4187 ardenti,
462 4117 534 4174 tum
555 4110 591 4174 in
613 4111 747 4175 flamma
767 4109 889 4174 montis
906 4108 1028 4174 Horeb.
1073 4106 1111 4175 si
1163 4107 1354 4190 tumpetius
1374 4129 1476 4189 esum,
1498 4106 1620 4194 dequo
1640 4112 1687 4177 sie
1708 4110 1903 4177 adverbum
1925 4116 2034 4197 garrit
2047 4117 2159 4184 Hes-

140 4190 305 4258 mordieus
331 4194 492 4260 retinetur
512 4193 624 4274 litera,
654 4194 813 4280 quomodo
839 4194 930 4260 visus
951 4202 1000 4260 est
1020 4191 1112 4259 Deus
1162 4191 1290 4258 husius:
1324 4191 1505 4275 Ohristum,
1534 4196 1640 4279 quoad
1662 4197 1841 4262 humanam
1862 4204 2036 4281 naturam,
2065 4225 2146 4270 cor·-

141 4279 197 4363 qni
218 4287 268 4344 est
285 4276 482 4344 invisibilis?
526 4281 796 4364 Disquisitionem
817 4279 1110 4364 repudiatHeshu·
1161 4279 1250 4361 poris
1271 4285 1304 4344 et
1331 4279 1501 4365 sanguinis
1526 4283 1709 4349 substantia
1733 4282 1770 4347 in
1798 4286 1896 4349 terris
1922 4299 2138 4367 praesentem

142 4364 226 4431 sins:
254 4382 315 4429 nee
342 4363 430 4430 aliud
459 4365 555 4430 affert
579 4364 778 4447 remedium,
804 4386 904 4450 quam
927 4372 966 4430 ut
993 4365 1110 4431 clausis
1161 4384 1243 4443 esse,
1260 4371 1299 4428 ut
1320 4385 1385 4431 non
1406 4366 1588 4434 solnmflds
1608 4391 1628 4434 a
1648 4369 1778 4449 sanetis,
1796 4368 1854 4435 sed
1875 4369 2048 4440 etiamore
2064 4396 2133 4442 cor·

140 4449 244 4516 oeulis
264 4450 428 4515 fateamur
441 4450 550 4515 Deum
570 4451 734 4518 risibilem
756 4471 828 4518 esse
848 4460 882 4517 et
901 4450 1109 4517 invisibilem.
1161 4449 1318 4533 poraliter
1345 4450 1415 4517 eine
1441 4452 1506 4518 fide
1532 4454 1573 4520 ab
1594 4455 1703 4538 impiis
1731 4453 1928 4521 comedatur.
1973 4457 2024 4524 Ut
2052 4481 2127 4526 nen·

141 4535 243 4619 Atqui
271 4534 390 4603 solutio
417 4544 532 4618 sponte
557 4540 632 4616 [pag.
653 4543 705 4618 19]
732 4538 874 4606 occurrit
899 4543 934 4602 et
959 4533 1110 4615 dilucida,
1163 4535 1240 4600 dum
1252 4533 1469 4603 absurditates
1479 4540 1652 4624 attingam:
1670 4541 1727 4607 ubi
1748 4538 1999 4624 expressusDei
2016 4566 2118 4611 sermo

141 4628 177 4685 et
201 4621 316 4706 pietati
343 4627 575 4701 consentanea,
604 4622 744 4707 denique
777 4622 973 4702 necemuma,
1001 4621 1111 4689 Deum
1161 4619 1271 4771 lgdius
1292 4620 1396 4705 lapis?
1429 4621 1527 4689 Oerte
1547 4646 1612 4691 nen
1633 4626 1819 4692 invenietur
1834 4627 1869 4691 in
1889 4626 1952 4693 hae
1973 4597 2124 4698 barhand
2264 4619 2272 4751 1

1196 4705 1316 4773 idenda
1336 4715 1446 4774 tamen
1466 4717 1519 4776 est
1539 4711 1713 4795 explicatio
1735 4732 1832 4796 quam
1859 4712 2012 4781 sufficere
2038 4736 2123 4801 peste
2254 4765 2263 4787 ι

1163 4792 1297 4858 conlidit
1321 4792 1364 4858 ad
1390 4815 1427 4859 os
1455 4793 1647 4863 Oalvinistie
1674 4796 1922 4865 obstruendum:
1955 4821 2059 4884 quum
2084 4803 2123 4867 ie
2253 4788 2262 4915 1

211 4858 243 4992 {3
258 4859 548 4985 ffiffigffffiffi
1162 4879 1207 4945 sit
1228 4877 1383 4962 insipida,
1411 4888 1449 4945 nt
1473 4880 1586 4950 multis
1613 4905 1740 4969 quoque
1764 4903 1802 4950 os
1823 4883 1866 4950 ed
1886 4884 2121 4954 reclamandum

211 4995 241 5060 8)
260 4997 325 5067 qu'il
342 4996 556 5053 s'escarmonche
573 5002 632 5052 tant
648 4992 713 5067 qu'll
729 4997 840 5053 voedn

211 5063 242 5133 4)
260 5067 366 5136 appare
383 5083 430 5123 mr
444 5065 471 5124 le
487 5071 601 5123 temnet
616 5063 651 5123 de
667 5064 814 5122 Pesehelle.
1231 5067 1262 5137 1)
1280 5083 1312 5125 ee
1328 5067 1468 5138 voltigenr.

140 4775 347 4788 *ua———n-
