4748 5798
364 1510 445 1591 AD
464 1507 842 1598 QUAESTIONES
864 1510 1100 1594 GEORGII
1120 1509 1514 1604 BLANDRATAE
1537 1511 1868 1596 RESPONSUM

818 1629 867 1709 D.
889 1628 1119 1713 IOANNIS
1142 1627 1415 1716 CALVINI.¹)

203 1851 317 1933 Quum
337 1851 526 1935 profitemur
534 1851 561 1926 ²)
583 1869 643 1914 nos
654 1848 786 1915 credere
807 1849 843 1914 in
854 1870 958 1915 unum
969 1850 1088 1929 Deum,
1227 1851 1355 1916 Nomen
1384 1871 1463 1917 vero
1485 1871 1643 1936 personae
1671 1850 1751 1918 dum
1772 1852 1906 1920 Christo
1926 1855 2113 1939 ascribitur,

105 1940 178 2008 sub
200 1937 267 2003 Dei
288 1937 421 2002 nomine
446 1934 661 2018 intelligimus
688 1935 818 2000 unicam
846 1945 879 2001 et
906 1936 1088 2018 simplicem
1141 1930 1292 2003 bifarium
1313 1936 1376 2003 dici
1421 1945 1514 2003 otest.
1558 1938 1645 2003 Nam
1662 1945 1695 2002 et
1712 1960 1819 2004 sermo
1840 1961 1882 2004 ex
1904 1949 1996 2024 patre
2018 1943 2112 2026 geni·
2171 1996 2173 2001 .

103 2026 310 2103 essentiam,
343 2023 379 2087 in
407 2043 472 2106 qua
503 2019 808 2104 comprehendimus
836 2031 903 2087 tres
930 2042 1087 2105 personas
1141 2031 1194 2086 tus
1214 2030 1289 2087 ante
1312 1959 1426 2087 mundi
1448 2023 1655 2101 creationem,
1707 2044 1825 2089 ersoua
1846 2033 1898 2091 est
1919 2026 1955 2090 in
1977 2035 2112 2095 aeterna

106 2111 171 2178 vel
193 2110 217 2174 h
241 2109 404 2192 postaseis.
1140 2109 1282 2173 essentia
1303 2106 1376 2172 Dei.
1422 2109 1468 2173 Et
1490 2045 1762 2191 quemadmodum
1780 2131 1867 2175 unus
1888 2110 2111 2179 est'Ohristus

237 2217 295 2278 rgo
312 2193 436 2277 quoties
447 2192 512 2258 Dei
528 2211 648 2257 nomen
669 2190 836 2257 indefinite
858 2191 999 2275 ponitur,
1022 2214 1087 2259 non
1140 2193 1231 2259 Deus
1252 2194 1287 2258 in
1316 2214 1414 2258 carne
1442 2195 1684 2259 manifestatus:
1721 2194 1769 2259 ita
1796 2192 1880 2260 dnae
1902 2204 2041 2263 naturae
2063 2198 2110 2263 sic

104 2283 228 2349 minus
249 2280 353 2345 filium
376 2286 409 2343 et
430 2278 579 2361 spiritum
589 2276 617 2376 ⁸)
644 2298 741 2360 quam
768 2285 895 2361 patrem
923 2277 1088 2362 designari
1140 2279 1251 2344 unitae
1273 2300 1446 2362 personam
1466 2301 1566 2344 unam
1594 2280 1805 2351 constituunt
1856 2280 1998 2366 Ideoque
2020 2282 2112 2349 aliud

105 2365 291 2436 credimus.
336 2364 401 2431 Ubi
424 2371 534 2429 autem
555 2361 746 2448 adiungitur
767 2363 854 2429 filius
876 2365 978 2447 patri,
1007 2374 1087 2431 tuuc
1139 2375 1190 2430 θεῖ
1211 2364 1300 2448 loqui
1322 2363 1361 2429 de
1384 2372 1518 2430 aeterna
1527 2364 1592 2430 Dei
1613 2364 1775 2448 sapientia
1794 2374 1972 2450 antequam
1992 2367 2110 2434 indue·

105 2455 151 2520 in
174 2452 321 2518 medium
343 2449 433 2515 venit
454 2449 578 2525 relatio,
600 2457 699 2532 atque
715 2450 761 2512 ita
783 2447 1013 2534 distinguimus
1035 2451 1086 2515 in·
1140 2459 1191 2514 ret
1213 2471 1360 2528 carnem,
1390 2450 1440 2515 vel
1464 2449 1504 2515 de
1525 2449 1704 2516 mediatore
1725 2471 1767 2516 ex
1789 2472 1852 2534 quo
1874 2451 1910 2516 in
1931 2475 2030 2519 carne
2052 2474 2109 2538 pa·

106 2547 169 2607 ter
190 2559 355 2623 personas.
1139 2535 1278 2602 tefaetus
1299 2544 1356 2601 est.

205 2623 293 2706 Quia
313 2641 391 2689 vero
413 2619 627 2704 proprietates
649 2619 684 2683 in
701 2620 848 2702 personis
871 2618 1018 2685 ordinem
1036 2641 1087 2686 se·
1225 2621 1267 2685 In
1289 2621 1375 2687 hanc
1396 2619 1582 2686 mediatoris
1606 2641 1780 2703 personam
1802 2623 1933 2707 proprie
1956 2624 2111 2707 competit

102 2731 194 2779 eum
202 2710 233 2793 ⁴)
255 2709 380 2786 lerunt,
406 2713 445 2772 ut
472 2705 508 2770 in
529 2713 623 2788 patre
645 2705 688 2769 sit
710 2705 907 2789 principium
928 2713 962 2771 et
984 2706 1086 2790 origo,
1140 2727 1260 2771 nomen
1281 2706 1433 2781 Domini,
1464 2711 1624 2789 qnatenus
1651 2706 1796 2773 medium
1825 2707 1965 2792 gradum
1992 2709 2112 2775 statuit

104 2795 246 2881 quoties
267 2791 392 2858 mentio
414 2792 452 2856 fit
472 2791 574 2874 patris
597 2796 630 2854 et
650 2789 710 2855 filii
731 2791 843 2871 simul,
865 2791 919 2858 vel
941 2791 1086 2875 spiritus,
1140 2793 1227 2856 inter
1258 2790 1370 2858 Deum
1404 2800 1437 2857 et
1470 2813 1538 2857 nos.
1593 2791 1668 2874 Quo
1700 2794 1846 2875 pertinet
1885 2792 1969 2858 illud
1999 2795 2111 2862 Pauli:

103 2899 240 2948 nomen
261 2878 325 2944 Dei
345 2876 552 2962 peculiariter
572 2876 658 2959 patri
679 2875 843 2942 tribuitur.
1140 2877 1235 2944 Unus
1257 2877 1348 2944 Deus
1376 2899 1417 2942 ex
1445 2896 1508 2959 qno
1536 2879 1662 2957 omnia,
1691 2886 1725 2942 et
1752 2900 1839 2944 unus
1861 2879 2024 2945 Dominus
2053 2900 2112 2963 per

204 2965 279 3030 Hoc
300 2964 395 3029 modo
415 2963 575 3027 retinetur
601 2961 710 3027 unitas
731 2962 904 3041 essentiae,
934 2967 967 3027 et
988 2960 1088 3026 habe·
1141 2984 1238 3046 quern
1260 2963 1378 3028 omnia.
1428 2961 1554 3027 Eodem
1581 2984 1680 3028 sensu
1701 2962 1785 3027 illud
1806 2965 1978 3047 accipitur:
2012 2965 2113 3032 Pater

102 3059 177 3117 tur
204 3049 289 3116 ratio
317 3047 454 3115 ordinis:
489 3068 572 3131 quae
599 3055 711 3114 tamen
737 3069 779 3112 ex
808 3047 866 3121 filii
894 3053 927 3112 et
953 3047 1088 3130 spiritus
1141 3049 1247 3114 maior
1267 3069 1320 3113 me
1342 3056 1404 3114 est:
1428 3054 1462 3114 et
1482 3045 1565 3131 quae
1576 3049 1641 3113 alia
1662 3046 1703 3113 de
1713 3047 1893 3115 mediatore
1914 3049 2072 3133 leguntur
2085 3051 2112 3135 ¹)

104 3136 279 3220 deitate⁶)
302 3134 385 3200 nihil
406 3133 534 3199 minuit.
1141 3133 1227 3218 apud
1247 3134 1414 3200 Ioannem.

208 3219 304 3302 Quod
326 3221 423 3286 unica
444 3220 487 3284 sit
507 3218 610 3301 patris
632 3224 666 3283 et
686 3217 746 3282 filii
769 3226 803 3283 et
823 3217 956 3301 spiritus
979 3237 1089 3283 essen·
1228 3219 1403 3285 Caeterum
1421 3217 1476 3283 ubi
1487 3217 1680 3300 simmiciter
1690 3217 1844 3285 Christus
1860 3228 1997 3285 vocatur
2008 3219 2112 3302 Deus,

114 3308 181 3388 tia,
204 3327 247 3373 ex
269 3305 366 3371 claris
387 3306 568 3388 scripturae
589 3303 785 3370 testimoniis
813 3311 947 3370 constat.
992 3301 1091 3391 Certe
1130 3314 1177 3369 et
1198 3323 1266 3368 non
1288 3305 1461 3388 opponitur
1482 3325 1602 3368 nomen
1624 3304 1735 3387 patris,
1758 3304 1862 3370 solida
1885 3304 1950 3370 Dei
1971 3304 2114 3370 essentia

110 3414 214 3461 'unus
234 3402 286 3457 est
305 3389 465 3457 Iehovah:
499 3387 582 3472 quod
610 3410 729 3454 nomen
751 3388 819 3454 filio
848 3409 1021 3456 commune
1042 3389 1093 3455 est
1143 3388 1437 3474 comprehenditur.
1500 3387 1606 3455 Sicuti
1639 3411 1741 3473 quum
1781 3388 1902 3456 dicitur
1933 3390 2047 3455 Ioann.
2082 3391 2112 3456 1.

110 3500 202 3548 ‹rum
247 3485 326 3542 atre.
1144 3495 1228 3558 cap:
1249 3474 1379 3552 ¹Sermo
1401 3474 1456 3539 ille
1484 3483 1554 3540 erat
1575 3475 1683 3553 Deus,
1712 3475 1856 3541 tenenda
1881 3481 1932 3541 est
1952 3475 2113 3542 essentiae

83 3575 89 3579 ’
213 3501 252 3630 di
279 3561 352 3645 quis
384 3560 538 3643 excipiat,
573 3560 744 3626 transferri
779 3557 921 3644 elogium
955 3560 1017 3627 hoc
1052 3558 1093 3626 ad
1145 3561 1262 3626 unitas.
1307 3558 1466 3626 Similiter
1487 3560 1543 3627 ubi
1564 3560 1689 3626 Paulus
1711 3559 1803 3640 dicit,
1833 3560 1944 3626 Deum
1965 3582 2035 3626 esse
2057 3558 2114 3627 be·

110 3648 307 3731 christum,
328 3646 405 3729 quia
425 3667 466 3712 ex
488 3653 582 3729 patre
609 3652 700 3711 ortus
727 3645 784 3725 sit,
810 3644 905 3712 facile
932 3644 1094 3711 refellitur
1144 3647 1311 3712 aedictum
1332 3644 1532 3730 insaecula:
1555 3668 1620 3711 non
1643 3646 1745 3710 alium
1761 3646 1872 3711 Deum
1893 3646 1942 3711 fas
1958 3652 2011 3712 est
2031 3646 2114 3723 ima·

107 3743 196 3802 'tam
217 3733 370 3799 frivolum
392 3730 554 3808 cavillum,
576 3731 653 3813 quia
673 3752 759 3796 unus
781 3741 831 3797 est
851 3730 1007 3797 Iehovah.
1146 3733 1262 3817 ginari‚
1284 3752 1382 3815 quam
1403 3729 1498 3795 illum
1518 3732 1574 3814 qui
1596 3752 1654 3814 per
1670 3732 1789 3796 Mosen
1811 3731 1959 3810 asseruit,
1982 3752 2017 3797 se
2039 3731 2114 3797 uni-

211 3819 286 3884 Iam
312 3838 412 3900 quum
441 3815 577 3899 apostoli
605 3815 709 3881 filium
730 3814 794 3881 Dei
823 3824 971 3883 asserant
998 3817 1092 3883 illum
1146 3839 1220 3884 cum
1241 3827 1275 3882 et
1296 3817 1401 3882 solum
1428 3837 1512 3882 esse:
1540 3825 1574 3882 et
1603 3817 1657 3899 qui
1684 3817 1744 3899 per
1766 3817 1886 3882 Isaiam
1915 3816 2050 3895 iuravit,
2078 3837 2114 3883 se

106 3926 206 3984 esse,
229 3924 327 3988 quem
343 3903 452 3968 Moses
474 3909 507 3966 et
527 3902 706 3984 prophetae
727 3902 838 3967 testati
860 3913 939 3968 sunt
959 3904 1093 3971 essele·
1146 3924 1211 3969 non
1241 3902 1395 3968 daturum
1423 3901 1518 3967 alteri
1546 3923 1639 3968 suam
1667 3901 1814 3986 gloriam.
1865 3900 1944 3967 Ideo
1972 3903 2115 3969 Ioannes

110 3988 255 4068 lorch,
285 4009 413 4072 semper
439 3986 481 4051 ad
509 3986 672 4052 unitatem
699 3987 860 4053 essentiae
893 3989 1006 4055 venire
1034 4009 1093 4054 ne·
1146 4009 1213 4053 non
1241 3996 1412 4056 contentus
1432 3985 1497 4052 Doi
1524 3988 1671 4065 nomine,
1699 3988 1887 4070 expressius
1908 3987 2053 4137 loqssitur
2079 3989 2114 4052 in

106 4097 216 4144 nesse
237 4081 296 4141 est
1145 4076 1212 4139 fine
1247 4073 1419 4140 canonicae
1446 4073 1627 4156 Epistulae:
1655 4072 1721 4138 Hic
1748 4081 1807 4143 est,
1827 4093 1928 4140 verus
1990 4095 2049 4139 eus
2081 4079 2133 4140 et*

211 4157 356 4227 Proinde
377 4158 470 4224 nobis
481 4155 686 4242 saerilegium
698 4154 886 4222 detestabile
908 4166 966 4238 est,
989 4158 1094 4223 filium
1145 4161 1217 4224 vita
1237 4168 1377 4225 aeterna

109 4247 235 4316 vocari
256 4244 357 4311 alium
368 4244 620 4327 Deumapatre‚
643 4243 721 4325 quia
732 4242 872 4326 simplex
893 4265 1012 4309 nomen
1029 4244 1093 4310 Dei
1233 4243 1329 4326 Quod
1357 4265 1477 4308 nomen
1509 4243 1649 4309 Iehovae
1675 4241 1846 4309 indefinite
1878 4256 2046 4327 sumptum
2078 4244 2114 4309 in

106 4333 316 4399 :elationem
338 4350 404 4395 non
426 4328 582 4393 admittit:
605 4348 665 4393 nec
687 4336 793 4412 potest
813 4328 904 4394 Deus
926 4329 967 4394 ad
989 4351 1024 4397 se
1045 4330 1093 4414 ip·
1147 4329 1318 4397 Christum
1344 4336 1521 4412 competat,
1549 4335 1639 4413 patet
1664 4329 1765 4395 etiam
1793 4350 1835 4394 ex
1863 4329 1960 4395 Pauli
1989 4328 2113 4395 verbis:

108 4439 202 4485 eum
225 4415 296 4496 dici,
317 4415 380 4480 hoc
402 4415 456 4482 vel
471 4412 552 4479 illud
574 4434 653 4480 esse.
1062 4464 1064 4470 -
1145 4417 1325 4499 Propterea
1345 4422 1397 4479 ter
1419 4415 1534 4498 rogavi
1555 4413 1751 4479 Dominum:
1773 4415 1850 4498 quia
1870 4415 2001 4481 subiicit
2017 4412 2114 4496 paulo

1145 4515 1231 4585 post:
1254 4508 1292 4567 ut
1308 4498 1469 4564 inhabitet
1489 4501 1526 4564 in
1546 4520 1599 4565 me
1621 4500 1728 4566 virtus
1750 4499 1885 4566 Christi.

196 4639 227 4719 1)
250 4596 581 4719 reatam‘aoasomam
602 4633 730 4716 θᾴθωθη
778 4649 895 4689 amaon
914 4633 1090 4716 doreti-low
1131 4630 1177 4738 'D
1201 4673 1207 4687 .
1232 4584 1328 4685 (mii
1358 4593 1467 4683 mitem
1497 4584 1666 4685 QhrisniS’
1694 4585 1751 4651 Ubi
1778 4584 1932 4685 d⁰.p⁸t¹⁰
1959 4583 2113 4701 l⁰fluituf³

106 4708 221 4765 efflue·
249 4710 380 4773 mm
402 4704 475 4775 Μ
504 4708 593 4758 mm
619 4719 650 4757 ω
675 4703 745 4758 Bp,
770 4702 919 4758 omem
944 4703 1008 4760 Oea.
1032 4704 1091 4773 145,
1180 4695 1209 4738 er
1232 4692 1361 4737 nomme
1383 4679 1667 4768 1psum1ns1gmt,
1695 4692 1761 4737 non
1789 4691 1911 4768 mirum
1939 4679 2003 4735 est.
2037 4690 2115 4752 quia

109 4779 172 4842 tot
191 4773 233 4830 73.
267 4773 358 4844 Besae
374 4774 499 4829 uatem
520 4787 590 4842 quac
612 4773 693 4829 ctiam
714 4774 745 4826 ia
768 4771 1012 4829 Amcoelodomeaai
1033 4775 1091 4830 θαι·-
1145 4757 1330 4841 expendere
1346 4763 1605 4839 convomtquam
1623 4777 1797 4839 personam
1814 4762 1982 4819 sustmeat
2022 4751 2114 4835 Qua-

112 4846 200 4904 11'0210
216 4848 360 4897 amanter
377 4843 407 4897 ὑ·
424 4842 547 4910 marsim
563 4840 751 4897 methim·
1144 4851 1242 4908 tenus
1263 4841 1351 4907 enim
1373 4839 1611 4920 mediatorem,
1640 4842 1737 4908 officii
1759 4840 1813 4905 sui
1835 4847 1984 4923 respectu
2006 4860 2041 4905 se
2061 4839 2115 4905 in·

195 4909 227 5040 {i
245 4910 465 5034 waimerum,
1143 4929 1261 4994 feriore
1278 4925 1487 5011 gradulocat‚
1508 4934 1547 4992 ut
1556 4948 1617 4995 nos
1627 4925 1785 5021 paulatim
1803 4924 1847 4992 od
1863 4932 1991 5008 petrem
2003 4924 2113 4991 ducat

195 5047 227 5113 4)
245 5063 330 5102 muru.

196 5115 228 5184 b)
244 5116 356 5170 unitate.
741 5177 745 5182 ,
1213 5115 1243 5180 1)
1263 5115 1393 5170 dicuntur.
1856 5193 1909 5249 21.
