4748 5798
152 231 215 309 353
680 243 1012 313 MJNIS'PRORUM
1033 240 1295 311 notaasma
1314 245 1622 314 GENEVENSIS.
2085 253 2149 316 354

152 430 228 497 alibi
251 431 419 499 Christus:
441 434 517 519 Ego
538 434 680 500 animam
703 454 811 498 meam
833 454 854 498 a
873 454 927 499 me
949 434 1019 516 ipso
1041 451 1125 517 pono
1176 432 1309 516 gustini,
1330 432 1545 501 mediatorem
1566 454 1587 500 a
1608 434 1655 500 ud
1670 434 1982 520 filiumetspiritum
1998 444 2150 505 canotum

149 519 605 603 (Ioaun.10,18),loquitur
626 528 665 584 ut
685 516 858 585 mediator:
886 538 993 602 neque
1014 520 1126 583 tamen
1176 518 1392 598 intercedere,
1420 528 1462 585 ut
1485 542 1561 587 cum
1617 541 1655 586 eo
1683 521 1856 588 redeamus
1883 525 1918 587 in
1947 525 2101 622 gratiam,
2128 544 2149 589 a

151 613 188 668 ut
208 603 323 682 homo,
353 607 430 688 quia
454 606 627 672 arbitrium
655 605 744 670 ritae
772 613 806 669 et
830 606 957 670 mortis
973 604 1126 669 nullusa
1176 623 1365 686 quesumus
1386 606 1531 672 alienati.
1552 606 1639 671 Nam
1648 615 1736 672 certe
1758 608 1856 673 unica
1874 616 1910 674 et
1931 609 2071 692 simplex
2081 610 2148 675 Dei

152 713 187 757 se
206 692 277 774 ipso
298 690 406 768 habet,
429 700 560 774 praeter
576 713 679 756 unum
690 691 808 768 Deum,
829 697 863 754 et
884 690 945 756 hoc
959 689 985 774 ¹)
1006 697 1057 754 est
1074 709 1125 754 sa·
1176 691 1319 755 essentia
1345 690 1517 759 in·tribus
1546 694 1694 776 personis
1727 694 1884 759 consistit.
1936 693 2003 760 Sed
2030 694 2149 760 merito

148 779 192 844 tie
214 778 433 862 perspicuum.
478 778 594 860 Longe
622 778 720 842 etiam
742 775 868 841 fallitur
893 777 927 840 in
950 775 1007 840 illo
1028 775 1124 840 Pauli
1176 774 1263 857 apud
1284 795 1345 841 nos
1366 776 1470 860 pluris
1498 787 1550 842 est
1577 779 1659 843 ratio
1687 779 1853 860 loquendi,
1883 800 1980 862 quam
2012 780 2150 847 dictavit

148 863 220 928 'loco
234 861 275 948 ’(1
297 863 380 927 uim.
400 867 429 940 2,
451 861 500 948 5):
532 862 627 929 Unus
650 869 700 934 est
717 863 808 927 De'us
830 870 864 926 et
890 883 978 926 unus
999 860 1122 926 media·
1175 860 1407 945 coelestisaille
1433 864 1599 946 magister.
1648 863 1764 930 Multis
1793 865 1924 947 quidem
1946 866 2024 930 locis
2046 865 2149 931 deita-

150 958 203 1014 tor
219 948 284 1013 Dei
307 957 340 1012 et
360 948 539 1027 hominum,
563 947 939 1026 homoIesusOhristue,
962 948 1124 1030 quianon
1174 956 1241 1011 tem
1271 968 1364 1013 suam
1387 948 1541 1014 Ohristus
1566 949 1709 1028 extollit,
1735 971 1896 1032 nusquam
1919 960 2029 1015 tamen
2052 951 2147 1017 docet

151 1034 214 1100 alio
237 1033 373 1099 consilio
395 1035 540 1116 positum
566 1042 618 1099 ost
640 1034 782 1098 hominis
805 1054 938 1110 nomeu,
967 1054 1065 1116 quam
1086 1039 1124 1096 ut
1175 1052 1211 1097 ee
1232 1053 1252 1096 a
1274 1032 1416 1099 secunda
1436 1054 1576 1117 persona
1597 1035 1651 1100 vel
1673 1037 1771 1100 tertia
1789 1037 1887 1101 fuisse
1909 1038 2055 1102 missum.
2088 1037 2149 1102 Ni·

150 1121 242 1186 nobis
264 1119 435 1187 familiaris
457 1129 543 1185 esset
561 1119 603 1184 ad
624 1127 752 1203 patrem
763 1139 926 1184 accessus:
950 1139 1056 1202 neque
1073 1126 1123 1182 ta·
1175 1118 1241 1182 hilo
1263 1120 1362 1184 etiam
1384 1120 1491 1203 magis
1512 1141 1547 1186 se
1576 1120 1661 1203 apud
1683 1122 1834 1204 spiritum
1853 1123 2065 1199 intercedere,
2089 1122 2148 1189 sed

149 1226 226 1271 men
248 1225 408 1289 negamus
429 1206 489 1270 sub
507 1212 713 1289 patrototam
727 1205 880 1270 deitatem
893 1201 1123 1287 comprehendi
1173 1203 1260 1286 apud
1281 1212 1417 1288 patrem.

150 1300 183 1357 et
192 1290 304 1356 Deum
325 1292 422 1356 unius
444 1293 611 1356 essentiae.
644 1291 742 1356 Nunc
762 1297 898 1373 apparet
920 1290 962 1355 ad
981 1291 1122 1354 officium
1259 1291 1376 1373 Itaque
1398 1290 1482 1355 nihil
1504 1291 1608 1356 tutius
1630 1298 1694 1369 est,
1722 1313 1819 1375 quaxn
1843 1293 1988 1375 profanis
2011 1294 2148 1377 argutiis

150 1376 339 1441 mediatoris
356 1376 478 1459 requiri
502 1378 670 1459 utriusque
692 1383 829 1441 naturae
846 1376 1121 1441 coniunctionem:
1172 1383 1208 1439 ‘et
1230 1376 1505 1459 speculationibus
1532 1378 1642 1443 valere
1671 1378 1767 1444 iussis
1794 1388 1921 1443 mentes
1943 1387 2072 1444 nostras
2090 1379 2147 1445 de-

150 1483 256 1546 nsque
288 1470 399 1526 tamen
427 1482 637 1545 quaecunque
666 1461 707 1526 ad
733 1461 922 1526 mediatoris
949 1480 1123 1545 personam
1174 1462 1257 1526 fixas
1279 1471 1390 1527 tenere
1412 1463 1448 1527 in
1469 1463 1527 1526 illa
1548 1462 1732 1527 admirabili
1755 1462 2004 1546 dispensatione,
2026 1466 2063 1529 in
2085 1486 2149 1548 qua

145 1556 308 1632 spectant,
330 1549 513 1630 promiscue
535 1547 576 1612 ad
599 1557 769 1629 utramque
791 1555 943 1612 naturam
962 1545 1124 1611 trahenda
1175 1544 1294 1612 dieitur
1321 1556 1415 1629 pater
1441 1548 1547 1613 filium
1574 1549 1782 1631 unigenitum
1811 1550 1953 1626 misisse,
1982 1559 2019 1614 at
2047 1552 2088 1615 in·
2109 1571 2148 1617 eo

150 1653 234 1699 esse:
256 1631 343 1716 quod
364 1642 596 1717 argumentum
613 1634 741 1716 plenius
763 1634 952 1715 exsequitur
963 1632 1123 1698 Calvinus
1175 1633 1269 1697 nobis
1302 1643 1387 1698 essct
1416 1634 1590 1716 propitius,
1623 1643 1657 1699 et
1688 1637 1757 1699 eius
1790 1634 1937 1700 advocati
1969 1637 2148 1719 patrocinio

149 1720 232 1785 libro
255 1723 282 1783 2.
328 1719 579 1784 Institutionum
601 1740 669 1801 cap.
697 1725 743 1782 14.
794 1718 890 1800 Quod
918 1719 958 1783 ab
985 1717 1123 1783 adversa
1175 1718 1358 1784 exorabilis.
1389 1719 1461 1784 Imo
1480 1739 1580 1801 quum
1598 1719 1764 1784 barbaries
1785 1730 1934 1803 grassata
1955 1730 2006 1786 est
2027 1723 2061 1786 in
2081 1731 2148 1788 toto

149 1813 242 1888 parte
263 1804 417 1870 obiicitur
427 1804 765 1883 absurdumnullum
788 1814 851 1870 est:
874 1805 1000 1887 Nempe
1022 1825 1122 1887 quum
1174 1804 1308 1881 mundo,
1331 1805 1467 1887 vulgare
1489 1813 1598 1869 tamen
1620 1804 1847 1881 illuddictum,
1871 1827 1969 1888 opera
1990 1808 2147 1874 trinitatis

149 1890 312 1955 mediator
334 1892 376 1954 sit
396 1892 484 1955 inter
495 1891 605 1955 Deum
628 1898 661 1954 et
683 1888 841 1967 homines,
864 1890 1035 1956 Christum
1053 1890 1122 1953 fore
1175 1910 1245 1954 esse
1266 1890 1415 1967 indivisa,
1431 1890 1454 1976 ¹)
1481 1891 1557 1973 quia
1577 1911 1637 1973 per
1658 1911 1694 1956 se
1715 1891 1829 1955 durius
1850 1901 1930 1968 erat,
1952 1893 2149 1977 interposita

149 1978 220 2041 Deo
242 1976 430 2041 inferiorem
457 1984 607 2058 respectu
630 1976 774 2053 deitatis,
804 1974 894 2040 eiad
917 1976 1031 2056 eum2)
1053 1996 1122 2039 me·
1174 1976 1379 2041 restrictione
1398 1984 1589 2041 'correctum
1620 1976 1676 2040 vel
1701 1977 1888 2061 mitigatum
1918 1978 1994 2042 fuit:
2029 1999 2148 2063 nempe

150 2062 284 2127 diatoris
313 2082 432 2125 nomen
460 2062 658 2126 extenditur.
706 2062 793 2125 Nam
820 2061 897 2127 dum
925 2062 972 2124 ita
998 2061 1123 2125 locatur
1172 2082 1274 2142 quum
1302 2061 1412 2126 addita
1438 2062 1501 2126 fuit
1527 2061 1703 2143 particula:
1733 2063 1936 2128 intrinsecus.
1982 2064 2049 2128 Nos
2069 2086 2147 2130 vero

148 2147 302 2213 Christus
321 2149 356 2211 in
379 2148 485 2212 medio
507 2147 620 2232 gradu,
643 2168 710 2211 nun
732 2149 842 2230 agitur
863 2147 991 2211 deeius
1012 2167 1122 2211 essen·
1173 2147 1325 2211 ruditatis
1353 2160 1483 2211 nostrae
1510 2148 1630 2213 conscii
1658 2150 1842 2214 extrinseca
1863 2151 2049 2231 operatione
2071 2171 2147 2215 con·

148 2235 210 2310 tia,
238 2253 298 2299 nec
326 2233 492 2297 subtiliter
500 2236 529 2317 Β)
558 2231 742 2315 disputatur
767 2232 845 2315 quid
873 2232 968 2314 sit,⁴)
996 2231 1053 2296 sed
1080 2231 1121 2295 ad
1174 2235 1257 2296 tenti
1270 2254 1393 2310 sumus,
1416 2254 1481 2314 qua
1498 2232 1855 2318 seDeusadexiguum
1877 2234 2147 2319 intelligentise2)

147 2317 212 2382 Dei
223 2318 404 2396 consilinm,
428 2319 512 2400 quod
533 2331 661 2384 veteres
680 2319 900 2384 oeconomiam
923 2316 1121 2401 antdispen-
1174 2317 1342 2382 modulum
1365 2326 1570 2400 attemperat
1619 2318 1673 2383 Ita
1700 2318 1771 2384 sine
1794 2319 1972 2384 offensione
1994 2320 2146 2386 Christus

148 2405 308 2469 sationem
329 2415 496 2481 vocarunt,
526 2404 694 2469 attendere
715 2406 875 2469 convenit.
926 2403 963 2469 Si
985 2424 1121 2484 quaera-
1173 2402 1300 2468 medius
1321 2403 1481 2468 locabitur
1507 2405 1595 2469 inter
1621 2425 1679 2468 nos
1707 2412 1740 2468 et
1769 2414 1907 2489 patrem.
1961 2406 2075 2489 Neque
2097 2415 2147 2470 ta·

149 2496 201 2554 tur
224 2489 264 2555 de
286 2490 436 2568 essentia,
466 2491 586 2555 ecimus
606 2494 642 2554 in
665 2489 736 2555 Deo
763 2490 846 2553 nihil
868 2512 939 2555 esse
956 2490 1067 2554 minus
1089 2499 1123 2553 et
1174 2510 1250 2553 men
1273 2489 1449 2571 quidquam
1467 2489 1595 2555 decedit
1603 2488 1631 2574 ³)
1658 2511 1699 2554 ex
1721 2491 1917 2574 immensa⁴)
1939 2493 2010 2556 eius
2032 2492 2145 2575 gloria,

147 2577 261 2640 maius.
294 2574 359 2640 Sed
383 2575 539 2658 quiapro
560 2576 762 2640 infirmitatis
783 2584 913 2641 nostrae
935 2582 1042 2657 captu,
1064 2595 1122 2656 ap·
1173 2575 1303 2639 tametsi
1324 2576 1384 2641 sub
1402 2576 1475 2640 velo
1493 2574 1707 2640 humanitatis
1724 2576 1906 2661 (obscurius
1918 2579 2052 2659 autem),
2076 2600 2145 2643 cer·

147 2662 257 2743 paruit
279 2669 430 2726 aeternus
441 2662 503 2726 Dei
526 2661 622 2739 lilius,
646 2672 683 2724 ut
703 2660 829 2726 medius
851 2668 937 2727 esset
956 2662 1121 2725 internos
1173 2661 1321 2741 natust)
1344 2661 1445 2727 donec
1466 2661 1627 2744 completo
1638 2661 1825 2726 mediatoris
1848 2683 1945 2727 cursu
1967 2665 2052 2745 patri
2070 2665 2146 2730 sub·

146 2756 179 2810 et
201 2746 326 2823 Deum,
353 2749 389 2811 in
410 2748 482 2829 ipsa
502 2747 689 2812 mediatoris
715 2767 855 2830 persona
882 2755 916 2811 et
938 2747 1042 2812 officio
1065 2766 1121 2828 ap·
1173 2746 1466 2812 iiciatur‘Ohristus
1488 2748 1524 2811 in
1544 2755 1666 2812 natura
1687 2747 1841 2824 humana,
1865 2756 1898 2812 et
1919 2747 2041 2830 liquido
2057 2751 2092 2813 in
2111 2771 2146 2815 ec

146 2833 250 2914 posite
285 2833 325 2896 ad
353 2833 502 2916 regulam
535 2832 667 2915 pietatis
703 2833 823 2898 dicitur
854 2841 948 2915 patre
978 2832 1120 2896 inferior.
1173 2831 1227 2897 vel
1249 2832 1436 2896 immediate
1454 2832 1615 2915 refulgeat
1637 2831 1750 2897 divina
1766 2833 1836 2898 eius
1859 2832 2000 2898 essentia
2021 2847 2054 2899 et
2076 2856 2145 2900 ma·

146 2917 219 2984 Hoc
240 2939 340 2983 sensu
358 2939 424 2983 nou
447 2917 598 2983 dubitant
614 2918 793 3001 prophetae
813 2916 1040 3002 converteret)
1064 2939 1121 2981 no·
1173 2918 1281 2982 iestas.
1326 2919 1417 2983 Haeo
1439 2918 1599 2983 sobrietas
1624 2919 1652 2983 si
1674 2938 1741 2982 non
1767 2918 1909 2983 arrideat
1930 2921 2064 2984 curiosis
2086 2922 2146 2985 ho·

146 3004 379 3068 menlehovae
401 3024 474 3068 cum
493 3004 588 3068 titulo
599 3005 716 3087 angeli,
740 3003 1013 3087 quemadmodum
1033 3002 1121 3087 apud
1173 3004 1331 3081 minibus,
1361 3002 1514 3069 sedandis
1535 3012 1644 3068 tamen
1666 3001 1821 3068 modestis
1843 3011 1876 3068 et
1897 3006 1961 3087 piis
1982 3006 2146 3071 mentibus

148 3089 268 3154 Oeeam
291 3088 412 3155 dieitur
433 3110 501 3171 cap.
527 3093 565 3152 12
589 3091 634 3172 (v.
655 3090 703 3169 5);
727 3089 918 3154 Praevaluit
945 3088 1039 3154 laceb
1062 3110 1120 3152 an·
1173 3090 1252 3154 eatis
1270 3110 1432 3172 superque
1453 3090 1524 3154 erit.
1568 3089 1673 3154 Nemo
1691 3087 1819 3171 quidem
1843 3090 2053 3172 quantumvis
2070 3112 2144 3174 pro-

146 3174 235 3258 gelo,
252 3174 279 3260 6)
308 3197 383 3239 mox
413 3176 597 3241 sublinitur:
631 3175 757 3239 Iehova
784 3176 875 3239 Deus
907 3175 1119 3251 exercituum,
1173 3175 1430 3254 tervusrixator,
1453 3174 1543 3240 aliud
1564 3175 1656 3240 nobis
1677 3176 1874 3256 exprobrare
1896 3175 2024 3256 poterit,
2047 3197 2145 3258 quam

145 3260 271 3327 Iehova
304 3261 492 3326 memoriale
523 3262 602 3326 eius.
659 3259 757 3343 Apud
785 3260 984 3325 Malachiam
1017 3266 1060 3338 (3,
1088 3260 1119 3342 l)
1172 3260 1212 3324 ob
1234 3261 1384 3343 mysterii
1406 3262 1635 3335 reverentiam,
1656 3281 1738 3342 quae
1749 3260 1839 3324 laudi
1857 3260 2003 3325 ducenda
2020 3271 2071 3326 est
2087 3282 2144 3344 po-
2170 3306 2175 3317 .

145 3347 242 3428 paulo
272 3347 378 3411 aliter:
409 3347 530 3411 Veniet
556 3344 699 3424 Adonai,
712 3348 740 3427 7)
766 3367 862 3427 quem
892 3346 1057 3428 quaeritis,
1085 3347 1119 3408 in
1172 3346 1238 3410 tius
1260 3366 1356 3427 quam
1379 3346 1471 3424 vitio,
1493 3345 1692 3428 simplicitati
1715 3367 1773 3409 nos
1796 3345 1937 3409 studere.

146 3433 308 3514 templum
329 3454 434 3510 suum,
458 3441 490 3496 et
512 3433 650 3516 angelus
666 3432 814 3509 foederis,
838 3452 934 3513 quem
956 3431 1118 3512 expetitis.
1258 3431 1354 3497 Nunc
1382 3432 1543 3496 ffisoutere
1571 3443 1760 3514 promptum
1791 3442 1855 3504 est,
1887 3452 1968 3512 quae
1996 3431 2144 3497 obtendit

144 3516 271 3582 Eodem
293 3526 404 3581 tamen
426 3517 542 3584 recidit
565 3540 689 3595 sensus,
719 3517 848 3599 quando
870 3517 935 3582 Dei
956 3517 1065 3600 legato
1087 3526 1120 3580 et
1172 3515 1361 3593 Stanearus,
1385 3518 1420 3580 in
1431 3517 1610 3582 sententiae
1633 3538 1710 3582 suae
1732 3519 2018 3581 confirmationem.
2054 3519 2143 3583 Defi·
2210 3589 2213 3594 .

144 3603 315 3668 mediatori
343 3625 409 3667 uon
438 3603 533 3667 modo
562 3603 708 3669 defertur
741 3624 905 3668 summum
934 3603 1118 3684 imperium,
1171 3603 1329 3666 uitionem
1353 3603 1439 3666 sumi
1460 3623 1553 3684 posse
1575 3601 1654 3668 dicit
1676 3625 1716 3666 ex
1745 3602 1814 3666 loco
1836 3603 1945 3666 Pauli:
1981 3601 2144 3668 Mediator

145 3688 199 3753 sed
225 3690 382 3754 asseritur
403 3690 504 3753 etiam
532 3689 644 3754 divina
664 3691 833 3765 maiestas,
863 3688 921 3754 ubi
942 3686 1063 3753 dicitur
1083 3687 1119 3752 in
1171 3688 1270 3752 unius
1299 3709 1363 3753 non
1390 3697 1459 3765 est,
1481 3689 1574 3753 Deus
1603 3698 1712 3753 autem
1742 3709 1826 3751 unus
1848 3696 1897 3752 est
1919 3687 2008 3771 (Gal.
2030 3693 2058 3765 3,
2078 3690 2143 3770 20).

145 3774 304 3858 templum
322 3796 419 3840 suum
443 3784 612 3840 venturus.
658 3774 753 3855 Quod
772 3775 890 3840 deinde
909 3773 1067 3848 obiicitur,
1090 3773 1119 3839 si
1171 3775 1273 3857 Atqui
1296 3775 1325 3838 si
1352 3773 1531 3857 prudenter
1559 3773 1758 3856 expenderet
1786 3783 1988 3849 contextum,
2018 3773 2144 3839 videret

144 3881 317 3925 commune
339 3870 390 3925 est
411 3860 575 3925 divinitati
602 3859 791 3925 mediatoris
812 3861 963 3938 officium,
988 3876 1119 3925 necesse
1170 3859 1239 3924 illic
1261 3859 1528 3944 conferrigentes
1550 3881 1625 3925 cum
1636 3857 1777 3935 Iudaeis,
1796 3857 1881 3941 quod
1894 3858 2017 3924 scilicet
2028 3859 2143 3926 Ohris·

144 3957 195 4010 est
221 3946 344 4024 fore,⁸)
372 3957 411 4011 ut
436 3946 521 4028 apud
549 3967 583 4010 se
610 3948 720 4029 ipsum
748 3945 902 4011 Christus
929 3944 1118 4021 intercedat,
1171 3953 1224 4010 tus
1251 3965 1318 4009 non
1346 3952 1476 4010 tantum
1503 3945 1581 4009 olim
1609 3944 1746 4009 Iudaeos
1779 3944 2035 4010 reconciliaverit
2061 3944 2143 4026 Deo,

144 4031 237 4097 facile
260 4030 409 4096 diluitur:
432 4032 510 4115 quia
530 4032 593 4096 etsi
614 4044 708 4115 roget
729 4030 882 4096 Christus
904 4033 939 4095 in
960 4031 1119 4095 mediato-
1171 4031 1228 4096 sed
1256 4050 1343 4094 nunc
1369 4052 1497 4113 quoque
1525 4038 1639 4115 gentes
1667 4039 1761 4095 vocet
1787 4030 1821 4093 in
1850 4031 2037 4095 societatem
2058 4035 2144 4097 eius·

144 4117 189 4180 ris
211 4137 359 4199 persona,
382 4116 416 4181 id
437 4129 547 4182 tamen
564 4117 722 4200 peculiari
731 4115 827 4181 modo
848 4117 981 4200 respicit
1002 4115 1118 4181 huma·
1171 4116 1247 4182 dem
1268 4116 1401 4200 gratiae.
1434 4117 1604 4200 Expositio
1622 4116 1720 4188 enim,
1742 4136 1840 4199 quam
1863 4115 2003 4193 adducit,
2025 4115 2145 4201 frigida

144 4221 221 4266 nam
242 4212 412 4267 naturam.
438 4202 637 4285 Quanquam
654 4203 709 4267 hie
725 4223 967 4267 rursussensus
988 4210 1118 4267 nostros
1171 4209 1339 4285 astatque
1361 4201 1516 4285 insipida,
1545 4203 1631 4267 sicut
1662 4223 1723 4267 nec
1744 4203 1877 4265 firmum
1905 4214 1954 4265 est
1980 4201 2062 4284 quod
2086 4202 2143 4266 ad·

141 4287 186 4351 ad
208 4288 271 4353 Dei
293 4289 467 4354 consilium
489 4288 629 4372 dirigere
651 4309 783 4354 necesse
806 4295 864 4353 est.
915 4287 992 4352 Non
1012 4288 1118 4353 insec-
1170 4287 1293 4372 iungit,
1323 4307 1392 4352 non
1413 4309 1495 4370 opus
1517 4308 1588 4353 esse
1608 4287 1787 4352 mediatore
1809 4287 1874 4351 nisi
1896 4287 1952 4352 ubi
1975 4298 2025 4352 est
2046 4287 2142 4353 dissi·

146 4378 255 4438 tamam
276 4373 406 4457 quidem
428 4394 534 4458 neque
542 4379 569 4455 ⁹)
594 4376 738 4458 praecise
760 4374 925 4440 reiicimus
947 4372 1029 4438 illud
1049 4376 1118 4438 Au·
1172 4373 1271 4439 dium.
1317 4371 1530 4439 Ostendimus
1549 4374 1638 4438 enim
1659 4393 1764 4456 nuper
1786 4374 1904 4439 electos
1926 4372 2141 4456 angelosDeo

1170 4480 1231 4542 per-
1251 4460 1422 4525 Christum
1443 4459 1548 4537 uniri,
1578 4460 1633 4541 qui
1651 4466 1765 4524 tamen
1787 4478 1956 4540 nunquam
1978 4455 2140 4531 discordes

1169 4547 1310 4610 fuerunt.
1360 4543 1428 4610 Sed
1450 4546 1526 4627 quia
1546 4545 1581 4608 in
1595 4565 1641 4609 eo
1654 4566 1728 4609 non
1752 4546 1891 4612 vertitur
1913 4542 2009 4607 cardo
2028 4564 2140 4624 quaee-

214 4612 245 4743 ὲ)
262 4615 387 4737 ἐπὶ·
406 4656 412 4669 ·
430 4655 437 4668 ·
456 4653 463 4670 ·
480 4629 566 4685 “⁸4¹2
582 4614 635 4669 ‘²⁶³³
651 4614 730 4669 ”⁰5⁰⁸
747 4613 881 4747 0⁸⁸0¹¹fi³i
898 4629 949 4668 Μ·
968 4612 1003 4667 Β·
1027 4612 1057 4667 Τ·
1075 4612 1101 4666 ⁹·
1169 4630 1285 4709 tionis,
1314 4632 1418 4695 fateor
1440 4630 1610 4696 Christum
1632 4630 1726 4696 nobis
1748 4628 1898 4713 proponi,
1927 4638 1960 4692 et
1981 4627 2098 4708 debere
2119 4650 2140 4694 a

214 4748 244 4815 3)
263 4753 419 4820 simpliciter
437 4750 471 4804 B.

214 4817 246 4885 4]
264 4819 338 4873 Add.
356 4822 384 4874 in
401 4836 430 4875 se
449 4819 484 4874 B.
507 4819 536 4873 Τ.
554 4819 578 4872 2.
1013 4883 1014 4890 ¹

215 4888 246 4955 b)
265 4897 425 4943 connectere
443 4888 533 4943 iidem.
897 4902 901 4912 ·
1012 4891 1015 4902 ⁴
1237 4886 1266 4953 1)
1285 4887 1420 4941 individua
1437 4886 1471 4940 B.
1494 4887 1524 4943 Τ.
1541 4885 1567 4940 2.

214 4954 244 5020 d)
263 4956 413 5031 dominatus
431 4964 474 5013 est
490 4958 513 5013 L
531 4973 589 5011 cum
607 4958 703 5026 angelo
721 4956 810 5011 iidem
1237 4955 1267 5023 2)
1287 4955 1358 5009 aad.
1376 4962 1485 5012 nostrae
1503 4954 1596 5011 iidem:

215 5023 245 5092 7)
263 5025 342 5080 Adon
359 5025 395 5080 B.
424 5025 511 5081 Adam
534 5025 562 5078 Τ.
580 5025 606 5081 2.
1237 5023 1267 5090 3)
1286 5023 1400 5079 decedet
1414 5025 1503 5080 iidem.

212 5091 244 5162 8)
262 5109 375 5150 necesse
391 5094 451 5150 lora
470 5094 505 5151 B.
527 5093 557 5167 Τ.
574 5093 601 5148 2.
806 5114 818 5129 «·
1016 5116 1017 5119 “
1236 5092 1268 5161 4)
1286 5092 1358 5148 Add.
1377 5093 1486 5150 deitatis
1502 5092 1592 5150 iidem.

214 5161 245 5231 9)
263 5162 339 5217 aad.
357 5163 438 5218 etiam
461 5162 490 5217 T.
508 5162 526 5215 2
543 5170 598 5218 tam
617 5162 652 5217 B.
1236 5160 1268 5229 b)
1284 5162 1424 5218 obscurius
1441 5180 1512 5220 nuuc
1528 5168 1654 5219 cernatur
1668 5157 1758 5214 iidem.

250 5246 468 5319 macoma.
506 5248 564 5304 νοι.
581 5242 637 5301 ιι.
1553 5319 1556 5327 ¹
1899 5239 1934 5295 aa

148 4526 350 4539 ——>-—.
