4748 5798
184 289 383 439 asaias
418 350 752 434 EXPLIOAT10
786 333 1140 429 IMPIE'TATUM
1171 285 1245 426 ¹aa
1271 352 1543 438 'cassatas
1566 357 1872 441 Passlalss
1895 360 1968 442 aa
1995 321 2181 444 essm·

100 524 102 527 ·
182 475 266 558 RII
288 470 598 556 VALENTINI
628 467 899 557 assellus,
928 467 1003 547 DE
1020 466 1222 561 QUIBUS
1251 465 1533 558 COGNOVIT
1555 475 1801 560 SENATUS
1827 479 2179 562 GENEVENSIs

745 585 822 668 EX
847 585 1002 668 ACTIS
1025 588 1275 671 PUBLICIS
1294 592 1614 679 DESCRIPTA.
1803 590 1806 597 ’

338 815 450 896 Quum
472 825 548 879 ante
576 833 679 877 annos
701 818 842 893 quatuor
868 806 1116 874 subolfecissent
1138 810 1267 878 italicae
1289 813 1458 894 ccclesiae,
1486 837 1569 899 ques
1591 817 1678 901 apud
1700 839 1759 883 nos
1781 826 1840 898 est,
1871 818 2035 899 Senioros,
2049 821 2074 905 ¹)
2096 820 2183 886 inter

184 900 340 986 quosdam
362 923 382 966 e
402 922 460 965 suo
480 919 582 984 grege
604 917 775 981 perversos
795 913 961 959 sormones
983 903 1097 961 contra
1114 898 1255 978 primum
1277 899 1354 964 fidei
1372 912 1503 966 nostrae
1520 912 1618 987 caput
1640 903 1681 968 de
1698 903 1802 971 tribus
1822 906 1857 970 in
1878 928 1942 970 una
1954 906 2017 971 Dei
2040 907 2183 972 essentia

183 988 331 1071 personis
354 987 480 1071 agitari,
504 985 633 1049 nullum
654 983 772 1047 molius
794 978 974 1045 remedium
996 981 1061 1046 illis
1083 983 1191 1048 visum
1213 993 1272 1062 est,
1294 1006 1391 1068 quam
1415 987 1502 1052 edita
1524 988 1735 1054 confessionis
1757 989 1871 1068 forma,
1894 993 1946 1056 cui
1968 1012 2081 1057 omnes
2104 993 2180 1058 sub'-

184 1075 377 1151 seriberent,
405 1072 557 1156 detegere
579 1071 606 1135 si
629 1069 712 1153 quod
737 1073 811 1148 [pag.
831 1071 885 1144 44]
906 1067 1070 1132 occultum
1096 1070 1187 1134 virus
1208 1071 1341 1150 lateret,
1372 1093 1469 1155 quam
1491 1074 1543 1139 hic
1564 1096 1582 1139 e
1607 1074 1705 1141 verbo
1726 1076 1766 1141 ad
1791 1078 1928 1143 verbum
1949 1075 2050 1142 latine
2071 1077 2181 1142 reddi·

184 1168 251 1224 tam
274 1159 482 1224 inseruimus.

206 1447 466 1516 oososssoo
489 1445 634 1512 stass
651 1436 803 1512 aaron
827 1443 1102 1513 masclae
1125 1444 1355 1512 scotasse
1378 1447 1615 1515 assatos
1638 1456 1692 1516 zo.
1715 1423 1838 1516 orsos
1856 1451 1992 1518 Asso
2017 1456 2151 1533 osso-o

217 1700 219 1704 Α
269 1638 376 1703 Amor
396 1636 448 1702 dte
468 1636 501 1701 la
524 1634 693 1715 confession
720 1634 758 1699 de
780 1634 814 1699 ta
833 1633 903 1714 fede
925 1639 1084 1699 contenuta
1104 1634 1183 1698 nel'
1259 1704 1260 1707 ,
1296 1634 1439 1715 Oportuit
1472 1638 1598 1717 quidem
1636 1640 1780 1704 modestis
1812 1639 1954 1704 omnibus
1989 1637 2180 1707 Christianis

187 1723 321 1790 sinim
344 1722 381 1788 de
396 1723 443 1806 pti
459 1720 606 1802 Apostoli
626 1719 786 1786 dooerebbe
802 1719 925 1784 bostare
940 1740 1002 1801 per
1023 1719 1057 1784 la
1077 1740 1155 1785 sem
1207 1720 1349 1801 sufficere
1368 1722 1449 1802 fidei
1464 1724 1684 1805 confasionem
1710 1724 1844 1807 symbolo
1866 1725 2029 1806 apostolico
2049 1746 2180 1808 compre

179 1810 289 1893 plicita
327 1810 366 1875 de
401 1808 514 1890 popolo
548 1807 715 1871 cristiano:
762 1805 957 1896 Nondimeno
994 1804 1154 1885 percioctoe
1206 1804 1343 1895 lernam.
1383 1808 1465 1888 Quia
1483 1813 1583 1874 tamen
1603 1811 1756 1887 nonnulli,
1779 1830 1856 1891 quos
1875 1831 1936 1876 sua
1956 1811 2111 1891 quaedam
2126 1831 2179 1877 cce·

182 1896 287 1961 alcuni
313 1894 469 1960 essendosi
489 1912 551 1973 per
579 1893 612 1957 ta
639 1889 1032 1956 mompsuesteno·
1059 1891 1102 1955 da
1123 1891 1155 1954 ta
1205 1892 1334 1958 riositas
1356 1915 1378 1957 a
1392 1914 1480 1974 pura
1502 1900 1531 1958 et
1557 1916 1633 1960 vera
1652 1897 1714 1972 fide
1735 1896 1880 1973 adduam,
1909 1898 2035 1975 sparsis
2056 1895 2180 1976 ouilia

183 2003 270 2063 pura
293 2002 310 2046 e
336 2001 410 2046 ocra
436 1979 519 2061 sede,
552 1978 654 2042 ltanno
683 1976 803 2041 turbato
834 1977 970 2042 tuamne
1000 1998 1016 2042 e
1037 1995 1155 2041 concor-
1206 1977 1281 2042 dam
1300 1980 1396 2060 falsis
1417 1980 1617 2060 opinionibus
1639 1981 1850 2055 eterroribus,
1868 2000 1978 2061 pacem
2000 2001 2036 2045 ac
2058 2000 2180 2047 consen·

182 2068 237 2133 dia
258 2067 294 2132 di
315 2064 422 2148 quoda
444 2065 561 2143 otiosa,
591 2085 606 2128 e
631 2063 780 2127 seminato
811 2063 849 2127 de
870 2062 897 2126 le
915 2063 1057 2142 opinioni
1072 2062 1154 2142 salse
1206 2066 1277 2128 com
1298 2064 1394 2128 leuius
1410 2065 1553 2130 aetesiae
1564 2067 1800 2148 perturbarunt,
1822 2069 1927 2131 cisum
1935 2065 2075 2132 estnolois
2092 2068 2180 2132 edere

183 2159 209 2218 et
229 2172 368 2219 erronee:
392 2151 455 2215 Per
475 2151 600 2215 oooiaro
616 2170 637 2213 a
658 2152 731 2212 tutte
749 2148 776 2213 le
796 2149 908 2213 astutio
929 2149 964 2213 di
984 2147 1107 2212 wana
1127 2152 1162 2218 et
1202 2155 1396 2230 praesentem
1415 2152 1490 2231 delei
1512 2152 1729 2233 confessionem
1755 2154 1793 2217 de
1819 2173 1885 2216 una
1905 2157 1933 2216 et
1953 2151 2094 2230 simplice
2114 2151 2179 2217 Dei

183 2259 266 2305 esser
286 2238 401 2302 muniti
426 2257 443 2302 e
463 2237 601 2317 praeisti
628 2239 736 2306 eontra
760 2234 855 2315 quelli
877 2233 929 2298 die
950 2234 981 2298 ci
1001 2234 1153 2298 volasseno
1206 2236 1337 2300 essentia
1359 2241 1387 2301 et
1408 2237 1505 2300 nima
1520 2257 1729 2318 personarum
1749 2239 1955 2316 distinctione,
1983 2243 2048 2300 tum
2078 2243 2112 2301 ut
2133 2257 2180 2304 oc-

181 2325 318 2401 sedurre,
339 2327 515 2388 emostrare
531 2321 583 2385 clue
604 2321 657 2385 noi
677 2320 918 2385 creeliamod’un
935 2340 1024 2384 cooore
1045 2341 1154 2400 epar·
1205 2340 1372 2385 curramus
1394 2321 1535 2391 omnibus
1556 2324 1627 2387 istis
1651 2323 1789 2388 Satanae
1810 2324 1970 2398 vasatiis,
1999 2328 2064 2385 tam
2084 2324 2180 2387 etiam

182 2411 277 2475 liauoo
297 2409 396 2473 duna
416 2408 518 2486 bocca,
547 2406 770 2472 esimilmente
796 2405 857 2478 cle,
874 2407 927 2471 noi
953 2407 1154 2487 rifutiamoe
1205 2410 1241 2468 ut
1262 2407 1414 2473 aduersus
1435 2409 1510 2472 istos
1531 2407 1712 2488 impostores
1733 2410 1812 2474 satis
1834 2410 1975 2472 instructi
2002 2409 2112 2486 umus,
2133 2414 2178 2472 at·
2292 2402 2294 2408 ’

182 2496 359 2561 detostiamo
379 2499 451 2559 tutte
472 2493 500 2559 le
518 2491 634 2558 leercsie
650 2491 803 2559 contrarie
824 2514 845 2555 a
865 2491 898 2555 la
915 2512 1003 2573 pura
1022 2493 1100 2574 sede,
1121 2493 1153 2556 la
1205 2511 1264 2572 que
1284 2491 1360 2556 adeo
1380 2498 1416 2556 ut
1436 2494 1686 2572 demonstremus,
1709 2515 1765 2559 nos
1785 2514 1846 2559 uno
1867 2494 1955 2558 corde
1966 2493 2047 2558 man
2063 2495 2178 2560 sentire

181 2582 272 2665 quale
293 2581 389 2660 induo
410 2601 432 2644 o
454 2579 510 2659 qui
530 2578 675 2642 lolliam
695 2582 800 2643 tenuta
828 2577 1017 2661 eoopliamo
1033 2579 1154 2660 sepnire
1206 2582 1233 2640 et
1264 2598 1316 2642 ore
1343 2577 1442 2658 loqui,
1470 2581 1653 2661 pariterque
1679 2581 1803 2644 reiuem
1825 2599 1862 2643 ac
1888 2579 2052 2643 destestari
2073 2599 2177 2645 mnam

181 2669 215 2731 in
237 2668 307 2732 sino
328 2686 350 2729 a
369 2666 402 2730 la
421 2666 491 2745 tene,
518 2662 663 2728 leabbiam
683 2662 812 2728 risoluto
833 2663 868 2728 di
887 2665 959 2745 fare
980 2663 1014 2728 la
1035 2663 1154 2728 dicita-
1205 2661 1347 2728 haereses
1368 2663 1417 2727 illi
1435 2685 1538 2746 purae
1563 2666 1637 2744 fidei
1665 2666 1840 2730 contrarias
1860 2684 1956 2744 quam
1982 2664 2083 2729 adsue
2103 2668 2177 2730 reti·

180 2754 311 2831 ratione,
333 2750 387 2815 cie
408 2752 464 2833 qui
486 2769 635 2831 oppresso
659 2769 764 2831 seque,
791 2754 905 2830 quanto
926 2769 947 2812 a
968 2750 1001 2814 la
1022 2751 1117 2813 unica
1138 2771 1154 2814 e
1204 2751 1334 2814 nuimus
1354 2755 1382 2814 et
1399 2751 1442 2815 ad
1460 2756 1629 2815 extremum
1648 2771 1744 2832 usque
1765 2751 1853 2830 sequi
1875 2750 2072 2814 decrevimus.

63 2884 67 2924 4
180 2838 326 2918 sempliee
353 2836 503 2902 Essentia
525 2835 561 2900 di
589 2834 654 2900 Dio
679 2856 694 2898 o
723 2834 756 2897 la
782 2834 960 2899 distintione
988 2835 1025 2899 de
1051 2834 1081 2898 le
1108 2840 1153 2899 tre
1189 2846 1196 2858 '

234 2944 314 2990 sone.

77 3058 78 3067 ,
163 2946 234 3006 ‘per
268 3008 336 3073 Noi
356 3007 550 3073 dichiaramo
577 3005 703 3086 dunque
729 3005 780 3069 otc
808 3003 833 3069 d
857 3003 963 3070 Podre
988 3003 1083 3070 Iddio
1111 3005 1153 3071 lta
1292 3005 1479 3086 Profitemur
1498 3026 1568 3089 erpo
1579 3006 1685 3071 Deum
1700 3010 1824 3085 patrem
1846 3006 1892 3068 ito
1907 3007 2048 3087 posuisse
2069 3006 2108 3070 ab
2125 3026 2176 3071 ae-

82 3125 87 3180 3
179 3097 216 3161 in
237 3094 283 3159 tal
304 3095 393 3158 modo
412 3097 553 3176 penerato
579 3091 625 3172 fin
647 3091 690 3155 da
716 3092 788 3174 opai
809 3090 939 3155 eternitd
962 3091 994 3156 la
1016 3112 1076 3155 sua
1093 3113 1153 3172 pa-
1204 3096 1290 3155 terno
1310 3111 1403 3155 suum
1429 3091 1553 3155 cabum
1577 3092 1643 3155 sice
1670 3092 1873 3170 sapientiam,
1899 3112 1978 3171 qroae
1999 3097 2042 3156 est
2063 3093 2177 3156 unicus

87 3181 88 3196 ¹
177 3181 249 3248 rota
269 3200 286 3245 c
309 3179 472 3261 Sapientia
492 3178 545 3243 die
566 3179 581 3240 ie
602 3178 629 3242 il
650 3197 706 3242 suo
727 3179 818 3241 unico
837 3176 984 3259 liptinolo,
1013 3198 1029 3242 e
1050 3177 1101 3241 otu
1123 3178 1152 3242 lo
1204 3177 1307 3257 ipsius
1327 3177 1429 3257 tilius,
1456 3184 1484 3240 et
1503 3177 1653 3257 spiritum
1675 3182 1814 3240 sanctum
1842 3176 1881 3240 ab
1901 3183 2029 3258 utroque
2049 3177 2177 3240 illorum

93 3268 98 3323 l
178 3266 302 3348 Spirito
324 3272 412 3331 santo
435 3264 632 3345 eproccduto
652 3264 846 3340 d’amondue,
873 3262 925 3326 elce
946 3283 1008 3326 non
1028 3265 1061 3327 oi
1082 3265 1097 3327 ὸ
1119 3283 1151 3327 se
1203 3264 1249 3326 ita
1264 3265 1452 3344 processisse
1473 3269 1508 3325 ut
1528 3263 1620 3325 usim
1636 3263 1679 3325 sit
1700 3282 1736 3326 ac
1757 3262 1890 3344 simplm
1911 3264 2042 3326 essentia
2057 3261 2174 3341 patris,

103 3385 105 3394 „
168 3350 575 3432 monacasolaesemplice
592 3352 726 3414 essentia
740 3348 916 3425 delPadre,
936 3347 986 3412 del
1001 3348 1150 3430 fipliuolo,
1201 3349 1265 3429 tlte·
1287 3355 1316 3412 et
1337 3351 1471 3428 spiritus
1491 3349 1601 3412 sancti.
1647 3351 1722 3425 [pag.
1743 3353 1797 3427 45]
1820 3349 1907 3429 Quod
1927 3353 2030 3411 outae
2045 3352 2138 3427 poter
2155 3367 2177 3410 a

104 3405 108 3451 l
168 3460 193 3505 e
213 3438 254 3502 de
282 3436 453 3517 nepeta
481 3440 586 3501 santo:
612 3455 628 3499 e
655 3435 707 3499 eloe
729 3439 846 3516 questo,
873 3432 926 3498 cie
955 3433 980 3497 il
1005 3431 1109 3500 Padre
1135 3436 1151 3498 i
1201 3434 1268 3513 filio
1294 3433 1381 3498 etat
1402 3438 1531 3512 atroque
1557 3434 1690 3514 spiritus
1712 3439 1837 3499 sanctus
1864 3435 1907 3498 sit
1934 3433 2112 3510 distinctus,
2140 3432 2176 3496 id

112 3508 118 3581 l
170 3524 309 3591 distinto
329 3522 386 3586 dal
404 3522 551 3604 fipliuolo,
572 3543 588 3585 e
610 3522 639 3587 lo
660 3519 778 3604 Spirito
800 3524 889 3586 santo
908 3520 951 3584 da
973 3519 1054 3584 l’uno
1076 3521 1151 3585 eda
1200 3521 1273 3600 fieri
1290 3538 1498 3602 personarum
1519 3523 1663 3600 respectu.

122 3631 128 3708 i
174 3610 290 3687 l'attro,
313 3628 407 3690 eper
427 3609 554 3689 rispetto
574 3607 613 3672 de
634 3607 663 3672 le
678 3627 819 3688 persone.
1403 3613 1406 3621 ’

134 3782 141 3836 l

143 3899 148 3965 l
333 3896 365 4029 ‘il
382 3897 818 4034 lolalliistiiloiicillltilloliollonimus
834 3966 955 4020 tultam
973 3965 1110 4033 coemptor
1125 3964 1198 4034 quod
1215 3944 1302 4020 eadat
1318 3978 1403 4017 manu
1420 3963 1552 4031 scriptum
1568 3979 1668 4019 coaeva
1685 3966 1715 4016 in
1734 3962 1900 4018 Bibliotheca
1912 3959 2011 4018 ame.
2031 3961 2095 4017 Ood
2114 3963 2175 4034 145,

150 3989 226 4117 lici
245 4032 288 4090 lb.
331 4036 425 4090 Verrio
439 4036 541 4105 palliae
558 4034 597 4088 ad
613 4041 715 4090 tectum
731 4034 853 4089 italicum
870 4037 1042 4101 confermata
1060 4040 1107 4099 est,
1126 4035 1182 4089 sice
1198 4035 1289 4102 potine
1305 4039 1449 4102 utrumque
1466 4032 1549 4089 simul
1564 4035 1714 4103 respectare
1731 4031 1844 4087 uidetur.

161 4136 168 4220 l
287 4119 399 4176 Oaloim
410 4136 504 4190 opera.
542 4118 675 4177 Voc1x.
1935 4113 1971 4171 26

170 4246 178 4348 l

181 4376 198 4521 ll
