4724 5886
138 319 226 388 ΧΠ
726 313 995 382 ueteranus
1018 313 1309 383 ufluonoouu
1330 315 1550 383 MINORES.

140 513 216 577 linat
236 508 357 575 seiam
385 506 471 573 nihil
492 505 581 572 ultro
612 512 825 572 mutaturum.
869 503 922 570 De
948 503 1143 587 Wentphalo
1171 503 1252 570 haee
1281 503 1373 569 dicit:
1421 504 1506 586 Quae
1534 505 1681 588 asperius
1715 505 1750 570 in
1777 504 1973 571 Icacbimum
1998 506 2127 573 uidebar

140 622 260 689 decusa
280 619 410 699 currem,
433 618 680 700 necquidquam
700 621 910 698 restareputo
936 616 1018 698 quod
1048 635 1102 680 uos
1129 615 1269 696 effuant.
1321 614 1508 698 Quanquam
1533 615 1710 682 nebulonem
1736 616 1801 682 olio
1826 637 1922 683 sensu
1948 637 2127 684 vocaveram

139 753 234 816 qaam
248 731 396 813 putastis.
440 729 547 812 Neque
567 729 656 795 enim
670 728 849 794 cadumum
869 727 918 793 vel
936 727 1123 808 fmoifeum
1143 725 1291 804 intellecti,
1313 726 1377 804 sed,
1395 729 1430 790 ut
1451 725 1535 808 loqui
1556 726 1690 793 solebam
1710 732 1837 807 numu,
1857 726 1954 793 nihili
1974 727 2126 796 bominem

140 844 186 910 uel
206 843 415 909 meantem.
458 840 612 921 Eupunm
633 859 751 922 quoque
771 837 885 904 bestiae
905 858 1013 903 nonoen
1032 841 1060 903 et
1080 837 1161 918 quod
1182 837 1286 904 odiose
1307 838 1342 902 in
1364 838 1433 903 aas
1448 838 1592 919 patriam
1620 843 1775 920 uncoque
1799 839 1903 905 maris
1928 839 2020 906 illius
2046 845 2126 907 troc-

140 961 207 1021 tum
227 951 328 1020 uideri
342 956 465 1034 poterat
485 953 521 1017 iu
542 951 664 1016 duobus
691 950 766 1015 locis
793 971 815 1014 a
836 969 883 1014 me
904 949 1018 1015 dictum
1045 968 1118 1013 esse.
1162 948 1306 1014 Onusam
1327 969 1425 1032 porro
1453 949 1587 1030 exponit
1614 971 1672 1014 nur
1698 949 1886 1034 Westphali
1912 970 2032 1016 nomen
2060 970 2126 1017 non

141 1063 362 1149 adscripserim
383 1068 549 1145 praestare
570 1062 659 1126 enim
679 1068 784 1145 putat,
806 1059 962 1144 quosdam
980 1059 1077 1125 tacite
1098 1060 1275 1143 perstringi
1297 1060 1353 1142 qni
1376 1061 1500 1126 sintin
1522 1060 1620 1126 simili
1641 1061 1801 1144 opinione,
1824 1083 1922 1145 quem
1943 1083 2046 1128 unum
2068 1062 2127 1127 ali-

140 1197 239 1260 quem
259 1174 482 1240 adversarinm
503 1171 620 1256 deligi,
646 1193 785 1255 eumque
811 1178 902 1237 tanto
929 1170 1052 1237 honore
1073 1171 1209 1236 minime
1230 1169 1384 1254 dignum,·
1417 1171 1552 1255 ideoque
1577 1173 1678 1238 etiam
1703 1172 1831 1238 tabulas
1853 1173 2038 1239 Blblieudri
2060 1195 2126 1239 non

140 1287 241 1352 inseri
261 1286 404 1369 potuisse
425 1283 577 1349 declarat.
620 1284 671 1350 De
692 1283 834 1363 hulmo,
853 1282 969 1366 inquit.
988 1283 1069 1347 satis
1087 1281 1199 1363 fuisset
1219 1303 1266 1346 me
1286 1303 1348 1347 uno
1369 1283 1458 1348 uerbo
1475 1285 1601 1349 amnui.
1638 1282 1746 1366 Neque
1760 1285 1843 1350 enim
1859 1305 1908 1350 noc
1929 1285 2002 1352 latet
2018 1292 2128 1366 quant·

141 1418 230 1480 opere
255 1399 292 1462 iu
319 1416 376 1462 nos
396 1395 569 1474 insanierit,
590 1416 685 1476 neque
705 1394 854 1459 memoria
876 1395 1056 1459 exciderant
1078 1414 1158 1476 quae
1179 1394 1214 1458 in
1235 1392 1389 1476 Apotopia
1409 1399 1510 1459 cestra
1531 1395 1599 1477 lapi,
1620 1414 1716 1477 neque
1746 1394 1826 1460 mibi
1852 1395 1890 1461 de
1909 1399 2128 1465 omerabiliet

141 1508 295 1576 adorabili
315 1508 430 1572 attans
450 1512 641 1572 sacramento
661 1507 799 1589 ipndum
818 1509 887 1570 mot
902 1510 1089 1586 portentum.
1136 1504 1198 1570 Sed
1218 1525 1314 1587 quum
1335 1506 1456 1570 uideam
1482 1504 1635 1571 bominem
1661 1506 1771 1570 natica
1797 1505 1919 1588 alioqui
1945 1507 2128 1586 intemperie

140 1621 255 1688 duan
275 1619 352 1685 tales
371 1637 501 1698 mamas
522 1637 663 1696 coenare,
679 1623 779 1698 prom
800 1617 928 1683 aliunde
948 1621 1016 1682 erat
1036 1617 1201 1698 imputans,
1223 1617 1354 1698 sepultis
1375 1616 1441 1681 illis
1462 1617 1699 1682 contentioribus
1715 1618 1839 1698 sumpsi
1856 1618 1938 1699 quod
1957 1617 2001 1682 ad
2015 1637 2127 1697 pacem

141 1732 247 1814 aptiae
267 1735 340 1795 erat
374 1728 548 1795 Prudenter
562 1749 615 1793 uos
634 1730 757 1810 quidem
778 1730 946 1795 cauendum
968 1748 1033 1793 esse
1048 1729 1234 1809 prospicitis
1251 1749 1289 1793 ne
1310 1729 1487 1794 aduersarii
1508 1729 1693 1794 insolentius
1712 1729 1749 1794 in
1764 1749 1821 1794 nos
1841 1730 1977 1795 irruam.
2017 1729 2128 1812 Imque

144 1843 245 1910 mum
266 1842 311 1908 sic
331 1846 496 1908 comeatum
515 1840 676 1906 inuenietis
697 1846 731 1904 ut
746 1839 843 1921 plone
863 1839 948 1905 uobis
964 1840 1113 1905 arrideat.
1156 1838 1259 1903 Porro
1281 1837 1346 1904 alia
1366 1838 1461 1922 pluro
1482 1839 1625 1924 attingit,
1647 1840 1683 1905 in
1700 1841 1819 1923 quibus
1835 1860 1894 1905 our
1910 1861 1977 1905 non
1994 1841 2129 1925 penitus

142 1953 208 2020 illis
230 1954 427 2020 annotatur
448 1951 611 2035 explanat,
632 1971 714 2034 quae
735 1951 866 2035 singula
886 1972 974 2017 nunc
996 1950 1147 2034 persequi
1168 1971 1234 2014 non
1256 1950 1383 2015 attinet.

293 2065 365 2130 Iam
383 2085 508 2128 novum
529 2063 697 2146 exemplar
717 2061 818 2128 libelli
839 2083 859 2126 a
881 2061 1019 2128 Calvino
1038 2061 1190 2129 secundis
1213 2061 1300 2128 euris
1322 2061 1488 2127 retractati
1510 2061 1741 2129 Turioennibus
1763 2063 1895 2129 demum
1925 2083 2039 2130 versus
2060 2084 2129 2130 me-
2233 2065 2237 2071 “

141 2177 233 2243 dium
253 2197 399 2243 mensem
420 2173 635 2242 Decembrem
658 2173 821 2240 redditum
841 2175 912 2253 tuit,
937 2182 970 2239 et
991 2175 1060 2240 sine
1085 2193 1177 2239 mora
1196 2172 1411 2257 Bullingerne
1440 2171 1481 2237 ed
1509 2174 1651 2240 amioum
1680 2184 1827 2240 autorem
1854 2174 1935 2240 haee
1963 2176 2129 2259 rescripsit

142 2289 279 2376 (duplex
300 2287 524 2372 autographon
546 2294 653 2351 exstet
678 2285 714 2349 in
736 2285 890 2351 Archiris
912 2287 1018 2351 'lluria
1039 2285 1129 2351 Plut
1152 2285 1213 2363 VI,
1236 2284 1297 2351 vol.
1325 2289 1394 2364 105,
1415 2287 1437 2352 f.
1462 2288 1522 2348 627
1545 2296 1579 2351 et
1599 2285 1665 2350 vol.
1692 2289 1761 2363 129,
1783 2286 1838 2351 fol.
1862 2290 1955 2372 318):
2000 2337 2007 2353 .
2030 2337 2037 2352 .
2062 2334 2128 2354 ...

141 2401 281 2482 Apimus
297 2399 418 2484 matins
439 2403 509 2462 tuoe
529 2396 717 2462 humanitati
737 2398 817 2479 quod
838 2397 985 2462 beamus
1005 2402 1070 2462 uoto
1097 2401 1200 2463 nasim
1221 2396 1487 2478 obtemperaveris,
1518 2418 1555 2464 ac
1584 2401 1620 2462 ut
1636 2395 1715 2462 liber
1741 2397 1853 2462 edatm
1874 2419 1935 2478 per
1958 2404 1986 2464 te
2011 2419 2131 2465 concor

140 2514 221 2579 otta
240 2531 344 2578 omnes
363 2510 582 2575 conseuimus:
603 2509 656 2574 sed
676 2514 704 2574 et
724 2513 865 2574 mutuam
886 2513 1026 2574 nostram
1047 2528 1174 2590 operam
1195 2508 1230 2574 in
1251 2506 1444 2589 defendenda
1467 2506 1668 2587 Conuersione
1688 2508 1745 2573 tibi
1760 2509 1961 2592 pollicemur,
1987 2509 2130 2574 medimn-

141 2643 200 2706 que
219 2642 275 2688 nos
294 2622 351 2687 tibi
366 2619 633 2701 deducimur,
660 2622 771 2703 quiin
792 2621 945 2687 mmmuni
972 2640 1069 2686 eausa
1088 2620 1216 2703 primm
1244 2620 1279 2685 in
1307 2619 1405 2685 aciem
1420 2620 1590 2701 pedurio.
1638 2618 1889 2686 Gououltooimus
1915 2621 2038 2702 quidem
2057 2620 2131 2687 dili·
2211 2616 2216 2625 '

139 2740 244 2821 pertter
263 2735 302 2801 de
321 2732 480 2798 mittendis
499 2731 574 2798 libri
594 2733 643 2797 tui
663 2733 811 2813 coemptis
830 2734 874 2799 od
899 2732 1099 2798 eulesiarum
1119 2729 1251 2796 illarum
1278 2733 1417 2796 omnium
1438 2731 1612 2811 ministres,
1639 2731 1751 2814 quibus
1772 2737 1807 2798 tu
1831 2731 1948 2797 librum
1972 2738 2061 2798 tuum
2082 2733 2131 2798 in·

140 2845 306 2929 scripsisti,
327 2850 364 2910 ut
383 2843 423 2909 ab
443 2843 495 2910 bis
516 2864 676 2910 assensum
697 2844 744 2908 uel
762 2843 1018 2925 subscriptionem
1039 2842 1181 2923 ipsorum
1198 2842 1444 2922 impetraremus.
1491 2842 1654 2937 mmm
1680 2864 1775 2926 quum
1800 2844 2003 2926 expendimus
2022 2845 2131 2927 quales

119 2960 121 2962 ’
141 2978 181 3024 eu
200 2957 268 3024 illis
287 2976 349 3022 non
362 2956 461 3039 pauci
482 2955 554 3035 sec,
575 2960 603 3021 et
624 2960 742 3037 quanta
757 2956 861 3036 possit
881 2955 973 3021 iniici
994 2955 1041 3019 rei
1061 2953 1197 3019 sudori
1218 2973 1348 3033 remma,
1371 2959 1427 3019 aut
1447 2954 1540 3020 uiam
1559 2955 1641 3021 oriri
1661 2957 1799 3038 suspicio
1820 2955 2024 3022 dissensionis
2044 2956 2132 3038 apud

139 3069 337 3136 montano
353 3071 482 3146 nostros,
503 3066 608 3131 ouum
629 3071 674 3132 est
694 3067 831 3132 munima
852 3067 1046 3131 tutissimam
1064 3065 1142 3146 fore,
1163 3066 1194 3130 si
1214 3069 1249 3130 tu
1269 3087 1364 3148 quam
1375 3067 1520 3148 primmn
1535 3067 1626 3150 prelo
1647 3067 1814 3147 sublicius,
1841 3087 2012 3149 mensaque
2032 3087 2131 3133 euent-
2232 3143 2234 3146 Α

135 3181 196 3262 pla
214 3180 258 3246 ad
274 3178 392 3261 fratres
413 3177 494 3244 alios
515 3182 543 3243 et
562 3178 606 3243 ad
626 3198 682 3243 uos
702 3179 815 3244 mittas.
864 3178 952 3260 Quod
972 3197 1042 3242 uero
1063 3197 1119 3242 nos
1139 3177 1260 3242 nullam
1278 3181 1330 3242 tuo
1351 3176 1429 3244 libro
1449 3177 1636 3245 adimimus
1657 3179 1826 3260 epistolam,
1847 3179 1928 3243 siaiu
1946 3179 2065 3260 fadum
2085 3183 2131 3243 est

139 3293 177 3359 in
199 3290 412 3370 mamma,
429 3289 519 3355 nulla
539 3289 575 3354 id
595 3290 665 3356 atio
686 3309 783 3355 causa
801 3289 920 3372 factum
941 3290 1031 3369 scios,
1054 3308 1150 3372 quam
1171 3309 1209 3354 ne
1230 3288 1289 3354 alii
1310 3309 1342 3355 sc
1358 3291 1554 3370 praeteritos,
1575 3310 1613 3356 ac
1633 3294 1661 3355 te
1680 3289 1838 3356 nmiseum
1858 3290 2013 3356 dantum
2033 3290 2131 3373 spisse

139 3403 384 3486 auspicarentur,
405 3401 537 3482 indeque
558 3405 586 3466 et
606 3402 663 3466 tibi
683 3407 712 3467 et
731 3401 820 3467 nobis
841 3401 1009 3467 oboriretur
1030 3401 1162 3467 inedia.
1197 3400 1329 3484 Alioqui
1345 3402 1376 3466 si
1392 3400 1450 3466 tibi
1470 3402 1516 3466 eto
1531 3401 1663 3483 plumat,
1685 3405 1712 3466 et
1732 3405 1871 3466 nostram
1891 3401 2024 3485 adiunqi
2045 3401 2131 3482 uelis,

139 3535 202 3582 non
220 3515 377 3581 tanaus
396 3517 500 3578 nostro
521 3512 621 3593 offitio
644 3561 651 3577 .
675 3560 682 3576 .
705 3563 712 3576 .
734 3562 741 3577 .
799 3511 837 3578 Si
856 3513 1037 3594 felicissime
1056 3533 1107 3579 res
1127 3513 1266 3579 ausisset
1291 3513 1454 3594 etfratres
1468 3512 1612 3594 plerique
1627 3511 1772 3594 placidos
1798 3532 1831 3577 se
1851 3511 1939 3578 nobis
1954 3514 2132 3596 maestitia·

141 3629 217 3706 sect,
237 3627 293 3691 viu
312 3630 416 3691 tamen
436 3625 522 3690 intra
544 3624 622 3689 duos
642 3629 698 3688 aut
716 3628 779 3689 tres
798 3644 918 3690 menses
945 3624 1188 3691 absolvissemus.
1236 3624 1284 3690 At
1310 3626 1514 3691 cunctandum
1546 3624 1582 3688 in
1614 3644 1650 3688 re
1681 3628 1769 3690 tanto
1797 3622 1885 3689 nous
1911 3644 1973 3689 non
2000 3625 2130 3691 uidetur⁴

143 3733 313 3819 &mamm
330 3742 431 3803 autern
451 3736 554 3802 nullm
570 3755 704 3817 morsus
723 3736 803 3801 edito
824 3736 904 3802 libro
922 3756 956 3801 se
978 3737 1180 3818 oppositurus.
1225 3735 1299 3801 Iam
1320 3740 1355 3801 ut
1374 3737 1462 3819 opud
1488 3755 1542 3801 uos
1568 3737 1651 3818 typis
1676 3733 1846 3802 eccudotar
1873 3756 1910 3801 ea
1935 3738 2073 3803 mocinre
2092 3736 2131 3802 de

141 3866 239 3914 causa
254 3847 342 3912 nobis
361 3847 439 3913 utile
459 3848 580 3913 uiddur
604 3851 640 3912 ut
666 3847 713 3912 ito
734 3847 977 3928 praesandatur
1003 3849 1119 3913 occasio
1141 3847 1334 3913 mercnis
1361 3847 1483 3914 dicerrdi
1508 3848 1648 3929 quadiu
1677 3849 1760 3914 edita
1784 3845 1988 3914 &munione
2012 3848 2131 3929 factum

140 3959 265 4038 sumus,
291 3958 461 4043 Tipurinos
482 3959 635 4041 quaedam
662 3958 831 4040 infersisse
851 3964 958 4024 eontm
981 3957 1109 4025 Caluini
1128 3959 1319 4025 setanion.
1365 3957 1466 4024 Porro
1491 3960 1523 4024 si
1544 3957 1775 4026 blosobouerus
1795 3959 1979 4026 intellexerit
1998 3957 2080 4022 nibil
2096 3978 2131 4023 se

140 4070 330 4152 offensurum
350 4069 574 4152 lppoprapbum
594 4071 651 4153 qui
672 4069 758 4152 opud
778 4089 832 4135 uos
848 4070 992 4151 mimum
1012 4071 1170 4138 emuderit
1190 4070 1307 4136 libnrm
1329 4075 1427 4149 tuum,
1447 4070 1607 4151 imprimet
1626 4070 1706 4153 torte
1728 4075 1756 4136 et
1776 4071 1845 4154 ipse
1865 4069 1999 4135 eundem.
2050 4066 2131 4136 Utile

142 4185 244 4247 aretem
264 4185 355 4262 atquc
375 4180 451 4247 adeo
471 4183 682 4247 necessarium
707 4182 831 4247 videtin
854 4186 889 4246 ut
910 4183 1117 4266 coniunpotur
1142 4187 1248 4248 nostra
1276 4181 1434 4249 consensio
1461 4181 1539 4248 libro
1556 4186 1617 4249 tuo.
1661 4182 1727 4250 Oui
1752 4181 1886 4248 oonsilio
1913 4179 2131 4263 adstipulatus

63 4329 64 4333 =
144 4291 303 4359 euvinus
325 4290 557 4357 consensionis
579 4294 683 4376 capita
705 4295 833 4377 integra
854 4294 940 4359 inter
960 4292 1144 4377 Epistulam
1166 4302 1200 4359 et
1218 4293 1354 4360 solidam
1376 4293 1543 4359 doetrinae
1570 4294 1822 4361 declarationem
1848 4290 1956 4356 media
1981 4292 2130 4358 inseruit

296 4402 423 4468 Varum
444 4401 496 4467 his
515 4403 563 4468 ite
583 4405 773 4471 constitutis
794 4427 847 4471 res
868 4405 1016 4470 nondum
1036 4407 1184 4472 mnfeota
1204 4414 1284 4485 erat,
1306 4403 1520 4473 didiscimus
1546 4428 1589 4473 ex
1615 4405 1719 4471 literis
1741 4403 1873 4470 Oalvini
1901 4401 1943 4469 ud
1960 4402 2131 4470 Farallum

143 4514 228 4582 datie
250 4512 281 4580 d.
304 4517 355 4579 26.
375 4512 567 4581 Decembris
595 4512 689 4594 (aaa
711 4514 837 4583 Gener.
863 4521 922 4581 107
945 4538 974 4596 a,
1005 4516 1058 4582 fol.
1081 4521 1121 4582 86
1145 4523 1287 4601 autogr.)
1313 4517 1487 4600 inquibus
1509 4518 1597 4584 inter
1626 4517 1690 4582 alia
1717 4515 1797 4582 haee
1825 4515 1995 4600 leguntur:
2039 4515 2132 4583 mm

144 4627 187 4694 od
207 4631 235 4692 te
258 4626 486 4711 Tipurinorum
506 4626 616 4691 literas
636 4646 675 4691 ec
696 4625 809 4709 quibus
829 4628 980 4714 inleltipes
1000 4629 1081 4710 quod
1108 4629 1165 4694 tibi
1190 4629 1363 4722 iucundum
1384 4630 1452 4711 fore
1477 4631 1557 4709 scio,
1579 4628 1742 4710 placuisse
1769 4626 1836 4693 illis
1861 4627 1931 4692 siue
1956 4627 2132 4708 meeptioru

137 4737 296 4820 pontonem
316 4757 418 4802 meum
438 4738 597 4820 scriptum,
618 4737 731 4803 dando
751 4741 865 4804 mutati
885 4741 1009 4806 manilii
1029 4741 1190 4806 rationem.
1236 4739 1322 4806 Nom
1338 4742 1550 4826 promanant
1570 4759 1603 4805 sc
1624 4759 1751 4821 wem
1771 4740 1901 4806 dumos
1917 4744 1954 4805 ut
1974 4738 2051 4806 tiber
2071 4757 2132 4804 sua

143 4852 173 4914 et
192 4848 327 4915 uturum
347 4849 570 4930 subscriptione
590 4854 719 4914 ornatus
740 4850 776 4914 in
791 4849 954 4930 publicum
978 4853 1085 4918 eamn.
1131 4851 1225 4917 Nunc
1244 4853 1409 4934 postulent
1439 4858 1475 4919 ut
1494 4871 1589 4934 quam
1609 4852 1753 4932 prim
1779 4851 1898 4917 maur.
1944 4850 2131 4932 Quanquam

143 4964 246 5026 andem
259 4961 420 5045 prospicio
441 4980 503 5027 nou
524 4960 665 5026 mundus
685 4965 811 5043 protom
828 4962 897 5043 fore
917 4983 1017 5028 meam
1038 4964 1261 5046 confidentiam,
1288 4965 1396 5031 uidem
1416 4969 1518 5031 meren
1538 4983 1599 5028 uon
1618 4963 1733 5045 absque
1754 4961 2069 5029 caussationibus
2091 4982 2129 5028 etc

143 5088 250 5136 eorum
270 5077 336 5138 uoto
350 5092 533 5154 properare,
553 5091 633 5154 quas
653 5071 711 5137 tibi
731 5092 788 5136 suo
809 5077 941 5155 tempore
961 5095 1121 5157 caponum.
1167 5074 1290 5141 Parum
1309 5081 1411 5143 mmen
1432 5074 1533 5157 obtuit
1554 5075 1633 5156 quin
1662 5074 1800 5142 Vulcano
1822 5073 1997 5142 dioecesim.
2043 5071 2130 5138 Nom

144 5199 241 5265 quum
264 5181 394 5250 Senonci
410 5184 595 5263 obtulissem,
618 5183 777 5250 demeum
789 5182 854 5265 fuit
874 5189 908 5250 ut
928 5187 1105 5253 ausoribus
1123 5188 1260 5254 maur.
1309 5189 1397 5255 Adeo
1424 5186 1578 5252 mcondui
1603 5191 1735 5272 caepa
1748 5204 1908 5269 responso,
1935 5187 1971 5248 ut
1995 5189 2131 5266 quatuor
