4748 5798
115 1518 442 1603 RFSPONSUM
464 1521 545 1602 AD
566 1519 817 1600 FRATRES
839 1518 1098 1611 POLONOS‚
1119 1517 1392 1608 QUOMODO
1413 1519 1708 1602 MEDIATOR
1730 1520 1814 1602 SIT
1831 1521 2108 1617 CHRISTUS,

497 1644 499 1647 ”
543 1638 624 1719 ΑΙ)
645 1636 1036 1720 REFUTANDUM
1053 1637 1333 1720 STANOARI
1354 1637 1679 1721 ERROREM.*)

114 1894 280 1962 Fidelibus
299 1894 424 1961 Christi
445 1894 604 1959 ministris
622 1893 677 1977 qui
695 1913 811 1975 puram
828 1891 991 1976 evangelii
1009 1891 1085 1959 doe·
1110 1866 1113 1926 l
1136 1857 1267 2007 {Qut
1288 1857 1459 1924 Obrimum
1480 1879 1575 1958 P⁰⁸.⁸⁰
1601 1858 1813 1959 m⁰di³l⁰¹⁰¹3¹
1837 1861 1898 1961 dili
1928 1864 2108 1930 ⁸⁰⁰⁰⁰d¹¹ffl

1173 1964 1284 2008 urnam
1304 1952 1468 2020 naturam,
1490 1964 1565 2026 quia
1581 1954 1674 2028 patre
1694 1956 1779 2011 esset
1789 1949 1933 2012 inferior.
1967 1947 2034 2014 Sed
2052 1972 2118 2015 exa

114 1981 234 2047 trinam
261 1982 458 2064 profitentur
484 1980 620 2063 aliieque
648 1978 783 2044 sinceris
810 1977 874 2042 Dei
896 1978 1084 2055 cultoribus,
1138 2029 1275 2114 cipimus
1297 2031 1438 2111 primum
1448 2029 1636 2094 mediatoris
1655 2052 1773 2095 nomen
1786 2031 1918 2097 Ohfisto
1939 2033 2108 2115 quadrare,

1137 2135 1205 2179 non
1226 2114 1332 2178 solum
1354 2136 1396 2179 ex
1417 2135 1480 2196 quo
1501 2137 1635 2181 carnem
1656 2115 1776 2194 induit,
1805 2118 1858 2183 vel
1885 2140 1927 2183 ex
1953 2141 2015 2202 quo
2036 2142 2110 2186 mu·

198 2201 421 2268 Vehementer
447 2200 541 2266 nobis
563 2199 666 2275 dolet,
694 2200 899 2283 integerrimi
927 2209 960 2266 et
991 2202 1085 2267 nobis
1138 2222 1201 2265 nus
1223 2200 1367 2283 suscepit
1386 2200 1618 2266 reconciliandi
1638 2223 1714 2267 oum
1724 2203 1795 2267 Deo
1812 2202 1949 2268 humani
1971 2208 2109 2290 generis,

115 2309 155 2354 ex
176 2288 285 2354 animo
302 2287 430 2354 colendi
451 2288 577 2364 fratres,
601 2286 751 2352 ecclesias
768 2294 905 2363 vestras,
929 2306 1011 2368 quae
1029 2286 1086 2351 ad·
1138 2284 1195 2350 sed
1217 2286 1257 2349 ab
1280 2287 1372 2350 initio
1394 2287 1568 2352 creationis
1590 2287 1657 2351 iam
1679 2308 1755 2352 vere
1766 2288 1865 2353 fuisse
1882 2289 2108 2357 mediatorem:

115 2373 179 2440 huc
200 2375 288 2439 inter
308 2374 416 2457 prima
436 2372 571 2437 exordia
592 2383 723 2437 tenerae
745 2378 832 2450 sunt,
861 2380 895 2436 et
916 2372 972 2438 ubi
993 2393 1087 2456 seges
1137 2373 1214 2454 quia
1235 2391 1363 2455 semper
1385 2372 1446 2435 fuit
1467 2383 1567 2454 caput
1588 2372 1759 2455 ecclesiae,
1791 2381 1825 2439 et
1852 2377 2032 2458 primatum
2060 2387 2109 2443 te·

115 2479 215 2542 purae
237 2458 402 2525 docminae
424 2458 531 2524 adhuc
553 2460 622 2522 fere
644 2459 679 2522 in
701 2456 805 2523 herba
822 2465 881 2535 est,
904 2456 944 2522 ab
966 2460 1086 2542 impor-
1138 2457 1212 2521 nuit
1233 2457 1332 2521 etiam
1354 2477 1454 2541 super
1476 2457 1617 2541 angelos,
1646 2465 1679 2522 et
1699 2459 1937 2543 primogenitus
1956 2462 2110 2528 fuitum-

115 2547 202 2611 tunis
231 2545 418 2611 hominibus
445 2545 580 2608 turbari.
631 2541 706 2623 Quo
732 2541 839 2626 magis
868 2542 1016 2609 deflenda
1038 2551 1087 2609 est
1138 2543 1190 2606 nis
1218 2549 1388 2608 creaturae
1416 2542 1550 2626 (Ephes.
1573 2546 1655 2623 1,2;
1677 2542 1747 2609 001.
1771 2547 1797 2622 1,
1818 2547 1856 2609 15
1876 2568 1920 2628 sq.
1943 2556 1977 2611 et
1995 2551 2023 2628 2,
2047 2551 2109 2631 10).

117 2651 205 2695 more
230 2631 341 2695 eximii
365 2631 439 2706 viri,
461 2630 503 2694 D.
526 2629 639 2694 Ioaun.
664 2628 820 2705 aheneo,
842 2649 939 2711 quem
960 2629 1087 2712 experti
1137 2625 1235 2693 Unde
1257 2627 1440 2712 colligimus
1462 2649 1528 2693 non
1549 2628 1646 2694 modo
1667 2630 1844 2712 postAdae
1865 2631 1994 2715 lapsum
2016 2635 2110 2719 fungi

115 2717 193 2783 estis
222 2723 393 2782 strenuum
415 2715 541 2780 Ohristi
562 2715 735 2792 athletam,
764 2721 798 2779 et
818 2714 876 2797 qui
905 2721 973 2778 toto
999 2715 1087 2780 vitae
1138 2715 1281 2796 coepisse
1307 2713 1496 2779 mediatoris
1526 2715 1647 2793 officio,
1679 2715 1736 2780 sed
1764 2723 1925 2800 quatenus
1957 2726 2110 2785 aeternus

115 2821 223 2879 cursu,
245 2810 284 2866 ut
303 2809 375 2867 erat
395 2822 462 2866 non
483 2800 675 2884 vulgaribus
697 2798 790 2865 donis
813 2800 1000 2879 instructus,
1028 2821 1087 2883 pro
1138 2799 1203 2864 Dei
1232 2819 1338 2863 sermo
1367 2806 1432 2876 est,
1460 2801 1530 2865 eius
1559 2801 1665 2884 gratia
1696 2803 1886 2868 coniunctos
1913 2804 2013 2869 fuisse
2034 2806 2110 2871 Deo

114 2907 173 2953 sna
192 2887 282 2953 virili
304 2907 370 2952 non
391 2889 501 2952 minus
520 2888 721 2951 fructuosam
740 2906 839 2966 quam
850 2884 963 2949 utilem
985 2885 1087 2951 eecle-
1138 2892 1208 2949 tam
1228 2883 1361 2969 angelos
1389 2905 1487 2968 quam
1515 2885 1680 2963 homines,
1708 2894 1746 2950 ut
1772 2888 1893 2971 integri
1914 2897 2108 2971 perstarent

316 2065 470 2132 fratribus
493 2066 587 2132 nobis
608 2062 827 2130 observandis.
846 2064 868 2144 ¹)

113 2975 181 3039 siae
203 2993 338 3056 operam
359 2971 528 3055 impendit
573 2970 641 3036 Sed
658 2971 831 3048 Dominus,
853 2971 910 3052 qui
932 2981 1001 3036 tam
1013 2971 1087 3036 utili
1139 2968 1251 3051 Quare
1280 2971 1395 3035 inscite
1423 2992 1464 3035 ex
1497 2971 1685 3036 mediatoris
1717 2972 1812 3036 titulo
1845 2974 1985 3039 infertur
2017 2986 2109 3058 patre

111 3057 260 3126 subsidio
281 3079 339 3124 vor
360 3058 514 3140 privarit,
537 3056 618 3121 alias
635 3057 778 3121 rationes
800 3055 899 3121 habet
918 3056 955 3119 in
976 3077 1085 3135 manu,
1139 3076 1211 3121 esse
1232 3057 1405 3120 minorem:
1430 3055 1558 3139 quando
1579 3056 1660 3122 haec
1681 3058 1802 3139 optime
1829 3059 1916 3124 inter
1936 3081 1971 3124 se
1993 3061 2110 3126 cohae-

109 3145 232 3229 quibus
249 3151 284 3209 et
304 3164 419 3208 sanam
441 3143 622 3208 doctrinam
643 3152 676 3207 et
698 3142 859 3207 sincerum
870 3143 1001 3224 pietatis
1018 3142 1086 3207 cul·
1138 3149 1227 3220 rent,
1250 3142 1458 3225 unigenitum
1478 3142 1544 3207 Dei
1564 3142 1668 3207 filium
1694 3143 1835 3208 eundem
1861 3147 2011 3210 etunius
2033 3167 2110 3212 cum

106 3238 186 3296 tum
220 3237 253 3294 et
284 3250 425 3312 regnum
457 3228 518 3293 filii
551 3228 602 3293 sui
634 3234 668 3292 et
693 3228 834 3292 nominis
867 3228 917 3292 rui
950 3227 1087 3312 gloriam
1112 3267 1115 3429 ἡ
1138 3234 1231 3310 patre
1252 3227 1411 3292 essentiae
1432 3227 1533 3292 lusisse
1555 3228 1674 3304 Deum,
1704 3240 1737 3293 et
1758 3240 1868 3293 tamen
1890 3231 1989 3296 fuisse
2015 3234 2130 3314 quasi

104 3321 257 3394 tueatur,
280 3336 340 3381 uec
361 3335 507 3397 unquam
528 3334 589 3397 ope
607 3334 667 3378 sua
687 3332 746 3379 vos
768 3311 922 3378 destituet
933 3313 1089 3396 quamdiu
1138 3311 1284 3377 medium
1301 3313 1387 3376 inter
1408 3310 1518 3377 Deum
1544 3320 1578 3378 et
1600 3320 1781 3386 creaturas,
1810 3324 1848 3378 ut
1870 3314 1911 3379 ab
1936 3317 2007 3398 ipso
2029 3318 2107 3397 vita,

101 3403 174 3468 sub
197 3420 292 3467 sacro
314 3399 438 3465 Ohristi
467 3400 588 3465 vexillo
614 3397 809 3463 militabitis:
843 3420 902 3464 nec
930 3419 990 3464 vos
1011 3399 1088 3463 ullis
1139 3416 1222 3479 quae
1243 3397 1363 3479 alioqui
1383 3405 1455 3462 erat
1475 3398 1510 3461 in
1531 3398 1603 3463 Deo
1621 3397 1818 3476 abscondita,
1841 3399 2007 3466 deflueret.
2042 3405 2109 3467 Ds-

100 3486 348 3554 certaminibus
379 3505 524 3568 unquam
553 3484 731 3561 exercebit,
766 3485 847 3566 quin
871 3484 960 3549 vires
988 3486 1087 3549 etiam
1130 3480 1214 3565 ¹inde
1236 3481 1395 3561 addimus,
1418 3484 1568 3565 quamvis
1585 3495 1660 3567 post
1681 3485 1910 3550 alienationem
1931 3486 2110 3554 hominisa

98 3573 153 3641 ad
178 3571 391 3637 obtinendam
411 3572 583 3637 victoriam
604 3568 798 3654 suppeditet.
1139 3570 1211 3633 Deo
1238 3567 1513 3651 praedestinatur,
1541 3577 1575 3634 et
1602 3570 1734 3635 tandem
1765 3570 1931 3637 exhibitus
1959 3575 2023 3637 fuit
2043 3574 2107 3639 alio

201 3656 306 3723 Ouiua
328 3657 453 3741 gratiae
475 3677 543 3720 nou
560 3657 734 3722 obscurum
746 3655 911 3737 specimen
929 3654 1087 3734 exhibuit,
1139 3652 1234 3718 modo
1255 3652 1431 3732 mediator,
1459 3676 1577 3738 nempe
1604 3657 1659 3738 qui
1681 3655 1845 3739 perditum
1868 3678 1972 3740 genus
1994 3658 2109 3724 huma-

96 3744 193 3811 dum
218 3742 260 3807 ad
277 3740 486 3807 refutandum
504 3741 659 3808 Stancari
681 3761 824 3806 errorem
847 3762 904 3806 vor
922 3751 955 3805 et
972 3742 1099 3824 spiritu
1138 3761 1219 3804 num
1241 3746 1372 3823 peccata
1393 3739 1555 3822 expiando
1582 3743 1616 3806 in
1643 3741 1745 3806 vitam
1768 3743 1969 3821 restitueret,
1997 3752 2110 3810 tamen

94 3828 309 3913 prudentiae
331 3828 467 3908 direxit,
495 3835 528 3892 et
555 3827 694 3892 armavit
722 3848 782 3892 aua
809 3826 946 3905 virtute,
974 3835 1009 3892 et
1033 3827 1087 3910 pio
1139 3828 1174 3889 in
1200 3825 1262 3891 hac
1289 3825 1477 3891 mediatoris
1510 3847 1649 3909 persona
1677 3847 1743 3891 non
1775 3827 1885 3891 minus
1917 3831 2109 3913 angelorum

92 3935 276 3982 consensu
298 3914 397 3978 simul
418 3914 597 3980 coniunxit
647 3912 710 3977 Est
730 3912 818 3976 enim
840 3911 921 3977 illud
942 3932 1009 3976 non
1031 3912 1087 3977 ab·
1139 3930 1329 3994 essequam
1351 3911 1653 3996 hominumcaput:
1682 3913 1777 3977 sicuti
1799 3912 1951 3996 colligere
1973 3914 2048 3981 licet
2067 3938 2108 3983 ex

90 3999 253 4067 surdum
273 3998 378 4078 modo,
401 3998 459 4065 sed
481 3997 614 4065 exitiale
631 4005 860 4075 commentum,
883 4017 946 4079 quo
968 3997 1087 4063 virille
1138 3998 1245 4079 primo
1266 3996 1307 4060 ad
1328 3995 1539 4063 Oolossenses
1561 3998 1674 4081 capite,
1698 3998 1782 4079 quod
1805 4000 1840 4061 in
1868 3999 1969 4063 solam
1994 4002 2110 4067 huma-

91 4087 203 4154 fastu
226 4083 379 4169 turgidus
406 4092 440 4149 et
467 4086 620 4150 novitatis
647 4083 785 4146 nimium
814 4082 953 4165 cupidus
975 4082 1086 4147 ortho·
1138 4102 1216 4147 nam
1237 4092 1391 4147 naturam
1411 4083 1546 4147 minime
1567 4090 1771 4165 competeret.
1812 4083 1913 4149 >Unde
1929 4086 2037 4168 palam
2060 4091 2108 4168 fit,

92 4171 223 4239 doxae
246 4176 319 4249 [pag.
341 4175 414 4249 102]
437 4170 513 4235 fidei
542 4168 703 4252 principia
731 4167 924 4233 labefactare
951 4177 1087 4234 conatus
1137 4169 1284 4250 quisquis
1305 4176 1405 4252 negat
1426 4167 1609 4233 divinitatis
1633 4174 1706 4250 [pag.
1722 4174 1795 4248 103]
1816 4184 1966 4251 respectu
1984 4174 2108 4237 media-

87 4267 170 4326 esa
202 4255 551 4333 Dolendumsaneest,
569 4254 843 4337 qnodhominem‚
867 4252 922 4335 qui
933 4253 1087 4337 prodesse
1137 4264 1244 4318 torem
1265 4274 1345 4331 osse,
1369 4255 1511 4318 eximere
1534 4254 1575 4318 ab
1597 4254 1666 4319 eius
1687 4256 1824 4336 imperio
1846 4258 1987 4339 angelos,
2011 4266 2108 4340 atque

88 4343 236 4425 alioqui
256 4349 394 4425 poterat,
416 4349 522 4406 mater
543 4341 725 4405 haereseon
747 4339 880 4403 ambitio
902 4339 943 4404 ad
965 4361 1086 4406 nocen-
1137 4339 1184 4403 ita
1205 4360 1246 4403 ex
1268 4359 1397 4403 summa
1417 4340 1676 4417 eiusmaiestata,
1698 4361 1806 4405 coram
1829 4361 1893 4423 qua
1909 4343 1995 4407 flecti
2012 4364 2108 4426 opor·

87 4427 195 4495 dum
217 4427 356 4509 impulit.
402 4427 494 4492 Adeo
515 4428 602 4491 enim
621 4425 756 4491 fmvolae
773 4434 852 4489 suut
872 4446 953 4507 quas
974 4427 1086 4491 obten-
1138 4431 1186 4487 tet
1215 4444 1311 4490 omno
1333 4445 1421 4508 genu
1448 4434 1516 4488 tam
1548 4425 1735 4490 coelestium
1769 4447 1866 4508 quam
1899 4430 2106 4494 terrestrium

85 4510 161 4581 dit
189 4513 348 4592 rationes,
381 4521 421 4578 ut
453 4513 532 4578 satis
565 4518 720 4595 appareat
752 4510 836 4575 nihil
868 4510 956 4574 aliud
987 4532 1086 4594 quam
1138 4508 1288 4595 (Phila,
1313 4509 1375 4595 10),
1398 4510 1578 4575 detrahere.
1628 4511 1703 4575 Etsi
1731 4513 1818 4575 enim
1847 4511 1960 4577 datum
1988 4514 2018 4578 ei
2044 4517 2107 4580 fuit

86 4600 202 4667 acuti
223 4599 346 4682 ingenii
377 4600 497 4663 famam
524 4596 563 4662 ab
592 4597 665 4662 aliis
687 4594 908 4662 dissentiendo
928 4608 1083 4680 captasse.
1137 4596 1275 4661 sublime
1295 4595 1377 4660 illud
1398 4615 1518 4660 nomen
1539 4596 1576 4660 in
1597 4616 1636 4661 ca
1657 4617 1755 4662 carne
1774 4599 1810 4661 in
1831 4618 1898 4680 qua
1920 4599 2107 4667 exinanitus

1136 4682 1251 4757 fuerat,
1273 4678 1364 4745 haud
1385 4681 1482 4746 dubie
1503 4688 1615 4746 tamen
1635 4690 1737 4747 totam
1754 4703 1926 4765 pomonam
1948 4686 2107 4767 complec-

92 4791 320 4815 ν--ὴ
1138 4767 1219 4830 titur
1240 4766 1376 4832 Paulus:
1403 4766 1481 4849 quia
1509 4767 1538 4832 si
1558 4766 1722 4832 humanae
1743 4775 1872 4865 tantum
1896 4778 2032 4834 naturae
2054 4793 2105 4838 re-

100 4905 213 5031 ,gg
233 4903 336 5028 {cm
359 4906 446 5027 ιιι
461 4903 944 5028 gaggvgpggcgug
958 4902 1088 4958 aaa.
1137 4852 1854 5021 tpffglltttderdl'lttlttlt
1872 4853 2107 5011 ltl‘tlll

184 5043 214 5110 1)
230 4977 312 5097 llo'el
326 4974 472 5111 &abab
490 4976 616 5096 alcala
634 5013 693 5096 edd.
754 5014 761 5028 ⁰
831 4973 875 5043 'f'
945 5011 951 5025 ’
1136 5044 1210 5107 ego,
1238 5022 1318 5089 dicit
1338 5023 1475 5104 Iehora,
1507 5045 1575 5090 non
1605 5022 1686 5089 dabo
1711 5022 1849 5105 gloriam
1877 5043 1985 5088 meam
2011 5028 2108 5098 altari

220 5127 331 5184 celuim
344 5143 437 5197 opero.
475 5127 532 5183 Vol.
549 5126 603 5182 IX.
1865 5122 1901 5177 ᾖ
