4620 5828
134 240 197 305 ula
912 245 1102 314 oriamur
1122 249 1174 315 IN
1195 249 1359 319 COENA.
2067 264 2130 325 514

134 427 250 492 ultima
271 427 312 493 ad
335 430 566 514 Wcstphalum
586 429 804 500 admonitione
826 437 1006 521 reperient:
1029 438 1106 521 quia
1157 440 1270 521 quaeri
1298 442 1382 524 tropi
1419 439 1607 507 remedium.
1654 441 1756 523 Quasi
1791 465 1868 510 vero
1895 445 2133 515 absurditatum

133 514 168 578 in
190 517 374 596 praesentia
395 519 474 581 satie
496 528 546 582 est
567 518 668 604 digito
689 530 886 588 monstrasse
908 544 991 606 quas
1002 523 1107 588 diluat
1157 526 1265 590 carnis
1286 547 1384 591 sensu
1405 527 1498 592 nobis
1521 529 1629 593 metiri
1640 530 1839 611 propositum
1857 530 1909 610 sit,
1931 531 1984 596 vel
1996 532 2130 618 Αιιςιιε-

135 603 328 669 abiectiones
340 602 536 670 Heshusius.
566 605 681 689 Neque
703 621 813 672 tamen
828 609 1104 692 praetereundum
1157 612 1226 675 tino
1253 613 1358 678 buerit.
1403 611 1494 692 Quin
1521 615 1631 696 potius
1659 623 1818 681 testamur
1851 626 2041 682 reverenter
2068 641 2128 686 noe

135 696 193 766 est,
216 710 300 772 quae
323 711 408 755 nunc
431 691 510 754 satis
533 711 694 774 superque
717 693 757 757 ad
786 694 994 759 refutandam
1017 695 1105 759 Hes·
1157 697 1308 779 amplecti
1330 697 1416 780 qued
1439 698 1590 781 repudiat
1612 699 1756 765 humana
1778 705 1869 766 ratio.
1908 704 2050 768 Tantum
2071 703 2127 769 ab·

135 774 220 840 husii
243 776 456 841 subtilitatem
478 777 674 855 sufficerent,
695 779 729 843 in
752 780 889 845 articulo
912 784 961 844 23.
992 789 1105 846 eontra
1156 783 1333 848 surditates
1354 785 1514 866 fugimus,
1548 785 1704 868 aquibus
1732 785 1886 851 abhorret
1914 808 2030 854 sensus
2057 791 2128 872 ipse

135 861 435 948 Magdeburgensee
456 884 531 926 eum
551 863 678 947 legisse,
701 886 738 930 ae
759 866 864 930 instar
884 867 973 950 porci
998 877 1103 930 rostro
1156 870 1288 951 pietatis
1308 876 1342 933 et
1362 869 1447 935 fidei.
1493 870 1672 935 Liberalem
1700 892 1832 936 sensum
1858 873 1892 937 in
1921 872 1974 940 hie
2000 875 2124 941 verbisz

136 969 193 1012 suo
222 957 384 1024 evertere,
415 971 452 1014 ac
479 951 506 1014 si
534 950 617 1014 nihil
647 972 790 1033 unquam
820 952 977 1034 scriptum
1009 961 1101 1017 asset.
1155 955 1228 1019 Hoc
1250 965 1298 1020 est
1318 976 1434 1038 eorpus
1456 976 1576 1033 meum,
1598 977 1756 1040 negamus
1774 956 1851 1021 fidei
1869 958 2028 1043 analogon
2041 981 2126 1027 esse:

220 1033 380 1117 Sequitur
413 1036 530 1119 quinta
567 1036 718 1113 obiectio,
752 1039 784 1101 in
813 1060 878 1118 qua
900 1040 946 1103 sic
969 1059 1029 1102 nos
1056 1037 1103 1101 lo·
1156 1047 1189 1104 et
1211 1041 1306 1105 simul
1335 1042 1510 1107 menemus
1539 1064 1558 1106 a
1584 1043 1747 1112 communi
1776 1043 1956 1132 scripturae
1986 1067 2048 1110 usu
2076 1069 2125 1111 re·

136 1131 273 1205 quantes
301 1120 439 1187 inducit:
479 1122 520 1185 In
549 1121 610 1187 hue
639 1123 763 1204 phrasi:
797 1123 870 1188 Hoc
905 1134 955 1188 cat
987 1145 1104 1206 corpus
1155 1137 1296 1204 motum,
1345 1129 1472 1209 quoties
1521 1127 1561 1191 de
1598 1129 1809 1193 sacramentis
1852 1131 1968 1213 agitur.
2031 1130 2128 1198 Hane

136 1230 260 1287 meum,
296 1206 337 1272 ad
365 1222 494 1290 tropum
523 1230 593 1273 esse
615 1209 883 1292 confugiendum:
917 1210 1002 1274 sicut
1030 1210 1103 1274 illae
1156 1222 1299 1277 nostram
1322 1213 1518 1278 sententiam
1540 1235 1598 1279 cur
1621 1214 1722 1278 refelli
1745 1213 1831 1279 dicat
1851 1214 2128 1282 Heshusiusnovi

136 1294 284 1378 phrases:
314 1294 527 1359 Circumcisio
557 1307 607 1359 est
632 1294 759 1372 foedus,
788 1317 893 1380 agnus
921 1306 970 1360 est
992 1294 1103 1379 pesah,
1156 1300 1343 1363 testamenti
1364 1299 1504 1375 nomine,
1528 1299 1630 1363 nihilo
1653 1300 1756 1364 maior
1777 1301 1860 1363 ratio
1882 1308 1945 1377 est,
1973 1323 2072 1384 quam
2100 1302 2129 1367 si

135 1388 228 1463 petra
262 1388 332 1444 erat
364 1380 534 1457 Christus,
575 1382 647 1446 sine
681 1381 779 1463 tropi,
811 1382 1023 1464 metaphorae
1050 1380 1103 1445 vel
1157 1392 1293 1468 negaret
1321 1386 1537 1468 metonymice
1570 1383 1720 1467 spiritum
1748 1394 1897 1450 sanctum
1932 1389 2041 1452 vocari
2073 1407 2127 1452 eo·

136 1466 354 1552 metonymian
388 1465 542 1530 beneficio
579 1467 735 1550 explicari
775 1475 947 1548 nequeant.
1004 1468 1105 1531 Forte
1156 1469 1310 1534 lumbam.
1343 1471 1442 1535 Falso
1464 1472 1605 1534 etiamst
1626 1471 1829 1553 nugatorie¹)
1852 1471 2003 1535 iniuriam
2022 1472 2127 1538 Paulo

136 1573 207 1616 eum
238 1552 306 1617 suis
334 1552 602 1617 comessatoribus
634 1552 739 1635 lepide
767 1554 828 1618 sibi
851 1554 941 1618 visus
964 1565 1014 1617 cst
1030 1574 1105 1636 gar·
1157 1557 1229 1621 lieri
1261 1556 1354 1632 dicit,
1395 1556 1485 1638 quasi
1518 1557 1589 1621 cius
1622 1556 1870 1638 explicationem
1904 1558 2126 1622 reiiceremus:

136 1640 216 1702 rire:
240 1638 327 1721 apud
349 1639 417 1719 pios
437 1660 550 1702 omnes
573 1650 605 1703 et
627 1660 723 1704 sanos
746 1639 882 1721 adeptus
909 1649 959 1703 eat¹
986 1659 1104 1703 nomen
1157 1642 1259 1706 Panis
1280 1651 1330 1707 est
1350 1642 1599 1707 communicatio
1617 1642 1774 1723 corporis:
1794 1639 1923 1722 quando
1941 1643 2021 1708 haee
2040 1663 2126 1706 com·

136 1724 269 1802 aalsarii,
291 1723 420 1806 quando
446 1725 480 1787 in
509 1725 638 1807 scriptis
667 1727 786 1790 nostris
814 1745 879 1787 oon
904 1727 1107 1807 reperientur
1158 1728 1335 1793 municatio
1366 1749 1526 1809 nusquam
1565 1727 1757 1809 locupletius
1796 1749 1892 1808 quum
1929 1728 1964 1790 in
1998 1729 2128 1812 script-is

136 1809 343 1893 talesnugae.
377 1809 578 1892 Simpliciter
597 1811 743 1886 dicimus,
763 1811 817 1875 ubi
837 1810 876 1874 de
894 1809 1107 1876 sacramentis
1159 1815 1277 1877 nostris
1306 1813 1498 1877 illustratur.
1543 1811 1638 1894 Quae
1672 1812 1711 1876 de
1745 1813 1913 1876 rhetorum
1945 1814 2127 1896 praeceptis

135 1895 260 1978 agitur,
289 1903 416 1959 certum
440 1905 472 1959 et
500 1897 696 1980 peculiarem
725 1895 877 1979 loquendi
908 1896 1041 1959 modum
1064 1917 1105 1958 cx
1157 1900 1268 1976 affert,
1295 1898 1473 1964 ostendunt
1502 1920 1576 1962 eum
1611 1918 1778 1979 nunquam
1811 1896 1997 1963 rudimenta
2029 1900 2128 1965 ullius

133 1990 293 2064 perpetuo
314 1983 495 2063 scripturae
518 2004 578 2047 usu
602 1982 778 2048 tenendum
801 2002 882 2046 csse.
927 1982 992 2048 Hic
1014 1980 1106 2044 nulle
1157 1985 1302 2050 liberalis
1323 1983 1489 2050 doetrinae
1512 1993 1668 2067 gustasse.
1712 1984 1837 2047 Verum
1867 2005 1908 2047 ue
1936 1985 2005 2050 eius
2024 1986 2129 2067 ¹inep-¹

134 2069 257 2150 effugio
285 2067 336 2132 vel
370 2069 455 2150 tropi
487 2069 643 2132 beneficio
677 2068 849 2132 elabimur:
885 2068 942 2133 sed
975 2077 1105 2131 tantum
1158 2072 1218 2134 tias
1236 2070 1394 2135 imitando
1416 2070 1477 2134 sim
1505 2068 1677 2153 ridiculus,
1707 2077 1836 2132 tantum
1865 2069 1949 2150 quod
1979 2069 2128 2154 theologo

134 2155 329 2236 proferimus
351 2153 436 2235 quod
458 2154 608 2218 omnibus
631 2169 744 2217 netum
767 2165 862 2231 esset,
890 2154 954 2217 nisi
985 2153 1105 2216 bestiae
1157 2154 1293 2240 dignum
1326 2167 1375 2221 est
1403 2155 1596 2239 respondeo:
1627 2155 1775 2236 quamvis
1810 2153 1956 2235 loquutio
1988 2157 2128 2239 figurata

132 2243 216 2304 istae
238 2239 341 2304 solem
360 2238 618 2303 obtenebrescat.
664 2241 737 2303 Hoc
759 2245 832 2318 [pag.
857 2246 910 2316 se]
940 2261 1017 2322 ergo
1047 2259 1105 2302 nos
1158 2244 1266 2306 minus
1289 2252 1401 2325 aperta
1434 2242 1485 2319 sit,
1520 2241 1757 2324 significantius
1787 2248 1896 2302 tamen
1925 2251 1957 2303 et
1986 2241 2128 2324 splendi-

133 2325 332 2407 principium
360 2336 470 2388 tenere
497 2327 613 2401 fateor,
651 2327 682 2388 in
712 2328 873 2408 scriptura
900 2344 1104 2388 communem
1158 2330 1230 2393 dius
1258 2329 1440 2410 exprimere
1468 2326 1555 2408 quod
1585 2326 1776 2407 simpliciter
1802 2333 1834 2388 et
1868 2326 1988 2408 absque
2024 2328 2129 2410 figura

133 2412 284 2475 comibus
307 2411 519 2475 sacramentis
546 2412 697 2491 loquendi
726 2413 879 2476 formam:
903 2418 937 2474 et
958 2409 1106 2493 quamvis
1157 2415 1279 2480 dietum
1301 2415 1409 2478 minus
1432 2412 1568 2478 haberet
1585 2412 1745 2476 efficaciae
1767 2420 1801 2474 et
1822 2421 1966 2475 ornatus.
2012 2411 2128 2493 Itaque

134 2497 311 2578 unicuique
342 2505 545 2561 sacramento
579 2497 700 2579 aliquid
734 2498 901 2581 proprium
930 2496 974 2562 sit
1000 2504 1032 2560 et
1065 2493 1105 2558 ab
1156 2505 1282 2586 figurae
1304 2506 1464 2564 vocantur
1484 2499 1640 2562 orationis
1662 2496 1799 2561 lumina:
1824 2519 1887 2561 nou
1906 2494 1991 2578 quod
2002 2497 2129 2563 facilius

133 2583 206 2646 aliie
235 2592 430 2664 separatum,
459 2584 492 2646 in
516 2583 666 2648 omnibus
690 2595 799 2648 tamen
822 2584 933 2648 valere
955 2591 1105 2664 metony-
1157 2611 1227 2654 rem
1245 2586 1411 2651 declarant
1432 2604 1528 2666 quam
1552 2582 1659 2647 nudus
1687 2591 1720 2646 et
1748 2583 1893 2664 vulgaris
1922 2603 2043 2656 sermo,
2072 2581 2133 2647 scd.

134 2669 244 2746 miam,
267 2689 349 2750 (1⁰³0
367 2669 413 2731 Γθὶ
432 2670 577 2753 signatae
601 2692 720 2734 nomen
742 2668 783 2732 ad
797 2670 926 2752 Signum
940 2668 1105 2732 transferi·
1157 2676 1232 2757 quia
1255 2672 1469 2738 attentionem
1491 2668 1666 2734 conciliant
1687 2669 1858 2751 elegantia,
1894 2674 1927 2730 ct
1955 2667 2131 2750 splendore

134 2755 343 2836 Respondeat
366 2775 451 2819 nilne
475 2755 671 2820 Hoehusius.
699 2755 811 2819 Verba
824 2757 895 2819 eius
915 2763 1006 2818 sunt:
1031 2753 1105 2815 Non
1157 2757 1424 2843 expergefaciens
1446 2767 1581 2832 mentes,
1604 2754 1742 2835 vivaque
1765 2751 1979 2818 similitudine
2000 2774 2131 2835 reprae.

134 2842 229 2905 facile
263 2840 435 2905 admittere
471 2850 601 2923 tropum
634 2842 741 2906 inesse
773 2841 825 2904 his
850 2838 977 2904 verbis:
1005 2840 1106 2903 Petra
1158 2853 1289 2912 sentent
1311 2842 1396 2925 qued
1419 2839 1551 2915 dieitur,
1581 2861 1643 2921 quo
1672 2838 1789 2902 melius
1818 2847 1968 2920 penetret
1995 2839 2029 2902 jn
2059 2841 2130 2904 ani.

135 2934 205 2992 crat
241 2926 410 2992 Christus:
446 2925 503 2990 sed
536 2936 643 2990 tamen
678 2949 736 3010 pro
764 2948 824 2991 sua
858 2925 1012 2990 facilitate
1044 2924 1106 2988 hoc
1158 2952 1237 2997 mes,
1289 2928 1419 3009 Quaero
1453 2927 1541 2990 enim
1573 2926 1614 2989 ab
1648 2924 1830 2996 Heshusio,
1865 2944 1905 2985 an
1938 2924 1974 2987 iu
2006 2923 2128 2989 Christi

136 3014 230 3079 nobis
257 3012 378 3095 largiri.
424 3014 485 3079 Ubi
515 3013 656 3076 notanda
684 3020 733 3077 est
759 3012 936 3077 lectoribus
966 3010 1107 3074 difficilis
1159 3018 1321 3093 censione,
1345 3019 1418 3092 [pag.
1438 3018 1492 3091 aa]
1513 3033 1594 3094 quac
1613 3010 1734 3092 legitur
1757 3014 1784 3072 6.
1799 3008 2131 3090 cap.Ioannis,nulla

137 3102 205 3165 eius
228 3098 376 3164 facilitas.
412 3099 479 3164 Sed
502 3097 663 3182 quomodo
675 3097 808 3180 negabit
830 3118 942 3179 rupem
966 3097 1108 3179 figurate
1159 3107 1201 3169 sit
1222 3105 1338 3186 figere„
1384 3099 1491 3175 Certe,
1514 3097 1596 3161 velit
1616 3096 1713 3171 nolit,
1741 3095 1835 3158 fateri
1865 3104 2000 3176 cogetur
2026 3103 2129 3159 meta.

136 3187 245 3252 vocari
267 3183 459 3248 Christum?
510 3185 673 3250 Haeccine
702 3186 770 3248 eius
803 3204 932 3247 summa
965 3189 1014 3245 est
1041 3182 1105 3245 lar·
1158 3190 1290 3273 phorioe
1307 3188 1369 3252 hoc
1397 3205 1467 3250 esse
1494 3182 1630 3247 dietum:
1665 3181 1736 3244 Nisi
1767 3177 1970 3243 comederitis
1997 3199 2131 3249 carnem

136 3274 223 3356 gitio,
252 3272 343 3336 uobis
364 3272 548 3349 concedere,
571 3270 754 3348 Christum,
777 3270 907 3352 PPOPlie
934 3267 1104 3348 loquendo,
1158 3276 1217 3340 filii
1239 3272 1396 3350 hominis,
1427 3279 1459 3334 et
1487 3268 1632 3333 biberitis
1659 3267 1729 3330 eius
1756 3265 1958 3348 sanguinem.
2003 3263 2130 3328 Vident

137 3353 1104 3440 1101]fuiflssfllapidem‚0xqu⁰a¹lssaissd0⁸0ri⁰flu⁰bttt?
1160 3370 1268 3426 tamen
1299 3379 1415 3421 omnes
1445 3355 1591 3436 apertius
1616 3373 1687 3415 csse
1723 3349 1807 3432 quod
1845 3350 1986 3431 intelligi
2026 3349 2129 3414 voluit

136 3441 1106 3529 Progredicurlongiua‚etnegecindeeoesequi,.01nnes
1160 3448 1327 3512 chastes:
1356 3444 1481 3506 animas
1511 3450 1639 3504 nostres
1667 3436 1827 3520 spirtuali
1854 3439 1961 3500 carnis
1993 3446 2026 3497 et
2042 3456 2129 3532 ‘ean-

138 3532 211 3596 fidei
241 3529 393 3596 articulos
420 3531 542 3612 tropice
574 3552 645 3595 esse
673 3529 883 3594 enarrandos.
935 3528 1036 3608 Atqui
1066 3527 1105 3590 de
1159 3532 1268 3616 guinis
1300 3530 1369 3594 eius
1403 3526 1648 3610 participatione
1680 3523 1721 3587 ali
1751 3524 1782 3584 in
1812 3519 1983 3617 coelestem
2017 3529 2130 3585 mtam.

140 3617 347 3683 sacramentis
382 3624 452 3680 erat
482 3618 635 3696 quaestio.
681 3617 745 3680 Ubi
773 3623 874 3679 totam
908 3614 1104 3695 scripturam
1159 3620 1212 3682 En
1241 3639 1298 3682 cur
1331 3614 1372 3678 de
1403 3634 1455 3677 me
1487 3613 1660 3694 magnifice
1693 3608 1886 3687 triumphet:
1920 3627 1995 3685 qma
2011 3628 2126 3703 ¹quum

139 3704 296 3769 evolverit
317 3703 390 3784 pius
414 3710 446 3766 et
467 3701 607 3783 diligens
620 3703 729 3780 laetor,
743 3703 882 3784 reperiet
893 3700 1106 3765 sacramentis
1158 3705 1303 3771 viderem
1327 3701 1501 3767 crassiores
1519 3698 1656 3760 aliorum
1679 3692 1813 3758 insidias
1843 3690 1981 3788 liutheri
2009 3691 2127 3756 iudicio

138 3812 264 3873 semper
285 3791 392 3854 inesse
414 3788 498 3871 quod
522 3788 676 3854 dicimus:
697 3809 814 3870 nempe
836 3789 930 3871 signo
943 3786 1041 3849 tribui
1060 3785 1107 3849 rei
1160 3791 1303 3855 detectas
1324 3808 1403 3861 csse,
1428 3783 1651 3866 metaphoram
1675 3801 1734 3862 pro
1757 3800 1829 3841 mea
1851 3789 1996 3843 versutia
2020 3777 2126 3860 seulp·

138 3881 283 3961 signatae
321 3898 449 3941 nomen.
505 3875 596 3939 Haec
635 3874 754 3938 dieitur
792 3876 932 3957 figurata
961 3872 1106 3953 loquutio
1159 3879 1266 3951 serim,
1290 3893 1372 3955 quae
1393 3881 1504 3935 tamen
1528 3865 1738 3931 nullomodo
1766 3862 1945 3931 cohaereat.
1972 3863 2128 3960 ¹Fatetur

137 3961 222 4046 apud
244 3963 487 4045 grammaticos:
524 3983 582 4026 nec
621 3959 779 4043 theologi,
808 3961 834 4024 si
874 3959 960 4041 loqui
995 3958 1105 4036 velint,
1159 3962 1288 4045 quidem
1310 3978 1430 4023 verum
1455 3977 1524 4020 esse
1553 3950 1636 4035 quod
1665 3950 1778 4047 doceo,
1808 3959 1882 4030 apte
1910 3949 2127 4047 scilieetusig·

137 4051 302 4113 invertant
331 4060 466 4112 naturae
494 4046 650 4111 ordinem.
697 4047 727 4109 A
753 4045 923 4127 *baptismo
952 4056 983 4107 et
1008 4063 1107 4107 coena
1159 4071 1238 4113 num
1258 4044 1414 4128 appellari
1425 4042 1471 4105 rei
1494 4041 1641 4123 signatae
1652 4057 1797 4132 nonnae:
1822 4033 1876 4131 sed
1892 4033 2126 4133 hieresdispa·

137 4158 233 4217 quam
251 4149 339 4199 reete
357 4132 541 4198 Heshusius
564 4132 743 4197 transvolet
764 4129 805 4195 ad
827 4153 939 4195 omnes
956 4128 1030 4194 fidei
1054 4150 1106 4191 ar·
1158 4147 1246 4198 ratae
1269 4130 1410 4195 mirabili
1431 4125 1583 4209 loquendi
1607 4122 1700 4186 modo
1723 4142 1885 4201 oonrrrngr.
1932 4117 2018 4218 Quid
2042 4120 2128 4184 dicat

137 4220 267 4299 ticulos,
301 4219 455 4284 iudicium
486 4219 557 4283 aliis
591 4218 754 4300 relinquo:
788 4237 828 4280 ex
858 4215 974 4298 quibus
1010 4235 1105 4278 neruo
1159 4219 1267 4284 audie:
1292 4216 1348 4282 sed
1371 4236 1434 4297 qua
1455 4212 1629 4277 autoritate
1653 4205 1788 4289 probat?
1822 4206 1935 4304 licque
1958 4226 2045 4302 eriam
2067 4227 2126 4268 nos

137 4328 204 4371 non
240 4305 365 4371 ridebit
401 4306 505 4369 instar
545 4306 617 4390 equi
653 4302 817 4367 desultorii
859 4302 965 4384 ipsum
1000 4312 1105 4365 cretae
1158 4315 1286 4369 tantum
1309 4300 1453 4383 despicit,
1476 4294 2123 4389 sedBrontiiquoquerriterpretatronom

135 4390 392 4458 transscendere.
436 4388 532 4471 Quod
554 4407 665 4455 eutem
692 4388 865 4471 respondet
892 4410 932 4451 ex
960 4387 1106 4470 singola-
1157 4412 1223 4456 non
1246 4390 1355 4453 minua
1376 4406 1488 4450 securo
1509 4402 1605 4465 quam
1628 4389 1775 4477 nostram
1798 4388 1929 4459 respuit.
1966 4373 2124 4456 Agedum,

134 4480 225 4543 ribus
247 4478 404 4561 exemplis
423 4500 486 4542 non
509 4477 623 4542 confici
647 4474 831 4558 generalem
854 4472 1105 4556 regulam,nihil
1157 4476 1307 4560 quemvis
1329 4470 1522 4556 persuadeat
1543 4489 1586 4544 se,
1614 4487 1711 4549 qnasi.
1729 4463 1869 4560 alterum
1891 4461 2124 4561 rythagorom,

134 4564 176 4630 ad
210 4585 294 4628 rem:
328 4565 404 4645 quia
431 4586 496 4628 non
526 4562 711 4644 exemplum
744 4559 874 4640 aliquod
902 4560 1104 4642 proferimus,
1157 4562 1332 4625 adolatores
1350 4576 1435 4623 esse:
1466 4551 1624 4637 quomodo
1647 4572 1762 4632 corpus
1791 4548 1913 4612 Christi
1943 4566 2016 4610 eum
2040 4565 2124 4624 pane

134 4650 193 4717 sed
214 4650 363 4735 regulam
384 4660 535 4716 tenemus
558 4647 770 4713 sacramentis
791 4646 942 4710 omnibus
959 4665 1104 4710 commu·
1157 4670 1258 4713 unum
1281 4666 1352 4710 esse
1368 4641 1463 4708 vult?
1508 4637 1713 4720 Respondet:
1737 4630 1895 4734 quomodo
1918 4633 2049 4696 flamma
2070 4648 2123 4728 ea-

133 4758 221 4816 nem,
244 4759 341 4819 quam
360 4732 484 4800 frustra
506 4735 687 4801 convellere
706 4733 828 4796 nititur.
863 4731 975 4795 Nihilo
986 4730 1103 4795 melius
1155 4734 1277 4817 pitibus
1306 4728 1523 4811 apostolorum
1557 4722 1702 4789 insidens
1736 4729 1869 4818 spiritus
1895 4722 2027 4780 sanctus
2054 4716 2124 4790 furt,

133 4823 174 4887 ab
198 4822 300 4886 altero
323 4820 407 4888 no'do
429 4845 464 4887 se
486 4821 625 4903 expedit.
660 4819 808 4884 Dicimus
821 4838 895 4882 cum
907 4817 1101 4899 aegusam,
1155 4832 1187 4885 et
1216 4814 1365 4884 columba
1397 4834 1478 4896 quae
1503 4810 1674 4892 Baptistae
1706 4818 1864 4904 apparuit.
1910 4800 2024 4901 ltaque
2053 4800 2124 4864 vult

132 4908 189 4974 ubi
212 4909 385 4972 manifesta
402 4908 543 4973 occurrit
565 4903 756 4980 absurditas,
779 4911 910 4987 tropum
938 4901 989 4966 vel
1018 4904 1102 4985 figu·
1155 4906 1310 4971 inusitato
1332 4899 1428 4965 modo
1448 4901 1561 4982 igneas
1589 4896 1720 4993 linguae
1749 4893 1848 4955 fuisse
1877 4896 2042 5034 spiritum:
2069 4907 2122 4950 ce·

132 5015 205 5059 ram
232 4996 267 5057 in
295 4994 484 5076 loquutione
520 4994 660 5056 subesse.
706 4989 895 5071 Respondet
919 4988 1003 5052 nihil
1031 5008 1102 5051 esse
1153 4991 1298 5057 lumbam
1327 5008 1453 5070 queque
1481 4984 1582 5049 fuisse
1617 4981 1773 5064 spiritum.
1820 4972 1885 5053 Qu
1944 4971 1996 5036 hie
2025 4971 2126 5055 longa

131 5078 306 5146 absurdius
329 5084 402 5159 [pag.
426 5083 479 5158 ss]
500 5078 637 5142 rationis
659 5075 784 5153 iudicio,
813 5095 909 5159 quam
937 5083 1004 5138 tres
1031 5093 1101 5138 esse
1170 5113 1328 5122 ff--w-

131 5165 326 5251 hypostases
347 5166 382 5230 in
404 5187 469 5230 una
490 5165 554 5230 Dei
572 5161 715 5228 essentia
739 5170 771 5225 ct
803 5168 914 5227 tamen
939 5159 1005 5225 illic
1033 5179 1100 5223 non
1220 5178 1249 5246 1)
1268 5193 1302 5232 en
1318 5176 1424 5230 bavent

239 5268 349 5324 oscae
363 5274 453 5338 eea.
494 5266 551 5321 vu.
571 5263 625 5318 rx.
1885 5243 1918 5296 ³³
