4748 5798
131 228 192 291 449
704 222 770 290 AD
787 221 1168 290 remeatremeat
1184 223 1548 294 LUGDUNENSEM.
2074 235 2139 300 tto

131 414 186 480 ubi
203 413 450 497 prudentissimi
459 414 580 498 quique
589 413 776 499 tyrannidis
797 422 929 480 restrae
948 411 1056 479 taedio
1070 411 1113 477 ad
1163 432 1280 479 versus
1302 412 1390 478 idola
1412 414 1590 482 invehitur.
1633 414 1743 500 Euge,
1765 416 1910 484 animose
1931 417 2054 568 {lorias
2075 417 2146 489 Dei

131 522 203 566 eam
225 501 467 583 reprimendam
490 499 632 584 digitum
660 499 795 565 tollent·
830 500 963 566 Interea
988 506 1022 563 te
1054 497 1113 564 ad·
1164 496 1295 577 vindex,
1329 498 1482 582 plausum
1508 499 1648 567 libenter
1675 501 1841 579 dabimus,
1869 503 2006 570 siiole
2025 507 2139 573 omnia

130 585 294 651 monitum
315 585 425 662 velim,
446 605 543 669 quem
565 584 842 670 chrysostomum
869 605 979 651 errore
1005 605 1110 662 voees,
1163 590 1361 666 prosternes.
1405 585 1473 652 Sed
1506 587 1617 654 firoum
1650 587 1730 653 feeit
1745 591 1771 672 ¹)
1805 588 1971 672 impostor.
2026 589 2137 657 Simul

131 693 233 740 unum
260 692 301 737 ex
329 670 590 738 seoramenteriis
614 693 695 749 esse,
722 672 825 756 quia
946 676 1045 754 negat
1076 671 1111 734 in
1163 670 1250 735 enim
1291 689 1329 736 ao
1372 670 1412 737 de
1455 670 1550 738 idolis
1594 672 1733 739 verbum
1781 673 1888 741 ledere
1939 675 2030 743 visus
2075 684 2135 758 est,

129 756 328 828 eucharistie
348 778 419 823 esse
440 757 566 824 Ohristi
588 777 717 840 eorpus,
739 757 797 823 sed
842 764 980 822 untexat
991 757 1025 821 in
1036 777 1110 840 my·
1161 775 1240 820 mox
1268 755 1432 840 allegoriis
1461 759 1652 843 perstringit
1681 759 1880 843 simplioium
1907 761 2027 828 oeulos.
2074 764 2138 829 At·

129 844 230 908 sterio
250 844 498 925 repraesentari.
663 892 666 901 .
1161 841 1228 923 qui,
1272 848 1355 908 teste
1392 844 1597 927 Augustino,
1640 845 1749 910 nullus
1791 852 1842 911 est
1884 845 2025 912 deterior
2067 849 2138 915 eul-

216 921 314 1010 Quod
336 929 504 995 teutatem
526 930 631 996 iaeere
652 922 808 1012 deplorat,
829 929 864 994 in
884 948 923 994 oo
941 926 1028 992 haud
1051 925 1111 992 du·
1162 934 1217 991 tue
1240 927 1509 1008 simulaororum,
1524 950 1623 1013 quam
1646 929 1723 995 dum
1745 930 1980 1013 phantasmate
2001 953 2061 999 sue
2083 954 2136 1002 oo-

125 1017 183 1084 bie
209 1014 366 1081 lameliois
390 1016 458 1082 suis
491 1014 684 1094 fraternalis,
701 1013 725 1099 ¹)
758 1015 813 1097 qui
847 1036 889 1079 ex
923 1011 1111 1096 quotidiana
1162 1010 1236 1077 lunt
1258 1011 1422 1091 homines,
1450 1022 1485 1079 et
1511 1014 1667 1099 quidquid
1695 1017 1804 1081 animo
1831 1025 1961 1082 errante
1981 1040 2058 1084 eum
2079 1042 2136 1087 su·

124 1103 306 1171 missarum
327 1099 564 1166 nundinatione
595 1101 760 1177 victitant,
789 1099 967 1184 gratifimri
996 1098 1108 1165 voluit
1162 1098 1276 1181 perbia
1298 1106 1332 1163 et
1352 1107 1481 1164 tumore
1503 1104 1578 1179 [pen
1603 1106 1658 1180 46]
1680 1101 1851 1186 eogitendo
1873 1103 2044 1188 imaginati
2065 1107 2137 1172 fue-

124 1187 258 1252 Verum
286 1191 324 1250 ut
353 1185 455 1250 elium
479 1186 657 1269 quemlibet
684 1186 797 1250 deeeat
824 1187 871 1251 sio
903 1184 1007 1268 loqui,
1033 1183 1111 1267 quid
1160 1194 1255 1269 runt,
1278 1184 1448 1268 religionis
1468 1187 1601 1251 nomine
1623 1185 1807 1255 observent
1859 1189 2009 1273 Agnosoo
2031 1199 2134 1258 oerte:

124 1274 242 1338 minus
261 1279 513 1337 eonsenteneum
533 1282 584 1338 ost
602 1292 700 1355 quam
732 1272 911 1336 immanem
939 1279 973 1336 et
994 1269 1111 1336 barba-
1163 1276 1261 1352 atque
1282 1269 1357 1335 ideo
1378 1277 1484 1336 totum
1505 1279 1672 1355 papatum,
1694 1275 1794 1339 etiam
1816 1274 1845 1339 si
1866 1275 1958 1339 nulla
1978 1274 2068 1358 apud
2077 1297 2136 1345 yos

121 1380 204 1424 rum
228 1356 404 1442 (lyelopem
427 1357 466 1423 de
487 1359 622 1423 ueritate
643 1356 745 1422 verba
762 1357 886 1423 farere:
910 1357 1003 1423 ouius
1024 1355 1112 1421 insa·
1163 1363 1271 1420 statua
1303 1356 1358 1420 vel
1393 1357 1523 1438 pistura
1547 1359 1725 1437 viseretur,
1755 1367 1910 1443 tanquam
1943 1359 2092 1427 lacunam
2106 1361 2135 1448 ²)

126 1443 237 1510 tiabili
259 1442 401 1508 auaritia
419 1452 454 1509 et
474 1445 598 1527 rapinis
625 1463 758 1526 prorsus
786 1464 822 1508 se
849 1441 1027 1509 exhaustos
1055 1441 1111 1506 de-
1162 1438 1257 1506 idolis
1278 1442 1433 1506 refertam
1454 1442 1598 1526 fugimus
1618 1452 1653 1508 et
1674 1442 1908 1511 abominamur.
1941 1444 2032 1527 Quid
2047 1449 2137 1513 enim

121 1527 299 1614 plorent²)
310 1529 421 1594 miseri
432 1531 555 1608 rustiei,
573 1529 629 1612 qui
640 1530 711 1594 eius
722 1529 854 1612 ungulis
865 1526 998 1593 obnoxii
1009 1528 1109 1593 sunt‘l
1162 1526 1229 1592 illie
1250 1535 1300 1592 est
1321 1527 1447 1626 religio,
1469 1548 1567 1611 quam
1590 1529 1630 1594 ad
1653 1529 1798 1596 humana
1814 1539 1997 1598 oommente
2017 1534 2137 1599 obbru-

121 1615 267 1681 Hebent
299 1615 388 1680 enim
420 1616 567 1682 eanonioi
599 1614 841 1698 Lugdunenses
880 1613 1002 1678 multos
1031 1634 1110 1678 suae
1162 1610 1308 1678 tesoerel
1363 1612 1421 1677 uid
1453 1614 1518 1678 Dei
1558 1615 1680 1694 nultus,
1707 1616 1771 1680 nisi
1799 1617 1994 1699 posthabitis
2033 1619 2136 1702 ipsius

124 1701 266 1766 ditionis
287 1720 396 1784 pagos,
418 1721 557 1783 quorum
579 1702 625 1765 ite
650 1701 689 1764 fit
711 1701 799 1764 inter
822 1720 878 1765 eos
901 1700 1048 1781 partitio,
1072 1706 1111 1763 ut
1161 1697 1327 1764 mandatis
1341 1635 1521 1769 hominum
1542 1699 1669 1785 legibus
1696 1723 1731 1767 se
1751 1701 1921 1767 addioere‘l
1960 1703 2031 1769 Neo
2054 1725 2134 1771 vero

122 1785 255 1871 singuli
277 1786 445 1870 proprium
467 1784 661 1870 possideant,
673 1793 707 1850 et
725 1785 864 1868 quisque
875 1784 1065 1862 uberiorem,
1079 1787 1108 1866 1)
1162 1781 1335 1849 obseurum
1357 1791 1408 1850 est
1428 1791 1463 1849 te
1483 1793 1518 1849 et
1536 1785 1615 1851 alios
1633 1806 1746 1852 omnes
1767 1807 1870 1870 papae
1886 1787 2044 1856 satellites
2065 1811 2132 1856 non

122 1894 189 1957 pro
207 1871 412 1954 antiquitatis
423 1871 537 1956 gradu.
563 1872 650 1938 Suos
667 1892 770 1954 quum
790 1870 843 1937 hio
864 1869 969 1936 bonus
990 1871 1108 1936 oarita·
1161 1867 1238 1933 alibi
1267 1869 1374 1934 looare
1401 1870 1554 1936 victoriae
1586 1870 1748 1950 fiduciam,
1780 1894 1878 1955 quam
1910 1874 1940 1939 ei
1971 1874 2135 1944 humanae

124 1959 172 2026 tis
195 1958 354 2041 magister
374 1979 441 2022 non
458 1978 551 2023 seous
573 1958 716 2023 eirooriet
737 1978 775 2022 ao
795 1956 883 2022 lanio
905 1957 939 2020 in
973 1955 1108 2021 maeello
1161 1953 1351 2019 traditiones
1373 1956 1435 2021 Dei
1455 1956 1594 2021 verbum
1617 1958 1785 2040 sepeliant

125 2043 286 2111 animalia
305 2063 443 2125 quorum
464 2042 659 2109 venditurus
681 2048 731 2109 est
750 2062 892 2118 earnem,
905 2041 1107 2125 alienisque·
1244 2039 1378 2105 Interea
1403 2040 1444 2105 de
1471 2042 1559 2127 regis
1581 2042 1688 2109 salute
1709 2065 1745 2109 se
1774 2044 1987 2115 vehementer
2014 2046 2136 2113 solliei-

126 2129 227 2196 modo
248 2128 417 2211 perderet?
458 2127 564 2210 Quale
585 2149 663 2194 vero
684 2149 763 2212 erga
786 2127 979 2192 familiarem
1011 2147 1108 2192 suum
1161 2132 1231 2191 tum
1254 2147 1326 2192 esse
1346 2126 1513 2205 simulans,
1528 2149 1595 2193 una
1616 2129 1858 2195 reinoolnmem
1876 2128 1945 2194 fore
1963 2130 2134 2214 promittit,

128 2225 161 2280 et
182 2214 337 2279 intimum
360 2216 500 2280 amioum
522 2214 662 2280 ediderit
681 2222 750 2279 tem
772 2213 987 2278 humanitatis
1008 2234 1107 2296 quem
1160 2211 1188 2275 si
1216 2209 1400 2278 indefessus
1429 2214 1474 2278 sit
1499 2221 1637 2296 papatus
1660 2224 1810 2293 assertor,
1849 2236 1948 2299 quum
1980 2215 2137 2285 ecelesiae

129 2301 205 2366 fidei
239 2301 417 2382 specimen,
445 2300 590 2366 breviter
620 2299 764 2365 indieere
791 2298 949 2380 expediet.
999 2299 1107 2382 Depo-
1160 2296 1249 2362 salus
1271 2318 1291 2362 a
1312 2298 1432 2362 summi
1454 2298 1629 2367 saeerdotis
1656 2300 1817 2384 dignitate
1849 2302 2027 2367 seeundum
2054 2303 2136 2368 Hie-

130 2394 243 2451 soeret
272 2385 329 2450 ille
359 2385 396 2450 in
429 2384 607 2451 eustodiam
639 2386 866 2450 Praesentaris
903 2385 1106 2462 beneficium,
1159 2404 1334 2466 ronymum
1362 2382 1509 2465 pendeat
1568 2386 1721 2451 'Potiesne
1754 2387 1922 2452 falsarium
1955 2395 1988 2452 te
2022 2387 2137 2471 depre-

131 2471 214 2556 quod
239 2492 298 2536 suo
320 2472 451 2537 nomine
472 2476 545 2550 [pag.
566 2477 621 2553 45]
642 2479 754 2537 tenero
771 2477 989 2553 nonpoterat:
1007 2490 1108 2552 quum
1159 2467 1285 2533 hendi?
1307 2467 1361 2532 De
1381 2470 1520 2553 singulis
1546 2471 1689 2537 ecelesiis
1717 2472 1805 2555 loqui
1826 2472 2069 2556 Hieronymum
2096 2495 2138 2542 ex

131 2565 323 2640 reposceret,
331 2558 361 2640 ⁴)
391 2579 457 2622 non
486 2558 557 2623 sine
584 2558 728 2623 eonvioio
760 2556 922 2640 repulsam
950 2555 1042 2620 tulit:
1070 2576 1108 2620 ae
1158 2561 1314 2620 oontextu
1331 2554 1446 2637 liquet;
1472 2554 1550 2638 quia
1576 2577 1654 2622 mox
1680 2558 1847 2642 sequitur:
1879 2557 1959 2624 Sine
1992 2559 2137 2627 iussione

131 2642 282 2709 sifidum
303 2642 470 2708 eustodem
491 2644 629 2709 simonia
655 2642 820 2710 maoulare
846 2641 955 2707 vellet
968 2643 997 2725 ὅ)
1040 2641 1108 2706 Re·
1159 2641 1300 2724 opiseopi
1333 2660 1439 2723 neque
1474 2639 1703 2725 presbyterum
1736 2664 1843 2726 neque
1880 2643 2052 2711 diaeonum
2083 2645 2136 2712 ius

131 2728 262 2813 spondit
283 2729 371 2794 enim
383 2727 528 2806 Gabriel,
547 2750 648 2812 quum
658 2749 774 2794 severe
795 2725 1107 2794 eoanonibusdam·
1159 2723 1346 2809 baptizandi
1373 2725 1502 2792 habere.
1558 2727 1627 2793 Neo
1661 2749 1739 2794 sane
1777 2729 1923 2811 quaestio
1956 2728 2028 2795 erat
2060 2751 2136 2798 eum

131 2828 252 2880 nentur
273 2814 444 2879 simulatae
465 2814 765 2899 resignationes„se
787 2814 822 2877 in
849 2813 944 2879 emiei
968 2812 1108 2897 gratiam
1159 2811 1377 2877 Luoiferianis
1396 2812 1436 2877 de
1464 2813 1591 2877 romani
1616 2814 1758 2963 episoofi
1779 2814 1942 2897 primatu:
1970 2816 2027 2881 sed
2056 2837 2136 2899 quo·

130 2921 297 2983 nunquam
319 2900 387 2964 fore
415 2901 648 2965 simoniaoum:
678 2921 716 2966 ao
744 2899 867 2964 misero
885 2899 985 2977 sooio,
1011 2919 1107 2981 quem
1160 2894 1255 2962 modo
1283 2917 1350 2980 pex
1375 2897 1462 2963 inter
1488 2899 1644 2982 ouiusque
1670 2921 1725 2965 eoo
1738 2900 1824 2965 esiae
1851 2899 1981 2966 ordines
2013 2901 2056 2966 sit
2081 2923 2135 2968 oo·

131 2986 210 3050 adeo
239 2984 386 3068 improbe
413 2985 557 3060 ludebat,
568 2986 594 3066 ⁶)
639 2985 765 3050 fortiter
797 2984 966 3050 minitatus
999 2992 1063 3061 est,
1079 2985 1106 3064 7)
1159 2981 1264 3048 lenda.
1320 2984 1371 3048 Τιι
1400 3003 1481 3053 voro
1513 2984 1598 3067 quod
1630 2984 1670 3049 de
1704 2985 1856 3051 omnibns
1896 2993 1969 3050 erat
2001 2984 2149 3068 dietum,-

129 3073 191 3136 nisi
225 3070 409 3136 vereounde
431 3090 453 3135 a
484 3070 623 3136 nefando
655 3071 776 3136 seelere
808 3070 988 3136 absisteret.
1033 3070 1107 3134 Etsi
1160 3088 1329 3150 perperam
1351 3067 1393 3133 ed
1414 3090 1517 3134 unum
1536 3070 1650 3149 trahis,
1672 3078 1769 3152 etque
1789 3071 1823 3135 id
1845 3071 2137 3138 reolemanteHie·

129 3169 238 3223 autom
253 3177 276 3222 a
297 3177 430 3223 suorum
452 3176 628 3240 tongressu
650 3155 692 3221 ob
713 3155 853 3221 dedeous
869 3156 1010 3220 reieotus
1035 3155 1106 3232 fuit,
1158 3173 1311 3237 ronymn:
1335 3156 1428 3220 euius
1450 3162 1527 3220 nota
1544 3155 1787 3221 suntyerbaex
1808 3176 1965 3239 responso
1982 3155 2023 3220 ad
2044 3158 2135 3222 Eva·

128 3244 255 3308 minore
279 3250 389 3312 tamen
416 3243 570 3326 flagravit
601 3240 742 3320 invidia,
771 3242 847 3324 quia
879 3241 977 3306 telem
1008 3261 1107 3323 quae-
1201 3240 1276 3304 'um.
1325 3239 1413 3319 Quid
1440 3240 1524 3304 mihi
1558 3241 1683 3323 profers
1714 3242 1812 3308 unius
1844 3242 1936 3307 urbis
1961 3250 2135 3308 eonsuetu-

128 3337 216 3393 stum
237 3327 422 3411 faofitarelt)
443 3328 569 3411 pridem
591 3328 768 3394 oonsuevit
806 3327 882 3392 Alio
903 3327 1003 3392 etiam
1025 3326 1106 3390 vitio
1181 3322 1292 3389 iem?
1334 3323 1422 3406 Quid
1454 3327 1664 3408 paueitetom,
1692 3325 1779 3392 unde
1807 3334 1917 3392 ortum
1944 3336 1995 3392 est
2020 3348 2135 3411 super·

127 3413 254 3480 laboret
283 3414 449 3497 praeclara
488 3414 557 3479 eius
586 3413 784 3479 exhortatio:
806 3411 891 3496 quod
924 3412 960 3476 in
992 3411 1106 3477 eadem
1158 3409 1771 3494 ollium,inlegeseeolesiaevendieas?
1790 3412 1983 3495 Ubiounque
1996 3418 2068 3491 [pag.
2081 3419 2134 3491 47]

128 3502 249 3584 pagine
270 3498 385 3565 turbae
395 3507 429 3564 et
439 3499 642 3565 multitudini
664 3498 932 3582 aequiesoendum
955 3501 1020 3563 non
1035 3517 1106 3562 esse
1158 3496 1257 3559 luerit
1281 3496 1467 3578 episeopus,
1501 3497 1570 3562 sive
1596 3498 1740 3578 Romae,
1772 3499 1841 3564 sive
1867 3497 2026 3582 Eugubii,
2063 3498 2134 3564 sive

128 3585 304 3663 oontendit,
327 3595 361 3648 et
381 3587 479 3650 simul
499 3593 644 3653 nostram
666 3585 863 3668 paueitatem
885 3584 1004 3661 ridens,
1027 3603 1105 3647 suae
1158 3582 1455 3664 Constantinopoli,
1491 3583 1561 3648 sive
1595 3583 1732 3668 Rhegii,
1771 3582 1916 3649 eiusdem
1950 3584 2060 3648 meriti
2099 3591 2133 3650 et

129 3673 232 3755 partis
253 3671 462 3736 multitudine
482 3670 648 3754 gloriatam.
1158 3666 1302 3734 eiusdem
1320 3665 1492 3733 sacerdotii
1513 3674 1572 3734 est
1606 3669 1759 3734 Potentia
1779 3669 1979 3746 divitiarum,
2000 3677 2035 3734 et
2054 3689 2134 3752 pen·

215 3754 324 3837 Quam
346 3757 431 3823 iuste
452 3756 591 3822 Oalvino
613 3756 786 3839 exprobret
807 3754 919 3820 sedere
940 3756 1049 3837 ipsum
1069 3755 1105 3817 in
1157 3753 1293 3835 pertetis
1320 3752 1487 3818 humilitas
1514 3755 1716 3836 superiorem
1746 3753 1798 3819 vel
1822 3755 2009 3819 inferiorem
2047 3755 2134 3838 epis·

129 3842 250 3923 templo
268 3843 331 3906 Dei
352 3853 390 3906 ut
410 3841 572 3920 adoretur,
595 3862 647 3907 me
672 3849 803 3909 tenente
828 3840 973 3906 iudioeut
1001 3841 1105 3905 emi·
1156 3859 1273 3920 oopum
1294 3859 1362 3903 non
1382 3838 1469 3905 feeit
1513 3840 1559 3903 Et
1580 3837 1696 3920 adhue,
1719 3839 1847 3916 nebulo,
1874 3840 1909 3903 in
1930 3860 1985 3904 eos
2008 3847 2135 3907 statues

130 3929 218 3992 nimo
240 3948 342 4010 usque
363 3927 405 3992 ed
426 3929 607 3993 maximum
628 3927 811 4009 quiounque
833 3936 866 3990 et
885 3947 983 3992 sensu
1016 3945 1104 3990 oom-
1156 3923 1310 3993 eeclesiae
1343 3925 1519 4002 unitatem,
1552 3923 1581 3991 si
1608 3934 1717 3991 vester
1739 3925 1962 3991 Antiehristus
1988 3926 2135 3991 suaviter

130 4014 222 4079 muni
243 4023 277 4078 et
298 4013 408 4097 aliqua
428 4012 588 4078 modestia
608 4022 642 4078 et
663 4012 827 4095 aequitate
853 4011 992 4095 praediti
1019 4021 1105 4076 sunt.
1156 4009 1324 4098 delitietur
1342 4011 1379 4074 in
1400 4017 1515 4092 paoete
1536 4008 1732 4094 tyrannide?
1777 4011 1822 4074 Et
1848 4010 2005 4093 prosoribi
2034 4010 2133 4077 chri·

130 4098 176 4165 Et
196 4112 306 4164 tamen
334 4100 426 4181 qnasi
446 4097 651 4182 plausibilem
672 4098 873 4166 ooeasionem
893 4104 1018 4172 neotus,
1048 4095 1105 4160 ad·
1156 4103 1245 4161 stum
1273 4116 1315 4160 ex
1350 4095 1462 4161 Gallia
1493 4095 1597 4175 diaes,
1630 4097 1658 4160 si
1685 4095 1871 4160 exentiatur
1902 4094 2022 4161 lethale
2050 4096 2133 4161 illud

133 4238 335 4247 .-...,,-
460 4219 464 4230 ·
1155 4181 1293 4264 iugum?
1326 4182 1373 4246 At
1408 4181 1504 4260 fides,
1533 4189 1617 4247 testo
1652 4180 1827 4264 (lypriano,
1840 4184 1868 4262 ⁸)
1902 4181 1973 4246 sine
2004 4182 2133 4248 unitate

184 4322 229 4403 Ι1)
248 4325 264 4376 1
288 4337 332 4403 ses
355 4321 463 4388 trerots,
482 4337 582 4443 Horres
604 4319 763 4375 lelourdiers
781 4321 826 4389 qui
847 4325 964 4389 gagnent
985 4318 1046 4389 leur
1062 4318 1103 4373 rie
1156 4274 1415 4417 ῗὲἒωῗξῖωτὼ.
1428 4264 1496 4332 sed
1517 4288 1576 4367 mir
1595 4264 1636 4331 d⁰
1657 4264 2016 4417 ἡυωὶοᾱῗξθᾚέοξ
2035 4287 2132 4415 βῗω

132 4406 165 4446 (ιιι
183 4406 245 4444 rour
261 4390 289 4444 le
306 4392 415 4444 roureto
433 4392 450 4444 t
466 4406 482 4444 e
502 4396 579 4443 antor
595 4405 692 4444 messe.
1307 4375 1349 4437 51'
1363 4439 1369 4453 ,
1392 4375 1436 4453 ,¹⁰
1453 4371 1625 4451 l‘m‘iffll'u,e
1635 4372 1783 4451 9⁰¹¹Jm⁰¹¹
1806 4374 1826 4418 α
1973 4373 1991 4419 ⁰
2016 4372 2060 4451 ¹¹?
2075 4372 2132 4450 ΠΨ

198 4459 229 4521 2)
248 4460 334 4525 spent
350 4475 385 4513 eu
401 4465 518 4513 meum,
535 4465 628 4513 amn,
645 4457 768 4526 espeisse
785 4461 832 4511 as,
1156 4438 1311 4522 obrepere
1338 4437 1417 4504 droit
1444 4436 1505 4504 sub
1526 4437 1651 4504 Christi
1677 4436 1785 4516 titulo,
1813 4438 1890 4504 dum
1916 4435 1959 4502 ad
1983 4444 2131 4503 remtatrs

198 4526 230 4591 3)
248 4534 277 4582 et
294 4534 357 4597 sont
373 4540 489 4581 emm
508 4543 542 4581 0¹¹
559 4526 620 4595 alut
637 4542 729 4594 masso
747 4524 891 4594 prebende.
1156 4523 1316 4608 originem
1337 4544 1405 4589 non
1426 4523 1562 4602 reditur,
1584 4542 1647 4589 nee
1667 4531 1765 4606 eaput
1785 4522 1962 4608 quaeritur,
1981 4543 2040 4589 noo
2056 4541 2130 4588 ooo·

133 4595 356 4720 mieidepffls'
379 4602 460 4666 llffll
482 4596 577 4650 nonve
600 4611 697 4665 m⁰lt¹¹
714 4594 748 4649 ‘¹⁰
766 4599 915 4663 permutor,
937 4591 959 4647 fl
983 4592 1009 4647 ¹⁰
1027 4591 1103 4646 ¹⁰⁶⁸·
1155 4608 1246 4675 lestis
1267 4610 1415 4693 magistri
1436 4609 1583 4689 deotrina
1602 4617 1766 4675 servatur:
1788 4607 1919 4692 quaesi
1946 4609 2020 4692 quis
2052 4627 2128 4673 eon·

200 4730 231 4801 5)
252 4731 351 4788 Gau„
372 4746 514 4800 mm
535 4732 628 4787 „mm
654 4732 673 4786 il
696 4737 739 4786 ω
761 4729 875 4786 „boum
897 4744 1000 4784 00me
1024 4729 1104 4783 simo·
1155 4693 1278 4759 sideret
1298 4704 1332 4759 et
1352 4694 1525 4770 examinet,
1547 4702 1689 4795 trattatu
1709 4694 1809 4779 longo
1830 4702 1926 4776 atque
1953 4713 2129 4792 argumen-

133 4803 239 4871 niaque.
1156 4787 1189 4844 to
1209 4800 1292 4863 opus
1313 4800 1377 4844 non
1400 4788 1458 4845 est
1490 4780 1643 4846 Probatro
1665 4787 1715 4846 est
1732 4779 1774 4846 ad
1795 4777 1892 4844 fidem
1915 4778 2019 4845 leorlrs
2039 4795 2129 4844 eom·

200 4870 230 4934 6)
248 4886 304 4924 non
330 4873 441 4923 content
463 4868 496 4923 de
519 4883 548 4924 se
570 4884 699 4938 moequer
719 4868 753 4922 de
772 4883 822 4922 son
840 4880 1007 4934 compagnou
1024 4871 1053 4919 et
1070 4863 1104 4918 de

134 4938 159 4994 le
176 4939 285 4994 chiffrer
302 4937 335 4992 de
354 4953 404 4992 son
422 4936 526 5005 deport.

201 5007 232 5073 ’1)
250 5007 285 5061 de
302 5006 329 5060 le
347 5006 414 5060 latre
432 5005 571 5075 demadem
1226 5001 1256 5068 1)
1272 5002 1333 5056 ioue
1351 5001 1430 5056 d’une
1447 5009 1563 5056 trousse.

200 5075 231 5142 8)
250 5075 271 5130 11
287 5074 338 5129 tait
353 5073 423 5130 loire
446 5081 475 5128 et
496 5072 680 5128 merchandise
703 5072 802 5129 d'estre
823 5072 988 5128 ¹crochetour
1009 5069 1046 5131 de,
1060 5069 1105 5124 be·
1225 5068 1256 5136 2)
1275 5086 1311 5124 un
1327 5070 1408 5124 vilain
1425 5071 1543 5126 retraiet.

136 5145 243 5200 nedoes.
1225 5137 1257 5205 3)
1275 5137 1317 5194 De
1334 5138 1502 5208 simplicitate
1519 5139 1710 5209 praelatam.

249 5229 363 5285 Galam
378 5238 469 5297 opera
510 5226 567 5282 Vol.
585 5223 640 5280 IX.
1875 5220 1910 5275 29
