4620 5828
231 232 294 293 535
831 290 835 299 ,
1090 218 1352 289 RESPONSIO
1370 247 1372 252 ·
2157 229 2216 290 336

216 416 303 485 nasi
342 415 440 493 cerei,
475 413 594 496 absque
632 409 816 479 traditionis
849 408 992 474 subsidio
1025 408 1200 492 quidquam
1253 407 1391 474 versitas
1413 415 1446 474 et
1466 409 1643 486 consensio,
1659 409 1682 493 ¹)
1713 407 1777 473 3131
1804 407 1999 477 universalis
2021 415 2217 483 consensus?

215 500 367 566 definire
388 499 437 563 fas
458 520 524 564 non
545 498 596 564 sit.
647 494 736 576 Quid
756 495 823 560 iam
842 496 900 560 liet
920 495 1101 577 praecipuis
1123 494 1200 560 fidei
1252 494 1328 576 quia
1349 494 1377 559 si
1399 498 1472 572 [pag.
1497 499 1550 574 33]
1574 515 1652 577 pars
1683 501 1813 559 tantum
1841 495 2037 578 consentiat,
2064 499 2149 564 nihil
2177 501 2218 566 ad

230 592 360 650 nostrae
382 582 562 666 capitibus?
613 583 690 647 Tria
717 580 822 647 solum
843 580 985 663 exempli
1007 601 1104 646 causa
1125 601 1199 662 pro·
1251 577 1460 644 traditionem
1481 579 1642 646 3331331333.
1692 580 1818 645 Verum
1846 588 1883 644 33
1904 580 1980 678 huic
2001 584 2149 652 inscitiae
2168 586 2218 671 ig.

229 671 340 736 feram.
374 665 520 734 Naturae
541 675 671 733 nostrae
692 667 856 749 corruptio
877 672 911 731 st
931 667 1051 731 misera
1072 666 1199 732 animae
1250 683 1392 742 noscam,
1413 664 1512 730 velim
1533 665 1626 732 nobis
1639 672 1791 747 exponat,
1812 667 2218 756 suffioratneunaquaequc

231 756 374 822 servitus
396 755 456 820 sub
478 755 600 836 peccati
622 751 812 839 tyrannide,
839 752 982 835 gratuita
1003 751 1197 831 iustificatio‚
1251 771 1292 814 ex
1314 750 1409 816 notis.
1454 748 1492 815 Si
1513 750 1549 814 13
1571 751 1640 816 3313
1660 749 1853 834 antiquitate
1874 755 2144 835 acquiescendum
2160 768 2218 837 est,

229 848 263 907 et
285 840 414 907 Christi·
431 838 645 905 seeerdotium
668 837 755 920 apud
766 836 1002 904 vetustissimos
1023 839 1198 919 scriptores
1250 835 1544 918 prodigiosissimae
1560 857 1704 919 quaeque
1713 835 1874 916 haereses,
1896 858 1979 920 quae
2000 842 2218 925 apestolorum

230 927 276 992 ita
298 927 433 993 obscure
455 926 637 1009 attingitur,
659 932 696 988 ut
715 922 807 987 nulla
827 922 903 993 inde
914 921 1074 1001 certitudo
1096 923 1199 1006 possit
1251 922 1350 993 aetati
1371 921 1542 1005 eonbguae
1563 922 1706 1001 fuerunt,
1735 921 1833 987 fidem
1855 922 2046 991 catholicam
2068 928 2217 994 efficient,

231 1011 310 1076 elici.
359 1010 514 1075 Nondum
546 1009 652 1075 exorti
679 1016 773 1073 erant
799 1008 972 1090 perniciosi
1003 1029 1143 1073 errores·
1158 1007 1197 1072 de
1250 1004 1288 1072 si
1305 1012 1372 1071 tres
1394 1015 1489 1077 notes
1509 1007 1607 1072 simul
1630 1010 2041 1091 connexasesseoportsat,
2063 1035 2131 1078 non
2147 1014 2218 1081 aliis

229 1097 330 1163 libero
351 1096 500 1172 arbitrio,
529 1095 569 1160 de
592 1115 727 1178 operum
748 1094 881 1171 meritis,
910 1092 950 1158 de
970 1094 1197 1159 satisfactioni·
1250 1090 1326 1157 fidei
1350 1098 1483 1161 nestrae
1505 1091 1664 1175 capitibus
1691 1091 1926 1159 accomodari
1953 1098 2087 1178 poterit,
2121 1121 2217 1182 quarn

230 1183 305 1248 bus:
330 1186 403 1262 [pag.
423 1187 476 1260 29]
495 1178 638 1246 nondum
656 1180 755 1246 creati
772 1188 866 1243 erant
882 1178 1008 1263 ingenti
1026 1180 1124 1245 turba
1140 1201 1196 1261 pa·
1251 1175 1291 1240 de
1312 1176 1429 1260 quibus
1451 1177 1541 1242 nulla
1562 1188 1613 1244 est
1634 1178 1800 1244 internos
1823 1180 2009 1263 etpapistas
2029 1192 2217 1251 controver-

229 1269 332 1333 troni:
354 1266 508 1345 nondum,
530 1266 586 1348 qui
607 1287 665 1349 pro
682 1263 798 1329 mundi
813 1264 1073 1330 reconciliatione
1084 1264 1198 1330 Chris·
1249 1263 1304 1326 sia
1351 1261 1407 1328 Sic
1425 1284 1586 1346 nusquam
1604 1264 1785 1346 reperietur
1804 1266 2008 1332 universitas.
2052 1269 2149 1336 Unde
2165 1293 2217 1353 ap

220 1361 298 1418 tum
322 1354 406 1436 patri
427 1353 599 1430 offerrent,
626 1351 812 1435 inaugurati
840 1357 936 1415 erant
957 1350 1103 1416 sacrifici.
1152 1350 1199 1416 Et
1247 1355 1341 1430 paret
1361 1370 1427 1413 non
1448 1348 1544 1414 modo
1566 1350 1677 1416 fucum
1699 1350 1778 1427 fieri,
1807 1349 1866 1415 sed
1885 1350 2003 1418 inanes
2024 1356 2216 1440 praestigias

231 1436 336 1504 Satan
364 1436 479 1504 callide
505 1436 643 1520 spinosis
675 1435 917 1518 quaestionibus
948 1435 1019 1518 pios
1052 1434 1197 1501 doctores
1249 1432 1379 1498 obtendi
1400 1433 1597 1515 simplicium
1618 1435 1728 1515 oculis,
1756 1434 1834 1500 dum
1856 1440 1928 1516 [pag.
1952 1442 2006 1517 34]
2028 1440 2089 1506 331)
2110 1441 2215 1508 fallaci

229 1523 420 1589 intricabat:
451 1522 619 1604 multaque
647 1520 776 1598 deliria,
803 1520 919 1604 quibus
941 1521 1123 1586 refutandis
1144 1541 1197 1587 ec·
1248 1518 1433 1583 traditionis
1451 1519 1544 1584 titulo
1565 1519 1749 1587 obtruditur
1770 1521 1941 1586 confusum
1958 1544 2000 1588 ex
2018 1527 2215 1592 33313313-

230 1619 439 1692 cuparentur,
461 1607 633 1690 spargebat
653 1628 712 1690 per
733 1607 888 1672 fanaticos
905 1606 1063 1683 homines,
1086 1613 1123 1671 ut
1141 1629 1197 1671 ne·
1249 1612 1323 1668 tura
1344 1604 1451 1669 chaos.
1495 1605 1599 1670 Porro
1622 1606 1725 1688 quadis
1748 1607 1945 1690 ingenuitas,
1972 1619 2139 1692 spectrum
2160 1634 2215 1677 an·

229 1694 437 1778 gligentiores
469 1701 577 1759 essent
607 1693 642 1756 in
676 1693 737 1758 hae
770 1699 872 1774 parte.
928 1689 1091 1771 Quonim
1118 1713 1197 1757 vero
1248 1689 1406 1772 tiquitatis
1428 1689 1575 1770 obiicere,
1605 1712 1647 1756 ex
1668 1713 1731 1775 quo
1754 1712 1831 1756 mox
1852 1692 2038 1778 prodigiosa
2059 1699 2216 1763 scaturiat

216 1800 369 1855 errores,
400 1778 516 1860 quibus
542 1776 755 1862 profligandis
778 1788 856 1843 tunc
883 1777 1196 1861 circumagebantur,
1248 1795 1395 1840 errorum
1417 1776 1563 1841 omnium
1585 1776 1771 1860 congeries?
1805 1778 1890 1843 Nam
1908 1778 2103 1864 sirogemus
2120 1804 2215 1867 quac-

226 1886 348 1949 magna
369 1887 408 1929 ex
431 1874 523 1946 parte
545 1872 621 1929 sunt
643 1862 792 1940 obsoleti,
820 1861 1015 1928 mediocrem
1037 1861 1197 1937 duntaxat
1247 1882 1325 1925 nam
1345 1861 1388 1925 sit
1409 1869 1563 1941 vetustas,
1584 1861 1676 1929 cuius
1699 1860 1836 1928 decretis
1857 1864 2038 1947 parendum
2060 1881 2126 1932 cst:
2161 1892 2216 1935 no·

226 1951 368 2015 fructum
390 1949 586 2032 percipimus
609 1971 650 2012 ex
672 1969 791 2013 eorum·
806 1948 905 2014 libris.
950 1947 1082 2012 Interea
1104 1949 1131 2013 si
1153 1970 1195 2013 ex
1247 1943 1297 2010 bis
1318 1946 1459 2012 insulsas
1470 1948 1604 2012 naenias
1614 1949 1747 2013 iactabit
1758 1970 1880 2027 censor,
1902 1971 1985 2032 quae
2002 1952 2063 2018 sub
2087 1956 2216 2021 nomine

227 2055 340 2100 eorum
361 2034 531 2100 traditione
553 2032 735 2099 haurienda
756 2034 800 2098 sit
820 2033 961 2117 cognitio
984 2033 1099 2110 salutis
1121 2055 1195 2099 nos·
1246 2030 1379 2114 Ignatii,
1402 2031 1590 2110 Clementis,
1613 2034 1691 2098 Lini
1713 2044 1747 2099 et
1767 2034 1922 2100 similium
1934 2036 2215 2106 circumferuntur.

225 2127 312 2199 trae,
347 2121 465 2186 iacebit
491 2120 596 2185 omnis
624 2118 756 2196 fiducia,
785 2123 858 2197 [pag.
878 2123 931 2197 301
960 2119 1036 2200 quia
1061 2140 1103 2183 ex
1130 2118 1194 2184 illis
1247 2117 1352 2181 Miror
1373 2117 1482 2196 etiam,
1505 2139 1606 2200 quum
1627 2119 1911 2197 facileerubcscat,
1934 2142 2000 2187 non
2022 2124 2130 2208 magis
2148 2147 2216 2192 csse

226 2227 393 2289 nunquam
431 2206 591 2272 discemus
630 2203 788 2287 quomodo
822 2204 894 2268 Deo
937 2203 1194 2283 reconciliemur,
1246 2201 1466 2268 verecundum
1488 2202 1567 2268 dum
1588 2203 1694 2270 lucem
1715 2226 1798 2289 quae
1819 2205 1959 2289 refulget
1979 2208 2015 2273 in
2037 2211 2217 2293 scripturae

131 2364 134 2367 ,
225 2290 385 2374 quomodo
407 2291 628 2355 illuminemur
650 2311 669 2354 a
691 2289 807 2371 spiritu
829 2295 941 2354 sancto
963 2296 996 2353 et
1016 2289 1195 2354 formemur
1246 2287 1460 2370 simplicitate,
1483 2309 1525 2352 ex
1536 2289 1668 2355 confusa
1680 2289 1844 2373 densaque
1862 2291 2043 2374 priscorum
2054 2296 2216 2381 interpre-

225 2376 261 2441 in
283 2377 471 2460 obsequium
493 2375 646 2451 iustitiae,
676 2373 835 2458 quemodo
857 2374 960 2458 gratis
981 2381 1113 2457 accepta
1134 2397 1193 2440 no·
1246 2381 1317 2437 tum
1329 2373 1656 2457 caliginepetiiubet.
1690 2378 1808 2458 Atque,
1827 2384 1865 2440 33
1885 2379 2028 2444 breviter
2039 2382 2215 2464 absolvam,

175 2529 178 2533 ,
227 2461 277 2527 bis
293 2459 757 2538 feraturOhristiobedientia,
778 2459 855 2543 quid
877 2459 987 2525 valcat
998 2460 1193 2526 sacrificium
1246 2463 1320 2537 [pag.
1334 2463 1399 2538 -351
1422 2458 1503 2524 haec
1524 2459 1588 2524 fuit
1609 2461 1699 2544 origo
1722 2461 1864 2528 Cabalae
1885 2483 1969 2546 quae
1992 2464 2132 2532 Iudaeos
2154 2471 2215 2537 fas-

226 2546 340 2612 mortis
361 2547 431 2611 sius
452 2554 485 2610 et
506 2545 663 2611 continua
683 2566 742 2628 pro
763 2545 856 2612 nobis
873 2546 1068 2611 intercessio.
1103 2544 1192 2626 Qua·
1244 2544 1375 2610 cinavit.
1419 2544 1508 2610 Hinc
1525 2544 1644 2627 prodiit
1661 2546 1911 2615 Pharisaeorum
1924 2557 2020 2628 33333,
2044 2556 2100 2636 qui
2111 2555 2217 2640 legem

225 2653 301 2696 rum
321 2653 430 2696 rerum
451 2630 615 2697 luculenta
637 2630 809 2712 explicatio
831 2631 866 2695 in
889 2630 1049 2713 scriptura
1070 2632 1193 2715 passim
1245 2636 1279 2693 et
1299 2628 1474 2712 prophetas
1497 2632 1762 2696 contaminarunt
1789 2631 1983 2718 adulterinis
2012 2645 2215 2707 commentis.

226 2718 374 2781 occurrit.
423 2715 539 2799 Itaque
567 2737 652 2781 novo
678 2716 740 2782 hoc
765 2717 921 2800 magistro
943 2723 1066 2795 autore,
1095 2738 1193 2799 quac-
1244 2714 1298 2778 113
1320 2713 1434 2779 eadem
1455 2715 1573 2781 lacuna
1594 2718 1727 2783 emersit
1748 2726 1898 2801 papatus:
1925 2742 1984 2786 nec
2006 2721 2072 2788 alia
2093 2725 2217 2805 fultura

225 2823 352 2885 cunque
375 2801 416 2866 ad
438 2801 574 2867 3313333
596 2800 743 2884 apprime
752 2801 886 2885 cognitu
908 2804 1088 2868 necessaria
1106 2809 1192 2882 sunt,
1244 2800 1362 2865 nititur
1393 2800 1592 2866 Mahometis
1623 2802 1743 2885 religio.
1794 2800 1922 2882 Quibus
1950 2809 2110 2891 exemplis
2139 2814 2216 2879 33313

225 2907 292 2952 333
314 2895 442 2953 tantum
463 2888 643 2953 manebunt
664 2886 888 2970 semisepulta,
917 2886 974 2952 sed
1002 2887 1079 2970 quia
1100 2888 1193 2954 nulla
1243 2905 1406 2969 superque
1428 2907 1601 2952 monemur
1622 2909 1721 2970 quam
1743 2888 1875 2955 exitiale
1896 2891 1947 2969 sit,
1976 2891 2028 2956 vel
2050 2897 2216 2963 tantillum

225 2971 355 3038 traditio
377 2973 586 3057 suffragatur,
608 2970 802 3039 certitudine
825 2973 990 3038 carebunt.
1035 2973 1108 3038 Hoc
1130 2975 1192 3040 sci-
1244 2992 1366 3054 apuro
1388 2980 1422 3035 et
1442 2971 1583 3054 genuino
1603 2972 1670 3038 'Dei
1691 2975 1792 3040 verbo
1814 2974 1992 3042 deflectere.

223 3057 301 3125 lieet
322 3080 389 3124 non
411 3060 473 3124 erit
498 3065 612 3141 sponte
638 3057 680 3123 ad
706 3057 839 3141 plenum
861 3057 938 3124 solis
960 3063 1033 3137 [pag.
1052 3063 1107 3137 31]
1129 3059 1191 3124 ful·
1330 3056 1384 3121 Ad
1404 3055 1486 3122 alias
1507 3066 1619 3140 postea
1639 3060 1761 3141 species
1771 3058 1953 3127 descendit:
1976 3063 2216 3147 aodoctrinam,

224 3165 336 3228 goram
355 3143 537 3211 caecutire?
1244 3164 1325 3225 quae
1354 3142 1394 3207 ab
1424 3143 1573 3208 omnibus
1603 3144 1755 3223 ecclesiis,
1785 3144 1836 3211 vel
1863 3148 1980 3213 maiori
2006 3160 2096 3216 certe
2125 3167 2216 3237 parte

309 3229 351 3294 In
372 3229 475 3294 altero
497 3229 642 3294 membro
651 3247 752 3311 aeque
773 3228 927 3312 pestifera
943 3228 1041 3308 labos,
1065 3238 1103 3294 ut
1119 3231 1192 3313 pari
1243 3239 1293 3294 est
1313 3234 1452 3311 recepta,
1473 3238 1507 3292 et
1528 3219 1749 3310 probabilibus
1765 3231 1976 3298 rationibuse
1990 3237 2092 3302 sacris
2114 3238 2216 3306 literis

223 3314 413 3399 integritate
434 3334 486 3378 am
509 3313 668 3380 lactamur
694 3334 777 3397 quae
806 3313 848 3379 ab
875 3314 1008 3380 exordio
1030 3316 1192 3400 evangelii
1243 3314 1442 3392 confirmata,
1470 3313 1544 3379 vult
1569 3314 1703 3381 indubie
1725 3320 1798 3395 [pag.
1822 3322 1874 3396 36]
1902 3321 2037 3402 suscipi:
2067 3326 2216 3405 quamvis

224 3407 355 3483 recepta
375 3408 455 3465 sunt
517 3411 636 3484 gmata,
659 3407 759 3482 atque
780 3401 984 3482 scripturam.
1029 3399 1095 3467 Ubi
1115 3418 1192 3486 ergo
1242 3399 1419 3484 ingeniosis
1440 3396 1628 3466 hominibus
1649 3401 1792 3467 rationes
1812 3423 1982 3470 occurrere
1994 3408 2126 3488 possint
2147 3411 2216 3494 qui·

224 3485 307 3551 illud
328 3485 438 3563 Pauli,
465 3484 564 3551 fidem
592 3506 634 3549 ex
663 3483 777 3550 auditu
799 3505 884 3564 esse,
912 3484 1060 3551 auditum
1083 3494 1192 3552 autom
1243 3484 1305 3551 bus
1327 3482 1538 3567 probabiliter
1565 3485 1734 3555 refutetur.
1779 3488 1892 3553 Telam
1918 3489 2049 3573 quidem
2077 3513 2215 3561 araneas

225 3592 268 3637 ex
296 3572 394 3638 verbo
420 3570 485 3636 Dei
511 3571 620 3654 (Rom.
644 3569 785 3656 10,17)?
836 3567 874 3637 si
902 3572 1043 3654 excipiet
1069 3593 1192 3652 censor,
1243 3572 1328 3636 texit
1360 3569 1406 3633 im
1429 3576 1527 3634 ostor.
1575 3568 1644 3636 Sed
1673 3572 1790 3655 quibus
1822 3595 1890 3640 nos·
1913 3576 2041 3643 insidiis
2073 3591 2215 3663 appetat,

226 3658 360 3723 verbum
390 3678 460 3722 esse
488 3655 552 3721 Dei
578 3654 663 3738 quod
690 3655 905 3738 approbatum
936 3657 998 3722 fuit
1028 3658 1192 3723 communi
1243 3591 1483 3723 observandum
1509 3662 1567 3720 333
1616 3656 1721 3722 Paulo
1753 3669 1827 3740 post
1857 3660 1894 3724 in
1924 3661 2032 3737 locum
2063 3666 2216 3732 33313333

224 3741 377 3808 ecclesiae
415 3762 588 3808 consensu:
628 3739 863 3825 tergiversandi
902 3763 968 3807 non
1006 3750 1057 3808 est
1085 3743 1191 3823 13333,
1242 3739 1421 3810 catholicae
1442 3740 1630 3824 subrogabit
1649 3763 1818 3809 romanam
1839 3744 1960 3823 sedem.
2005 3746 2117 3828 Quum
2139 3773 2215 3837 ergo

216 3825 352 3910 >quando
373 3827 497 3893 Paulus
518 3849 559 3892 ex
581 3827 724 3910 professo
751 3826 917 3892 bominum
942 3827 1063 3910 placita
1086 3850 1107 3895 a
1127 3829 1191 3895 Dei
1283 3825 1450 3892 rtinaciter
1476 3833 1553 3905 3333,
1579 3849 1677 3910 quum
1704 3837 1810 3908 vocat,
1844 3831 2052 3898 occidentalis
2081 3837 2216 3903 ecclesia

225 3911 364 3978 oraculis
396 3911 559 3979 discernit
619 3913 770 3978 Primum
802 3911 888 3978 inter
920 3933 981 3980 nos
1019 3915 1192 3980 conveniat
1264 3911 1396 3979 efendat
1427 3910 1585 3994 quidquid
1616 3913 1821 3995 impietatum
1853 3919 1969 3983 merito
2004 3918 2214 4000 detestamur,

226 3996 304 4081 quid
330 3998 373 4062 sit
397 4000 535 4064 verbum
556 3996 629 4063 Dei.
679 3995 717 4064 Si
738 3997 934 4081 respondeat
961 4020 1075 4065 censor
1102 3999 1191 4065 aliud
1242 3997 1370 4066 sublata
1398 3996 1462 4062 erit
1490 4004 1558 4062 tota
1588 3998 1775 4082 inquirendi
1801 3999 1941 4068 libertas.
1992 4001 2214 4085 Quantumvis

206 4090 296 4149 ‘esse
326 4083 510 4166 scriptum„
527 4083 614 4149 aliud
641 4105 706 4149 333
735 4082 905 4166 scriptum:
941 4084 1021 4152 haec
1050 4085 1192 4152 secunda
1243 4084 1331 4151 enim
1359 4080 1519 4180 probabili
1546 4083 1672 4149 ratione
1700 4105 1870 4170 oppugnes
1896 4087 1983 4170 quod
2011 4088 2213 4177 videbitur²)

226 4166 349 4250 species
386 4189 450 4251 qua
490 4173 563 4247 [pag.
603 4173 656 4247 aa]
703 4176 780 4235 nota
823 4169 1031 4254 insignimur,
1071 4191 1113 4235 ne
1151 4169 1191 4236 de
1242 4192 1309 4235 non
1342 4189 1412 4233 esse
1443 4169 1562 4235 rationi
1590 4178 1858 4251 consentaneum,
1891 4175 2077 4258 ingeretur,
2111 4178 2214 4264 clypei

225 4276 264 4320 ea
285 4254 449 4337 ambigere
467 4253 582 4320 liccat?
626 4253 801 4320 summum
822 4256 947 4321 crimen
968 4262 1002 4320 et
1021 4257 1113 4322 nefas
1130 4258 1193 4322 crit
1242 4257 1357 4333 instar,
1377 4252 1508 4320 maioris
1529 4254 1631 4336 partis
1652 4276 1837 4323 censemus.
1861 4259 2214 4330 Atsententiambanc

224 4361 293 4405 non
320 4337 451 4406 credere
480 4340 609 4404 veritati
636 4361 702 4404 non
730 4339 878 4423 scriptae.
932 4341 1036 4406 Porro
1063 4340 1192 4408 nullum
1243 4339 1423 4425 prudenter
1446 4343 1519 4419 [pag.
1539 4346 1593 4419 37]
1612 4349 1904 4426 temperatcensor,
1926 4344 2215 4429 dumprobabilem

225 4426 289 4491 erit
308 4426 377 4490 eius
399 4423 571 4489 3113331333
601 4447 643 4490 33
670 4426 846 4492 misceatur
873 4426 1059 4493 mendaciis.
1104 4425 1192 4507 Quid
1243 4423 1522 4492 confirmationem
1545 4427 1648 4510 erigit
1669 4449 1687 4492 e
1708 4428 1810 4494 sacris
1829 4429 1943 4496 literis.
1966 4431 2093 4516 Nugae.
2119 4434 2217 4501 Nulla

224 4519 325 4595 agent
346 4511 484 4576 miserae
505 4511 718 4576 conscientiae
736 4511 788 4576 his
809 4511 970 4596 angnrstiis
991 4512 1205 4591 constrictae„
1244 4513 1332 4578 enim
1354 4518 1421 4574 tam
1441 4531 1551 4576 crassa
1571 4511 1607 4576 13
1629 4513 1852 4596 quaestionem
1879 4517 1990 4583 veniet
2017 4518 2216 4586 absurditas:

224 4611 262 4662 ut
283 4598 431 4663 nesciant
452 4594 529 4678 quid
550 4595 748 4661 credendum
769 4596 833 4662 sit?
882 4594 979 4678 Quod
1005 4597 1034 4663 si
1060 4619 1192 4664 rursum
1244 4598 1297 4663 cui
1321 4617 1384 4661 non
1406 4595 1565 4665 inducant
1596 4597 1743 4663 colorem.
1789 4599 1925 4666 Missam
1952 4602 1981 4666 si
2008 4605 2219 4690 sacrilegium

224 4684 366 4765 excipiat
387 4702 514 4761 censor,
551 4680 655 4746 tribus
676 4683 763 4748 notis
792 4680 990 4766 deprehendi
1016 4703 1110 4765 posse
1132 4684 1193 4751 hoo
1244 4704 1316 4749 esse
1348 4681 1507 4760 31133333,
1540 4683 1575 4746 13
1604 4703 1668 4766 qua
1700 4685 1830 4768 fingunt
1857 4686 2028 4753 Christum
2055 4691 2219 4758 immolari

224 4777 390 4851 spectrum
411 4766 587 4833 catholicae
608 4767 807 4846 traditionis,
836 4768 1038 4852 antiquitate,
1060 4770 1193 4835 univcr-
1244 4766 1418 4852 probabilis
1439 4775 1591 4850 suppetet
1607 4769 1690 4833 ratio
1701 4770 1787 4852 quod
1797 4771 2040 4839 Melchisedech
2064 4777 2222 4844 obtulerit

226 4857 321 4918 eitate
344 4862 376 4918 ct
398 4854 617 4932 consensione,
641 4873 708 4917 non
724 4854 866 4920 multum
878 4854 965 4936 apud
986 4876 1085 4920 sanae
1102 4878 1192 4921 men·
1247 4875 1363 4938 panem
1392 4860 1425 4916 et
1451 4852 1581 4932 vinum,
1613 4861 1647 4918 et
1678 4855 1839 4939 propheta
1870 4857 2042 4925 denunciet
2072 4862 2113 4929 ab
2148 4880 2223 4931 ortu

226 4939 269 5003 tis
292 4939 439 5004 homines
468 4940 613 5021 proficiet
640 4939 746 5006 malus
774 4940 976 5018 dialecticus,
1008 4942 1063 5023 qui
1092 4961 1194 5007 mem·
1631 4971 1633 4975 ¹

227 5021 321 5088 brem
343 5024 502 5089 nnumin
525 5023 588 5091 duo
611 5024 772 5109 discerpit.
825 5023 913 5105 Quid
934 5027 1021 5090 enim
1050 5028 1193 5092 333331-
1315 5061 1345 5124 1)
1364 5060 1440 5113 Bm
1456 5063 1482 5111 ,p
1498 5057 1583 5112 ΑΜ,
1601 5075 1756 5116 ,omnm

1314 5128 1344 5195 2)
1362 5128 1437 5182 aaa
1454 5131 1480 5180 a
1496 5128 1581 5181 Amet.
1600 5127 1710 5183 videus.

1070 5228 1124 5285 '‘v-4,
1155 5261 1162 5278 ο
