4620 5828
217 246 280 308 bol
898 235 963 302 DE
984 234 1115 304 valta
1135 233 1531 303 Peuulofffflouu
2157 240 2219 308 508

217 449 288 497 sam
305 429 403 494 ‘hano
430 424 715 502 eonsuetudinem‚
743 444 829 508 quaa
864 444 968 489 unum
995 423 1074 491 anni
1103 423 1190 490 diem
1242 422 1414 491 duodeoim
1433 431 1502 489 toto
1529 423 1607 492 orbe
1630 425 1748 492 volitat
1768 445 1843 493 mea
1863 425 2090 512 interpretatio
2110 427 2146 491 in
2163 424 2219 491 illa

215 513 441 600 praesoribens
465 512 500 577 in
522 518 626 576 tetum
653 529 777 576 annum
806 508 955 576 socordes
982 507 1100 575 reddit
1145 510 1191 575 Et
1242 531 1326 594 quae
1347 508 1427 575 eitat
1447 508 1543 575 Pauli
1565 511 1679 577 rerba:
1694 513 1717 590 ¹)
1739 505 1804 577 Hie
1825 511 1916 577 loeus
1938 521 2050 595 aperte
2063 511 2218 591 ostendit,

216 598 325 665 adhue
351 596 486 664 latrabit
513 596 567 663 hio
592 596 698 674 oanis,
723 615 776 661 me
799 615 917 661 nervos
945 594 1090 662 inuidere
1118 592 1190 660 dul·
1242 595 1271 662 si
1293 596 1365 678 quis
1386 594 1480 674 alius,
1501 595 1581 679 quid
1602 596 1766 681 signifieat
1783 595 1849 662 Dei
1872 595 2004 663 dextra:
2026 618 2095 663 non
2112 596 2218 684 laeum

216 684 367 753 ehsimoe
388 682 608 762 oonsolationi,
631 702 674 746 ne
695 688 873 766 agnoscant
893 679 1007 747 fideles
1018 680 1191 751 Christum
1242 680 1366 748 soilioet
1387 679 1538 765 aliquem,
1561 681 1618 747 sed
1641 691 1834 766 potestatem
1855 703 1954 765 quam
1975 690 2069 766 pater
2086 682 2219 755 Christo

215 770 251 837 in
273 791 309 836 se
330 767 494 844 habitare:
517 767 558 833 de
580 767 695 851 qnasi
719 763 798 849 quid
819 773 907 832 reete
928 767 1071 850 attingit,
1095 786 1115 830 a
1138 787 1191 831 me
1243 766 1394 846 eontulit,
1426 774 1465 831 ut
1491 766 1573 836 eseli
1600 775 1634 833 et
1661 776 1769 834 terrae
1796 767 1971 852 imperium
2004 767 2217 835 administret

215 857 345 924 lirratus
366 853 435 921 est?
459 854 633 920 Caeterum
656 851 804 937 probatio
823 871 922 935 quam
944 853 1069 930 attexit,
1093 851 1191 934 phre-
1243 853 1330 918 Nam
1360 873 1462 936 quum
1484 852 1602 920 dextra
1626 853 1688 919 Dei
1715 852 1843 919 coelum
1866 863 1899 918 et
1921 861 2045 919 terram
2074 855 2218 940 impleat,

215 942 340 1009 netioes
359 941 499 1024 impetus
525 940 604 1006 satis
627 939 787 1005 declarat:
810 935 984 1022 quiaquod
1000 948 1076 1004 anto
1085 937 1192 1004 fuerat
1242 939 1389 1022 sequitur
1410 959 1548 1022 regnum
1567 938 1693 1005 Christi
1714 939 1835 1022 ubique
1855 939 2010 1005 diffusum
2021 962 2102 1022 esse,
2123 949 2219 1026 atque

216 1026 481 1110 detestatorem
499 1025 576 1091 fidei
587 1024 752 1090 mamete
763 1045 852 1089 nuno
866 1023 995 1107 arripit:
1019 1043 1087 1090 non
1095 1023 1191 1088 aliter
1243 1026 1341 1090 etiam
1376 1025 1541 1090 virtutem.
1592 1024 1689 1091 Unde
1720 1045 1893 1109 perperam
1931 1024 2056 1092 leuium
2087 1027 2146 1110 qni
2179 1049 2219 1093 ex

216 1120 365 1181 oonsmre
388 1111 582 1197 hypostasin
597 1110 770 1176 divinaeet
792 1109 955 1176 humanae
976 1117 1114 1176 naturae
1154 1111 1190 1173 in
1242 1110 1385 1177 sessione
1403 1108 1446 1175 ad
1466 1109 1636 1176 dextoram
1647 1111 1710 1176 Dei
1729 1120 1888 1177 sonantur
1898 1111 2037 1194 probare
2048 1111 2218 1178 Christum

216 1198 342 1266 Christi
403 1218 510 1275 rsona,
533 1217 630 1280 quam
652 1196 680 1263 si
701 1218 777 1263 earo
794 1196 892 1261 simul
916 1196 959 1262 sit
983 1194 1133 1278 pluribus
1154 1195 1190 1259 in
1242 1217 1310 1261 non
1332 1196 1395 1262 nisi
1417 1195 1453 1261 in
1475 1196 1565 1262 eaelo
1586 1218 1666 1262 esso.
1710 1197 1774 1262 Est
1793 1193 1925 1281 quidem
1953 1196 1988 1262 id
2010 1197 2219 1267 verissimum

215 1285 302 1352 loeis.
353 1219 524 1366 &amodo
561 1285 706 1367 apertius
742 1280 894 1364 proderet
925 1280 1010 1347 nihil
1047 1278 1189 1358 eredere,
1241 1282 1277 1347 in
1298 1281 1389 1348 eoelo
1408 1302 1480 1348 osee
1491 1281 1616 1349 Christi
1627 1282 1875 1362 humanitatem,
1898 1304 1965 1348 non
1987 1284 2218 1350 esseinterra:

215 1391 314 1455 quam
337 1371 383 1434 ita
403 1391 516 1436 seeum
531 1367 728 1453 pugnando?
753 1366 951 1451 Quanquam
969 1367 1050 1432 haee
1072 1367 1191 1433 levitas
1242 1364 1300 1433 sed
1331 1367 1491 1451 probatio
1511 1367 1570 1433 illa
1602 1389 1667 1434 non
1695 1369 1857 1434 convenit.
1908 1367 1996 1433 Nam
2022 1368 2110 1452 quod
2144 1391 2218 1435 mox

215 1465 251 1524 et
281 1455 502 1523 insonstantia
542 1455 594 1521 vel
627 1455 763 1520 nimiam
792 1453 917 1521 eerebri
952 1452 1188 1536 intemperiem,
1242 1453 1405 1536 sequitur,
1432 1453 1473 1518 In
1495 1453 1697 1532 molentibus,
1719 1476 1785 1520 non
1804 1474 1845 1527 ¹eo
1866 1452 1973 1520 tondit
1988 1462 2028 1519 ut
2048 1455 2114 1522 Dei
2141 1455 2220 1522 dex·

216 1547 291 1622 [pag.
321 1546 375 1621 ts]
399 1540 453 1606 vel
474 1539 669 1624 pusularum
690 1540 884 1606 renotatam
906 1540 1000 1624 sapit.
1016 1542 1039 1620 ¹)
1242 1547 1331 1604 tram
1357 1538 1445 1604 eaelo
1480 1538 1644 1618 includat,
1679 1548 1738 1606 ete.
1774 1539 1889 1625 Pergit
1921 1540 2071 1624 gnaviter
2098 1541 2133 1606 in
2161 1562 2219 1607 sua

301 1625 436 1710 Aliquid
462 1625 568 1692 adhue
596 1625 717 1691 fastidii
746 1645 862 1691 vorare
890 1645 1023 1691 neeesse
1055 1632 1121 1704 est,
1153 1629 1192 1690 ut
1242 1624 1461 1708 impudentia,
1490 1634 1524 1690 et
1551 1647 1592 1691 ex
1619 1624 1733 1691 oedem
1755 1625 1907 1708 Epistola
1939 1625 2046 1693 looum
2079 1626 2218 1693 alterum

238 1712 352 1779 lanum
373 1713 490 1780 laoiam
522 1710 697 1778 lectoribus
719 1733 816 1794 quam
844 1719 954 1788 sente,
987 1710 1127 1777 fideliter
1158 1717 1193 1775 et
1243 1709 1434 1793 adiungens,
1456 1711 1540 1776 mihi
1561 1711 1762 1777 eontrarium
1789 1733 1860 1777 esso
1888 1713 1993 1796 fingit
2039 1713 2144 1796 Atqui
2169 1713 2221 1777 in·

215 1735 332 1866 bantra
353 1820 388 1864 se
409 1805 503 1883 geret
523 1797 559 1863 iu
580 1796 762 1863 refutandis
784 1796 906 1862 nostris
923 1797 1064 1863 obieetis.
1094 1796 1192 1862 Post·
1244 1796 1434 1879 terpretatio
1467 1797 1501 1860 in
1532 1795 1684 1868 manibus
1716 1805 1883 1878 versatur,
1924 1797 2017 1864 ouius
2056 1820 2218 1864 summam

261 1906 316 1951 am
336 1884 568 1953 simulatorum
586 1904 676 1949 more
697 1882 893 1966 simplioium
914 1892 1042 1949 mentes
1062 1880 1192 1960 delusit,
1244 1882 1388 1947 inserere
1421 1881 1554 1966 libet:²)
1584 1881 1748 1964 Quoniam
1770 1882 1914 1967 Implere
1936 1905 2034 1967 saepe
2056 1883 2221 1951 Perfieero

242 1971 296 2037 'sit
314 1971 403 2035 inter
423 1976 553 2036 noemae
574 1968 770 2034 abiectiones
791 1967 877 2034 hano
898 1967 961 2034 sibi
987 1966 1091 2034 videri
1120 1989 1192 2050 spe·
1246 1968 1422 2052 signifieat,
1452 1977 1574 2050 posset¹
1590 1968 1642 2034 hie
1671 1991 1798 2052 quoque
1826 1970 1873 2036 sio
1895 1970 2007 2053 aeeipi.
2052 1969 2141 2035 Nam
2162 1991 2221 2036 suo

218 2056 446 2122 oiosissimam:
469 2055 594 2121 Verum
619 2063 651 2119 et
672 2053 845 2139 physicum
867 2073 985 2137 eorpus
1006 2075 1073 2120 non
1100 2074 1194 2136 posse
1245 2054 1281 2119 in
1302 2054 1427 2119 eoelum
1448 2073 1585 2120 assensu
1596 2053 1749 2119 Christus
1769 2055 2007 2140 possessionem
2027 2052 2109 2122 adiit
2126 2053 2219 2122 datae

217 2142 315 2208 dmul
347 2139 453 2224 qnoed
484 2138 704 2206 substantiam
735 2140 772 2205 in
804 2138 953 2224 pluribus
987 2148 1020 2205 et
1053 2139 1193 2205 diversis
1246 2137 1308 2205 sibi
1328 2160 1348 2203 a
1368 2148 1462 2222 patre
1484 2138 1724 2218 dominationis,
1747 2156 1784 2205 ut
1805 2142 1916 2207 omnia
1942 2150 2037 2225 regat
2064 2162 2126 2207 sua
2155 2141 2217 2206 vir-

216 2227 296 2294 loois
328 2247 416 2300 esse:
450 2224 620 2292 Christum
653 2223 776 2291 habere
809 2246 926 2290 verum
955 2233 989 2290 et
1020 2225 1194 2311 physioum
1246 2231 1327 2290 tute.
1372 2225 1567 2308 Elegantius
1588 2233 1700 2291 tamen
1721 2247 1795 2291 meo
1814 2225 1936 2292 indieio
1955 2227 2018 2292 erit
2038 2227 2216 2307 sensns,si

216 2335 345 2397 eorpus,
365 2313 400 2377 in
423 2331 488 2395 quo
508 2309 682 2377 visibiliter
702 2308 849 2377 aseendit
869 2319 908 2375 ut
927 2310 1039 2378 sedeat
1067 2309 1109 2376 ed
1135 2332 1193 2395 pa·
1245 2307 1311 2375 duo
1331 2310 1368 2375 in
1389 2303 1531 2394 speo'iem
1548 2312 1713 2378 eontraria
1734 2311 1923 2396 iungantur,
1944 2333 2028 2396 quae
2047 2322 2161 2378 umen
2186 2334 2216 2378 re

217 2399 278 2466 tris
300 2395 469 2463 dexteram
491 2403 579 2464 serto
607 2403 641 2461 et
668 2395 802 2468 definito
823 2396 902 2473 loeo,
924 2417 1028 2479 usque
1050 2396 1131 2462 dum
1156 2396 1193 2461 in
1245 2397 1315 2479 ipss
1337 2397 1424 2462 inter
1445 2418 1481 2462 se
1510 2407 1703 2482 oongruunt
1748 2396 1834 2462 Nam
1858 2420 1958 2482 quum
1979 2396 2135 2464 andimus
2165 2397 2216 2464 ad·

216 2483 373 2551 iudicium
394 2482 511 2549 mundi
533 2495 701 2566 appareat:
724 2483 814 2566 Ergo
836 2481 898 2547 hoe
919 2503 1037 2566 eorpus
1053 2480 1193 2566 quodin
1245 2503 1400 2562 eoeneum
1429 2481 1576 2562 Christi,
1603 2484 1754 2567 protinus
1786 2482 1824 2551 in
1851 2492 1995 2549 montom
2024 2487 2118 2550 venit
2146 2505 2218 2549 enm

218 2569 315 2637 anelis
336 2575 427 2636 serto
448 2569 554 2653 spatio
582 2568 876 2647 eheumseribitur,
905 2589 972 2634 non
1000 2589 1094 2652 posse
1122 2589 1193 2634 esee
1245 2567 1400 2651 prooula
1426 2566 1518 2634 nobis
1547 2576 1709 2634 mmotum
1742 2590 1828 2636 esee:
1862 2575 1896 2634 et
1929 2578 1980 2637 est
2013 2569 2114 2636 etiam
2143 2590 2219 2636 sane

216 2657 254 2721 in
275 2675 376 2721 soona
397 2652 504 2737 quoad
525 2653 750 2720 substantiam.
780 2651 885 2719 Addit
905 2654 1193 2736 praetereundis
1245 2652 1351 2737 quoad
1383 2675 1501 2738 eorpus
1533 2664 1566 2719 ot
1598 2654 1778 2721 humanam
1811 2656 2041 2738 praesentiam.
2095 2655 2220 2721 Paulus

216 2762 272 2808 me
303 2747 497 2825 argumento
527 2737 663 2824 perinde
696 2738 867 2807 eonfidere.
917 2739 1069 2806 Primum
1094 2762 1193 2824 quam
1245 2738 1394 2826 eutem⁸)
1422 2744 1496 2820 [pag.
1522 2746 1576 2821 77]
1603 2740 1757 2806 admenta
1784 2741 1830 2806 ita
1858 2741 2057 2808 subductum
2078 2742 2221 2808 missen

217 2826 364 2912 improbe
382 2825 569 2904 mentiatur,
590 2846 645 2891 me
665 2824 948 2911 patrisdextersm
959 2827 1006 2892 ita
1019 2825 1192 2893 inarotum
1245 2827 1338 2892 nobis
1359 2825 1519 2910 eorporali
1540 2827 1736 2911 praesentia,
1759 2836 1796 2892 ut
1817 2827 1926 2892 omnis
1947 2834 2060 2893 tamen
2069 2826 2220 2912 impleat:

218 2933 348 2998 eogere,
376 2918 476 2978 testes
505 2918 584 2979 sunt
609 2912 792 2995 eomplures
819 2911 1015 2994 scriptorum
1043 2933 1192 2977 meorum
1245 2933 1364 2995 nempe
1385 2912 1524 2996 spiritus
1542 2913 1592 2979 sui
1616 2912 1749 2983 virtute.
1793 2912 1880 2979 Nam
1906 2934 2099 2997 quoeunque
2132 2919 2221 2998 patet

217 2998 289 3066 loei.
333 2995 402 3067 Sed
422 3004 462 3063 ut
483 2996 544 3064 hoo
565 2997 636 3064 eius
657 2997 785 3064 libidini
806 2998 1011 3081 permittam,
1035 2995 1114 3081 quid
1140 2998 1192 3063 lu·
1244 2998 1308 3063 Dei
1327 2996 1454 3077 dextra,
1487 3020 1572 3082 quae
1604 2997 1731 3064 eoelum
1762 3005 1796 3064 et
1829 3006 1952 3064 terram
1984 2998 2221 3084 eompleetitur,

219 3084 309 3151 tilius
339 3105 437 3168 quam
464 3090 586 3150 statum
613 3084 812 3167 quaestionis
827 3150 830 3154 ,
843 3104 965 3167 ponere
994 3084 1031 3150 in
1059 3104 1192 3167 serpere
1245 3082 1364 3150 diffusa
1384 3091 1435 3150 est
1455 3083 1635 3168 spiritualis
1657 3083 1783 3152 Christi
1801 3085 1995 3168 praesentia,
2016 3093 2052 3150 et
2071 3086 2144 3169 ipse
2160 3085 2222 3152 im·

217 3171 370 3272 physieo:
413 3190 517 3253 quum
551 3190 647 3253 saepe
679 3169 819 3236 anmhae
846 3171 1012 3254 professus
1039 3171 1101 3239 sim
1139 3191 1191 3245 mo
1243 3191 1358 3235 mensa
1391 3170 1513 3236 virtute
1548 3192 1609 3236 sus
1639 3167 1745 3252 mest:
1779 3177 1947 3254 uteunque
1979 3190 2099 3256 eorpus
2135 3170 2222 3236 ooolo

217 3279 254 3323 sn
277 3257 337 3323 hae
356 3277 455 3322 eausa
482 3255 567 3322 nihil
599 3256 720 3321 morari
752 3256 908 3340 physioss
940 3256 1097 3336 rationes,
1131 3276 1192 3322 neo
1244 3253 1475 3339 eomprehendi
1501 3262 1662 3340 oporteat,
1694 3253 1874 3323 seeundum
1902 3255 1994 3322 Petri
2023 3257 2222 3322 sententiam

217 3343 370 3410 insistere
391 3340 659 3426 philosophorum
679 3340 822 3425 planitie,
850 3340 909 3407 sed
932 3350 1062 3408 tantum
1090 3342 1191 3425 sarip-
1244 3341 1333 3424 (Aet.
1358 3345 1391 3422 3,
1415 3345 1480 3421 21).
1526 3339 1565 3408 Si
1596 3342 1669 3426 quis
1696 3351 1807 3408 autem
1842 3349 1994 3426 quaerat,
2027 3362 2069 3407 an
2104 3364 2222 3427 eorpus

217 3437 312 3495 turae
329 3427 524 3495 testimoniis
545 3426 770 3512 esquiesoere?
814 3426 943 3511 Corpus
964 3427 1089 3495 Christi
1116 3429 1191 3494 fini·
1243 3426 1370 3494 Christi
1381 3427 1424 3494 sit
1444 3427 1611 3493 infinitum
1634 3424 1845 3508 utdivinitas‚
1858 3427 2034 3513 respondet
2050 3449 2119 3493 non
2137 3449 2222 3494 esee:

216 3523 290 3582 tum
311 3535 394 3594 esse,
412 3520 446 3579 et
467 3520 614 3580 masters
635 3513 705 3580 suis
727 3512 995 3588 dimensionibus.
1013 3512 1066 3581 'ex
1084 3514 1191 3597 sorip·
1243 3514 1319 3597 quia
1340 3533 1457 3597 eorpus
1478 3513 1614 3593 Christi,
1636 3513 1842 3581 oonsiderata
1862 3534 1922 3598 per
1950 3536 1985 3580 se
2012 3512 2223 3586 humanitate

216 3607 291 3667 tura
323 3607 423 3684 patet.
466 3599 541 3667 Hos
573 3620 632 3666 nos
664 3600 846 3684 geometria
878 3611 944 3666 non
976 3598 1098 3666 doeuit:
1133 3596 1191 3666 sed
1243 3600 1324 3679 eius,
1342 3620 1409 3665 non
1431 3598 1475 3665 sit
1495 3601 1532 3665 in
1552 3598 1670 3685 lapide,
1693 3621 1796 3685 grano
1818 3608 1853 3665 et
1873 3600 2003 3684 plantis.
2049 3598 2143 3687 Quid
2161 3598 2223 3666 sibi

217 3685 304 3770 qnod
324 3706 383 3769 per
410 3686 573 3770 apostolos
600 3683 735 3751 tradidit
757 3685 894 3769 spiritus
921 3694 1067 3764 mustus,
1098 3684 1191 3752 nobis
1243 3685 1315 3755 vult
1336 3684 1497 3767 particula
1518 3686 1571 3752 rel
1592 3687 1741 3770 exeeptis
1763 3686 1853 3763 haee,
1876 3685 1941 3772 nisi
1958 3706 2076 3770 eorpus
2095 3684 2221 3752 Christi

216 3771 301 3854 eripi
322 3793 388 3837 nen
415 3771 568 3856 patimur.
614 3768 734 3850 Stulte,
756 3793 817 3838 neo
839 3771 915 3844 sine
937 3772 1110 3850 manifesta
1139 3794 1192 3839 re·
1242 3770 1450 3852 naturaliter,
1479 3778 1640 3856 quatenus
1665 3769 1926 3841 mnsiderabitur
1952 3792 2013 3857 per
2039 3791 2075 3838 se
2105 3769 2221 3855 huma·

215 3857 399 3941 pugnantia
418 3858 539 3941 exeipit
558 3856 762 3938 Hoshusius,
790 3856 965 3924 Christum
991 3859 1027 3924 in
1055 3864 1192 3942 numne
1242 3859 1340 3938 nitas,
1362 3877 1429 3923 non
1457 3878 1529 3924 esee
1556 3857 1736 3938 inlinitum,
1759 3855 1818 3924 sed
1841 3858 1971 3926 unionis
1993 3857 2221 3942 hypostaticae

216 3941 465 4009 naturasedere
486 3941 528 4008 ad
548 3943 718 4010 dexteram
739 3944 852 4027 patris.
891 3943 1006 4027 Neque
1028 3944 1116 4009 enim
1133 3966 1191 4011 ne·
1243 3941 1416 4027 respectu?
1454 3943 1559 4027 Atqui
1593 3945 1715 4026 vetusti
1750 3943 1939 4028 scriptores,
1980 3938 2059 4009 dum
2090 3963 2220 4010 earnem

217 4048 335 4113 gamus
356 4028 436 4111 quin
457 4036 545 4096 totus
567 4037 599 4096 et
620 4031 750 4114 integer
768 4028 923 4106 Christus
944 4030 979 4096 in
1001 4029 1191 4096 mediatoris
1244 4029 1379 4110 Christi,
1401 4037 1438 4095 ut
1460 4030 1503 4095 sit
1523 4028 1666 4110 vivifiea,
1689 4031 1835 4096 mutuari
1857 4027 2000 4097 adivino
2022 4028 2123 4096 eiuss
2144 4029 2220 4095 iritu

215 4134 357 4198 persona
377 4114 504 4180 eoelum
521 4122 556 4180 et
576 4125 698 4182 terram
718 4115 867 4199 impleat:
890 4136 1008 4201 nempe
1026 4122 1192 4184 totusnon
1242 4114 1388 4194 tradunt,
1411 4113 1452 4181 de
1474 4115 1536 4182 hae
1548 4116 1767 4184 immensitate
1782 4115 1910 4183 nnllam
1922 4051 2219 4182 laeiuntvorbum:

216 4206 338 4266 totum:
360 4201 436 4282 quia
457 4197 491 4265 id
512 4199 554 4266 ad
575 4221 707 4268 earnem
736 4202 859 4268 mferre
887 4199 1065 4270 absurdum
1094 4210 1189 4269 esset.
1244 4203 1321 4287 qnia
1341 4199 1406 4267 tale
1428 4209 1618 4286 portentum
1640 4201 1764 4268 nemini
1782 4203 1874 4269 vonit
1895 4203 1931 4268 in
1947 4209 2102 4268 mentem
2135 4201 2219 4284 Quo

216 4286 264 4352 Iu
291 4288 427 4352 naturas
455 4285 479 4350 b
560 4288 657 4355 tatiee
690 4289 800 4354 unitas
832 4309 905 4355 esee
933 4309 1001 4354 non
1031 4293 1107 4369 [pag.
1136 4293 1190 4368 76]
1243 4289 1333 4353 niam
1355 4287 1450 4387 fateri
1471 4288 1598 4373 sugitur
1618 4286 1808 4355 Heshueius
1831 4286 1953 4354 nodum
1964 4286 2054 4353 huno
2076 4288 2219 4356 sibiesse

216 4370 412 4438 tantundem
434 4392 456 4435 v
491 4379 533 4450 et,
555 4394 593 4439 aa
614 4375 643 4438 si
663 4374 868 4441 immensitas
889 4372 1018 4441 deitatis
1046 4395 1190 4441 eommu-
1243 4372 1516 4457 inexpheabilem,
1538 4373 1699 4461 similibus
1712 4370 1938 4442 dissimillimis
1951 4372 2104 4440 elabitur.
2134 4373 2219 4456 Quo·

216 4459 327 4524 uineta
346 4464 433 4523 esset
453 4478 530 4525 eum
549 4479 661 4525 earne:
685 4459 816 4544 quando
833 4480 908 4527 oum
929 4481 1089 4544 personae
1115 4462 1190 4526 uni·
1242 4458 1340 4525 modo
1363 4458 1504 4544 simplex
1524 4458 1590 4528 Dei
1612 4461 1755 4529 essentia
1777 4460 1882 4526 tribus
1906 4460 2059 4545 personis·
2081 4467 2220 4527 mustet:

217 4550 286 4611 tate
306 4544 428 4628 optime
449 4543 604 4632 eonsenit
629 4546 803 4629 utriusque
831 4553 970 4616 naturae
997 4547 1189 4630 proprietas.
1243 4544 1403 4629 quomodo
1434 4553 1561 4613 meatur
1592 4555 1626 4612 et
1665 4555 1815 4613 ereatura
1847 4546 1916 4612 sint
1951 4567 2020 4613 una
2065 4564 2220 4631 persona:

216 4628 352 4714 Exeipit
372 4622 442 4709 ille,
474 4628 654 4700 mesiam
683 4629 725 4697 ad
753 4631 856 4715 petris
887 4632 1072 4712 dexteram,
1106 4636 1190 4698 teste
1242 4631 1403 4715 quomodo
1425 4634 1562 4712 mortui,
1584 4632 1738 4717 quiante
1759 4630 1850 4699 mille
1877 4653 1983 4699 annos
2012 4632 2048 4698 in
2078 4631 2222 4699 nihilum

216 4714 336 4796 Panlo,
360 4714 400 4782 de
425 4722 559 4782 aeterna
585 4723 620 4780 et
651 4713 766 4782 divina
792 4719 962 4784 mdestate
994 4724 1029 4784 et
1060 4718 1191 4803 aequali
1243 4716 1365 4784 sedasti
1387 4724 1480 4800 sunt,
1515 4718 1731 4786 resurrecturi
1764 4719 1848 4804 sint,
1881 4717 2162 4804 eomprehendam
2190 4741 2224 4784 se

216 4803 362 4885 potentia
372 4801 522 4888 intelligi.
553 4799 642 4885 Quid
652 4808 762 4867 autem
773 4802 856 4888 ego?
879 4804 978 4871 Certe
989 4810 1066 4870 ante
1082 4826 1187 4871 annos
1242 4811 1356 4888 negat:
1380 4801 1441 4885 sibi
1454 4810 1566 4871 umen
1586 4804 1666 4870 satis
1687 4825 1759 4872 esse
1780 4803 1863 4873 duas
1884 4812 2023 4871 naturas
2039 4802 2225 4886 inChn‘sto

1303 4945 1449 4954 Ἣ

1312 5025 1342 5093 1)
1367 5026 1434 5082 Vide
1452 5025 1597 5084 oram
1612 5030 1645 5083 ιἰι
1662 5025 1763 5098 epta.
1782 5028 1806 5095 1,
1823 5028 1867 5084 20.

287 5087 317 5157 1)
335 5108 387 5148 nne
409 5097 472 5163 top
495 5094 631 5150 mwraise
657 5097 841 5160 tempemturs
864 5091 899 5148 du
925 5111 1040 5153 nemean
1054 5113 1100 5152 ,oa
1129 5097 1191 5153 bien
1311 5094 1342 5162 2)
1362 5094 1492 5152 Ibided
1510 5094 1583 5166 ut,
1601 5094 1643 5151 10.

219 5173 271 5214 nne
289 5159 391 5217 variete
408 5161 442 5218 de
460 5168 532 5231 pots.
1311 5163 1342 5232 3)
1361 5171 1451 5222 tanen
1469 5163 1545 5221 Besa
1561 5170 1588 5221 et
1606 5167 1690 5224 Ana.
