4620 5828
203 268 264 340 lea
898 302 911 317 ·›
945 274 948 283 ’
975 260 1166 344 euclem
1186 276 1238 344 ΙΝ
1259 251 1424 344 coeris.
1458 301 1462 309 ·
2135 284 2198 345 rao

203 465 513 533 communicationis.
571 463 669 533 Unde
712 465 882 532 conficitur
921 466 1091 532 verissime
1134 467 1174 532 ab
1226 486 1337 531 suram
1364 465 1481 531 aetatis
1506 463 1602 550 plene
1631 464 1760 532 adultae
1781 466 1908 535 Christi
1929 467 2113 553 (Ephest,
2134 472 2203 549 13).-

203 552 390 637 Angustino
417 573 489 617 osse
517 550 654 618 dictum:
687 549 792 636 Signa
817 552 883 617 illis
916 552 1038 619 visibili
1069 553 1176 617 forma
1226 551 1295 616 Nec
1322 551 1468 635 pluribus
1500 553 1611 618 verbis
1638 556 1718 636 o'pns
1747 564 1797 619 est
1825 554 1865 620 ad
1894 553 1956 621 hoe
1984 552 2197 637 probandum.

203 638 301 704 luisse
337 638 476 717 diuersa,
503 659 570 702 non
609 645 718 702 autem
749 657 794 703 re.
846 635 1043 721 Quanquam
1077 639 1174 704 simul
1226 635 1458 703 sicutmodo
1480 637 1782 704 habitatChristus
1806 639 1841 704 in
1867 640 1971 718 nobis,
1999 649 2125 704 certum
2148 648 2199 706 est

203 724 285 790 addo
306 723 440 790 modum
466 723 671 807 significandi
697 723 798 789 fuisse
824 724 997 801 diversum,
1022 724 1059 789 'et
1083 745 1174 789 men·
1227 722 1406 788 seeundum
1428 721 1726 789 fidei'incrementa
1747 724 1982 807 quodammodo
2006 724 2197 792 adolescere.

203 831 313 876 suram
350 809 475 894 gratiae
511 824 579 874 non
614 809 715 875 luisse
752 809 935 892 aequalem:
969 810 1046 892 quia
1078 808 1175 875 hodic
1226 809 1349 876 Obiieit
1369 809 1570 875 Heshusius:
1598 807 1686 890 Quid
1707 811 1809 894 igitur
1833 811 1950 876 intrnti
1977 832 2091 878 recens
2120 811 2198 897 bap·

203 895 327 978 plenior
363 905 397 961 ot
434 895 579 971 uberior,
616 893 759 978 adeoque
794 894 1017 961 substantialis
1049 895 1175 962 Christi
1225 896 1323 960 tincto
1353 896 1419 974 fiet,
1451 897 1478 960 si
1507 916 1574 960 non
1601 907 1731 979 gustato
1756 918 1857 962 coena
1884 895 2039 962 decedere
2067 918 2109 961 ex
2135 898 2198 966 hac

202 981 450 1049 communicatio
482 980 662 1046 exhibetur.
1007 1052 1009 1056 Α
1226 982 1296 1045 rita
1317 980 1507 1065 contingat?
1531 978 1634 1061 Quasi
1647 1002 1725 1046 vero
1747 982 1818 1067 lege
1840 982 1958 1065 aliqua,
1980 983 2035 1048 vel
2057 985 2197 1050 necessi·

288 1066 384 1148 Quod
405 1073 514 1133 autem
537 1067 577 1131 de
596 1068 741 1150 pignore,
763 1089 827 1132 non
850 1065 890 1132 de
900 1087 946 1142 re,
968 1065 1030 1133 sibl
1045 1088 1175 1132 meeum
1227 1073 1294 1131 tate
1314 1065 1424 1131 Deum
1440 1068 1678 1151 constringam,
1702 1088 1743 1131 ne
1762 1079 1915 1151 operetur
1932 1070 2058 1152 quoties
2087 1070 2196 1136 visum

202 1152 292 1217 litem
315 1173 385 1219 esse
407 1152 487 1218 dicit
504 1150 701 1225 Heshusius,
731 1151 896 1235 quidhoc
923 1152 984 1218 sibi
1011 1152 1090 1218 velit
1117 1152 1174 1217 ad·
1226 1159 1275 1216 est
1302 1153 1424 1234 absque
1450 1173 1568 1218 coenae
1600 1151 1807 1219 adminiculo.
1852 1153 1941 1219 Illud
1967 1155 2054 1219 enim
2081 1155 2197 1238 Augu-

201 1240 340 1304 monitos
378 1239 452 1303 volo
489 1237 633 1305 lectores.
690 1236 879 1321 Spiritualis
914 1237 1174 1304 manducationis
1225 1239 1303 1303 stini
1325 1240 1466 1304 retineo:
1487 1238 1691 1304 Invisibilem
1713 1240 2003 1305 sanctificationem
2025 1241 2096 1305 sine
2118 1242 2197 1307 visi-

199 1324 320 1389 latetur
340 1325 410 1407 ipse
431 1331 541 1406 patres
564 1346 604 1389 ex
624 1345 726 1406 aequo
750 1324 918 1389 nobiscum
945 1325 1045 1389 luisse
1072 1325 1174 1408 parti·
1225 1323 1283 1388 bili
1305 1325 1398 1408 signo
1416 1345 1486 1389 esse
1508 1344 1615 1406 posse:
1643 1326 1741 1390 sicuti
1768 1346 1883 1390 rursus
1909 1325 2036 1391 risibile
2063 1325 2197 1410 signum

202 1411 301 1493 cipes:
324 1431 385 1493 ego
407 1431 486 1475 vero
507 1432 566 1494 pro
588 1410 713 1474 ratione
733 1418 766 1474 et
794 1410 888 1475 modo
912 1410 1172 1493 dispensationis.
1224 1409 1295 1474 sine
1316 1430 1396 1475 vera
1416 1409 1678 1475 sanctificatione.
1701 1411 1770 1475 Nec
1791 1427 1870 1476 sane
1892 1410 2197 1494 quidquamIoanni

200 1495 398 1579 Interposito
418 1506 528 1561 autem
550 1496 686 1579 pignore
707 1495 804 1560 fidem
827 1517 938 1560 eorum
958 1497 992 1560 in
1015 1496 1173 1580 symbolis
1224 1496 1394 1578 Baptistae
1426 1496 1539 1570 obfuit,
1567 1517 1734 1579 nunquam
1767 1497 1867 1561 fuisse
1900 1495 1940 1562 ad
1973 1517 2105 1562 coenam
2138 1498 2197 1562 ad·

200 1584 424 1648 confirmatam
444 1582 545 1646 luisse
568 1589 703 1658 constat,
726 1592 885 1664 quatenus
901 1581 1026 1647 ferebat
1048 1581 1173 1647 Christi
1224 1582 1370 1660 missum,
1394 1580 1472 1663 quin
1498 1580 1666 1647 Christum
1692 1580 1881 1665 possideret.
1925 1584 2069 1647 Tantum
2098 1581 2196 1650 doceo

200 1667 353 1733 absentia.
377 1668 774 1749 Porronostraquomodo
792 1678 998 1752 praesentem
1020 1669 1170 1746 offerant,
1223 1668 1270 1732 sic
1292 1667 1454 1751 gradatim
1473 1689 1535 1742 nos
1562 1669 1734 1750 pervenire
1761 1668 1801 1731 ad
1824 1667 1951 1734 Christi
1977 1669 2195 1736 communica·

199 1753 276 1818 alibi
297 1750 454 1819 diximus:
477 1774 543 1817 non
565 1753 634 1819 loeo
656 1752 788 1829 scilicet,
809 1752 1012 1836 verumquia
1033 1764 1171 1818 mortem
1223 1753 1354 1832 tionem,
1387 1761 1426 1816 ut
1452 1773 1518 1817 non
1550 1754 1672 1818 frustra
1704 1773 1839 1818 coenam
1865 1754 1936 1837 ipse
1964 1755 2132 1838 evangelio
2163 1763 2197 1821 et

201 1844 273 1919 [pag.
294 1845 348 1918 47]
378 1846 412 1904 et
437 1840 723 1915 resurrectionem,
753 1839 809 1904 nbi
843 1835 946 1904 solida
976 1846 1027 1905 est
1057 1839 1171 1905 salutis
1222 1838 1381 1921 baptismo
1404 1838 1572 1905 addiderit.
1596 1837 1756 1920 Quamvis
1778 1860 1855 1923 ergo
1878 1860 1918 1904 ex
1941 1838 2003 1904 hac
2020 1841 2088 1904 vita
2108 1840 2196 1906 mul·

199 1923 374 2007 plenitudo,
397 1945 507 1991 coram
535 1934 789 2007 repraesentant.
832 1924 965 1989 Interea
985 1923 1171 1990 Hcshusius
1223 1934 1272 1989 tos
1295 1923 1411 2007 eripiat
1438 1924 1529 1989 Deus
1558 1945 1624 1989 non
1651 1933 1756 1989 aetate
1788 1923 1894 2003 modo,
1921 1926 1977 1990 sed
2005 1927 2104 1991 etiam
2131 1928 2195 1993 lide

199 2030 306 2076 secum
326 2031 485 2094 pugnans,
508 2010 669 2094 impmbut
691 2010 776 2093 quod
799 2011 886 2075 inter
902 2010 1001 2075 fidem
1023 2020 1057 2075 et
1077 2032 1172 2075 man·
1223 2030 1350 2093 pueros,
1372 2010 1512 2075 scintilla
1534 2019 1644 2075 tamen
1667 2031 1731 2075 una
1753 2010 1886 2093 spiritus
1907 2011 2048 2077 sufficiet
2067 2013 2132 2077 illis
2153 2013 2193 2077 ad

200 2095 404 2161 decetionem
437 2095 637 2179 spiritualem
672 2095 845 2180 distinguo.
896 2095 934 2162 Si
961 2098 991 2161 ei
1019 2097 1170 2175 creditur,
1224 2098 1333 2172 vitam,
1367 2114 1449 2178 quae
1482 2096 1653 2162 absorbeat
1684 2095 1770 2180 quod
1796 2096 1831 2161 in
1857 2097 1936 2180 ipsis
1963 2097 2100 2163 mortale
2129 2105 2192 2163 est:

199 2181 305 2245 inanis
328 2190 379 2246 est
399 2183 536 2265 argutia.
580 2181 673 2246 Adeo
696 2181 779 2246 nihil
804 2184 969 2265 praeterit,
997 2180 1084 2265 quod
1105 2204 1171 2246 non
1223 2190 1260 2245 ut
1292 2180 1367 2246 alibi
1400 2180 1502 2246 tradit
1532 2182 1619 2248 idem
1647 2182 1772 2247 Paulus
1805 2181 1915 2267 (Rom.
1933 2187 1963 2259 8,
1986 2187 2047 2260 17).
2092 2179 2194 2248 Cuius

200 2267 330 2332 arrodat
355 2266 409 2333 vel
435 2266 574 2332 allatret.
619 2267 705 2331 Num
735 2267 793 2333 hoe
822 2269 917 2333 modo
944 2269 1053 2333 inanis
1084 2278 1171 2334 essct
1222 2280 1332 2332 tamen
1355 2269 1510 2333 autoritas
1530 2288 1648 2333 vereor
1669 2267 1880 2332 inHeshusio
1902 2268 2040 2348 sordeat,
2063 2269 2194 2351 quando

199 2354 340 2436 argutia,
368 2373 465 2436 quum
494 2353 619 2418 Paulus
654 2353 733 2418 dicit
758 2353 928 2419 Christum
962 2354 1108 2419 habitare
1134 2353 1169 2418 in
1222 2373 1315 2418 reum
1337 2352 1441 2435 putidi
1464 2367 1497 2418 et
1518 2352 1620 2437 impii,
1643 2363 1679 2417 ut
1696 2363 1800 2430 vocat,
1822 2353 1983 2438 dogmatis
2000 2355 2105 2420 facere
2127 2376 2194 2419 non

199 2438 347 2505 cordibus
367 2439 487 2504 nostris
508 2459 568 2521 per
589 2439 701 2504 iidem:
724 2441 811 2518 item,
835 2461 893 2504 nos
915 2441 1024 2505 inseri
1037 2440 1073 2504 in
1088 2439 1170 2505 ‘eius
1222 2437 1363 2503 dubitat:
1384 2438 1445 2504 sub
1467 2460 1539 2504 meo
1561 2438 1690 2524 quidem
1711 2440 1853 2504 nomine.
1897 2438 1964 2505 Sed
1985 2439 2063 2522 quid
2085 2441 2193 2520 refert,

199 2543 331 2607 corpus:
352 2546 425 2590 cum
448 2544 487 2588 eo
510 2534 543 2589 ct
560 2526 740 2603 curcifixos,
764 2535 797 2590 et
813 2526 1056 2609 sepultosesse:
1079 2525 1170 2591 deni·
1222 2524 1252 2589 si
1277 2523 1439 2607 impietas,
1467 2526 1558 2591 euius
1593 2547 1645 2590 me
1672 2523 1857 2602 insimulat,
1891 2526 1926 2589 in
1958 2525 2066 2591 verbis
2097 2526 2194 2592 Pauli

199 2630 258 2692 que
285 2626 346 2674 nos
375 2631 445 2675 esse
473 2631 547 2676 ossa
574 2632 615 2675 ex
644 2612 771 2676 ossibus
798 2612 878 2690 eius,
908 2620 942 2677 et
968 2633 1100 2678 carnem
1129 2634 1170 2676 ex
1222 2609 1330 2692 palam
1357 2609 1634 2694 deprehenditur?
1679 2609 1816 2676 Salvum
1842 2610 1945 2695 igitur
1972 2617 2085 2676 manet
2108 2610 2194 2694 quod

199 2717 294 2762 carne
317 2697 398 2773 eius,
420 2705 458 2760 ut
479 2698 548 2761 vita
575 2697 644 2761 eius
670 2705 783 2763 nostra
809 2700 860 2763 sit.
904 2697 996 2763 Haec
1022 2699 1078 2781 qui
1104 2718 1170 2763 non
1222 2695 1329 2775 doceo,
1352 2695 1476 2764 Christi
1499 2698 1823 2763 communicationem
1845 2702 1918 2777 [pag.
1941 2702 1994 2776 49]
2015 2696 2194 2764 secundum

199 2781 287 2846 ridet
307 2783 434 2849 fruetus
462 2790 495 2847 et
522 2782 656 2847 effectus
686 2803 756 2847 esso
785 2781 869 2861 fidei,
896 2782 1031 2866 ideoque
1059 2804 1079 2848 a
1106 2783 1171 2849 fide
1222 2803 1298 2850 suos
1320 2784 1450 2867 gradus,
1472 2793 1540 2850 tam
1563 2785 1597 2849 in
1619 2803 1719 2850 coena
1741 2804 1841 2867 quam
1868 2790 1962 2848 extra
1984 2783 2060 2848 eius
2087 2805 2192 2865 usum,

199 2864 339 2946 differre,
361 2867 436 2950 plus
457 2890 554 2952 quam
574 2883 688 2933 caecus
710 2878 768 2933 est
790 2867 948 2934 Eiusdem
971 2890 1047 2933 vero
1069 2870 1171 2937 caeci·
1221 2867 1315 2934 nobis
1329 2870 1485 2951 conferri.
1655 2950 1656 2954 Ἰ

198 2953 289 3031 tatis,
329 2974 451 3038 negare
487 2953 548 3019 hoc
587 2953 823 3020 inaestimabile
861 2953 983 3019 bonum
1016 2954 1080 3019 lide
1112 2976 1171 3020 nos
1307 2955 1411 3021 Porro
1433 2977 1533 3040 quum
1555 2955 1617 3021 toti
1638 2954 1761 3019 mundo
1778 2952 1854 3037 plus
1871 2974 1969 3036 quam
1987 2962 2101 3019 notum
2122 2976 2193 3023 esse

198 3039 360 3124 consequi,
381 3047 420 3103 ut
441 3038 566 3105 Christi
588 3039 836 3105 communicatio
853 3061 913 3104 nos
927 3040 1078 3105 vivificet.
1103 3038 1170 3106 Sed
1221 3049 1390 3124 putarem,
1414 3062 1573 3106 consensu
1589 3032 1716 3106 'veteris
1738 3040 1892 3105 eeclesiae
1914 3036 2093 3105 doctrinam
2117 3061 2192 3106 nos-

198 3122 307 3189 omnia
339 3126 476 3191 miscere
510 3146 569 3209 pro
602 3124 704 3190 nihilo
737 3124 842 3191 ducit:
876 3124 970 3190 modo
1002 3146 1044 3191 ne
1076 3126 1171 3191 fateri
1221 3139 1308 3193 tram
1329 3127 1416 3194 clare
1437 3128 1578 3212 probari,
1599 3145 1729 3190 causam
1751 3123 1837 3190 hanc
1858 3125 1980 3189 retexit
1996 3125 2191 3206 Heshusius,

198 3218 340 3293 cogatur,
365 3221 459 3276 extra
478 3231 611 3277 coenam
634 3210 754 3276 habere
775 3210 888 3296 fideles
903 3211 995 3295 quod
1015 3213 1050 3276 in
1072 3232 1172 3277 coena
1223 3224 1256 3280 et
1277 3214 1434 3298 quosdam
1456 3221 1600 3280 vetustos
1622 3212 1805 3292 scriptores,
1828 3219 1865 3275 nt
1882 3211 2061 3295 confligant
2081 3209 2192 3277 nobis-

197 3294 268 3378 ipsa
286 3296 457 3378 recipiunt.
501 3296 605 3379 Atqui
628 3317 759 3362 necesse
777 3307 835 3375 cst,
857 3297 973 3381 inquit,
995 3298 1171 3365 manduca·
1223 3323 1306 3377 cum,
1328 3300 1420 3382 quasi
1443 3299 1563 3363 erroris
1584 3297 1635 3361 sui
1656 3296 1888 3379 sullragatores
1910 3295 2055 3361 advocat
2088 3298 2193 3379 Equi·

197 3381 321 3445 tionem
337 3380 380 3446 ab
391 3379 614 3464 obsignatione
625 3381 771 3447 differre:
794 3404 911 3466 nempe
924 3384 1018 3448 sicuti
1040 3404 1171 3449 necesso
1223 3386 1297 3451 dem
1320 3385 1479 3450 hactenus
1495 3383 1558 3448 hoc
1576 3390 1806 3466 argumentum
1824 3402 1865 3446 ex
1886 3382 2031 3466 professo
2051 3388 2192 3447 tractan-

197 3473 246 3531 est
267 3465 525 3550 obsignationem
547 3469 691 3550 quaerit
711 3466 748 3532 in
769 3468 938 3549 baptismo,
967 3490 987 3534 a
1009 3467 1170 3550 spirituali
1223 3471 1300 3536 dum
1321 3492 1386 3535 non
1409 3469 1549 3552 suscepi:
1572 3468 1649 3551 quia
1668 3466 1818 3531 nolebam
1841 3474 1950 3532 actum
1972 3482 2076 3551 agere.
2117 3468 2192 3534 Pri·
2221 3546 2223 3549 ¹

196 3550 325 3617 lauaem
348 3552 486 3617 differre.
509 3554 564 3617 An
584 3574 649 3617 non
672 3550 975 3636 extrabaptismum
992 3573 1172 3638 purgamur
1222 3580 1295 3622 mus
1316 3555 1379 3622 hoc
1401 3553 1672 3638 Oeeolampadius
1692 3561 1842 3618 accurate
1863 3573 1901 3617 ao
1923 3549 2037 3616 dextre
2053 3555 2191 3635 praesti-

198 3635 321 3703 Ghristi
353 3637 533 3722 sangnine?
576 3641 632 3704 An
664 3655 730 3703 non
763 3639 880 3723 spiritu
914 3636 1169 3723 regeneramur?
1222 3642 1279 3708 tit:
1318 3651 1359 3707 ut
1390 3640 1560 3707 evidenter
1592 3645 1790 3703 monstraret
1821 3647 2040 3702 commentum
2079 3638 2190 3707 localis

196 3721 323 3788 Verum
344 3725 391 3788 ‘in
423 3722 604 3790 subsidium
641 3733 773 3790 nostrae
808 3724 1008 3790 infirmitatis
1047 3724 1171 3790 accedit
1221 3727 1424 3812 praesentiae
1445 3727 1551 3792 veteri
1572 3725 1727 3791 ecelesiae
1748 3724 1847 3788 fuisse
1865 3724 2074 3805 incognitum.
2108 3723 2190 3792 Suc·

198 3809 327 3874 risibile
365 3810 605 3889 testimoninm,
636 3810 723 3892 quod
755 3831 825 3876 rem
859 3811 1023 3894 signatam
1056 3810 1173 3875 melius
1222 3815 1321 3880 cessit
1341 3813 1568 3896 Bullingerus,
1597 3812 1652 3893 qui
1674 3809 1787 3874 eadem
1808 3808 1962 3874 felicitate
1983 3811 2109 3895 peregit
2130 3812 2190 3877 has

196 3895 329 3960 sanciat.
373 3894 489 3977 Neque
508 3895 542 3960 id
563 3893 668 3973 modu,
691 3895 747 3961 sed
769 3917 846 3962 vere
867 3898 967 3961 etiam
989 3905 1022 3959 et
1043 3896 1170 3979 plenius
1221 3908 1340 3985 partes.
1385 3898 1562 3965 Cumulum
1588 3895 1714 3962 addidit
1734 3895 1855 3961 Petrus
1877 3894 2023 3979 Martyr,
2050 3906 2087 3959 ut
2108 3895 2191 3961 nihil

195 3982 342 4045 conferat
363 3982 450 4063 quod
471 3979 535 4046 fide
557 3980 718 4063 evangelii
739 3982 943 4064 percipimus,
967 3983 1066 4045 etiam
1088 3983 1171 4047 eitra
1222 4007 1355 4069 prorsus
1377 3983 1555 4049 desiderari
1577 3989 1674 4065 queat
1685 3983 1719 4064 ¹).
1762 3977 1933 4060 Quantum
1953 3988 2065 4045 tamen
2086 3984 2192 4066 coegit

195 4076 368 4131 externam
390 4066 560 4131 actionem.
582 4067 692 4149 Atque
715 4065 776 4132 hoo
798 4069 895 4131 etiarn
916 4067 986 4133 loeo
1006 4069 1171 4150 specimen
1222 4072 1454 4155 importunitas
1481 4067 1682 4150 Westpbali,
1710 4064 1824 4131 videor
1849 4066 1885 4129 in
1912 4065 2078 4149 probando
2106 4071 2189 4133 anti-

192 4150 263 4217 edit
285 4151 423 4235 maligni
448 4152 606 4235 pravique
632 4152 771 4235 ingenii,
800 4149 876 4216 dum
905 4153 940 4217 in
973 4152 1170 4218 calumniam
1221 4157 1354 4240 quitatis
1377 4176 1536 4221 consensu
1553 4152 1745 4219 satisfecisse
1767 4151 1856 4217 sanis
1878 4161 1911 4216 ct
1931 4152 2068 4235 integris
2089 4153 2189 4219 lecto·

189 4258 311 4321 rapere
334 4237 433 4303 audet
453 4236 538 4320 quod
559 4239 595 4301 in
618 4237 823 4304 Cateehismo
846 4236 1048 4305 doceo:'non
1070 4239 1170 4302 inuti·
1221 4243 1324 4308 ribus:
1346 4243 1411 4306 imo
1429 4249 1463 4306 et
1480 4239 1688 4306 contentiosis
1706 4238 1909 4303 obstructum
1927 4258 1997 4302 esse
2014 4260 2049 4302 os
2067 4238 2187 4304 debuit.

186 4323 260 4389 lem
283 4343 355 4387 esse
376 4343 495 4389 coenae
518 4344 624 4402 usum,
653 4325 728 4407 quia
754 4322 883 4406 plenius
910 4325 978 4389 illic
1000 4324 1170 4390 Christum
1222 4325 1384 4408 Quoniam
1416 4348 1510 4405 vero,
1545 4323 1723 4408 quamlibet
1754 4321 1866 4386 solidis
1898 4324 2079 4389 rationibus
2111 4325 2188 4391 victi

184 4409 379 4491 recipimus,
406 4410 482 4492 quia
512 4408 579 4473 iam
604 4431 663 4492 per
688 4408 787 4474 fidem
820 4410 982 4493 evangelii
1015 4431 1056 4474 ex
1079 4419 1170 4492 parte
1222 4415 1297 4491 sint,
1320 4413 1427 4479 surdis
1444 4413 1572 4477 canitur
1588 4408 1707 4487 fabula,
1730 4409 1821 4474 brevi
1843 4406 1998 4474 dilutione
2016 4417 2188 4474 contentus

182 4505 307 4560 noster
324 4502 382 4573 est,
410 4517 447 4561 ac
479 4495 516 4558 in
542 4495 635 4561 nobis
664 4494 796 4561 habitat.
840 4495 933 4562 Haec
959 4494 1115 4572 doctrina,
1143 4497 1170 4560 si
1210 4521 1292 4575 ero,
1322 4520 1361 4563 ex
1386 4520 1450 4583 qua
1470 4520 1506 4565 co
1532 4502 1666 4562 noscant
1687 4495 1822 4560 lectores
1843 4514 1910 4558 non
1932 4496 2039 4559 minus
2060 4494 2188 4559 aridum

179 4580 361 4647 Heshusio
383 4580 535 4658 creditur,
560 4603 624 4645 non
646 4580 742 4646 modo
763 4581 877 4664 putida
898 4588 948 4646 est
971 4586 1045 4660 [pag.
1063 4586 1117 4660 48]
1138 4590 1171 4646 et
1221 4592 1255 4649 et
1275 4584 1404 4649 futilem
1425 4518 1601 4649 essehunc
1617 4598 1738 4646 nouum
1759 4581 1986 4663 antiquarium,
2007 4599 2104 4661 quam
2125 4581 2189 4645 fuit

180 4670 317 4750 inepta,
345 4665 403 4732 scd
430 4668 465 4731 in
493 4674 598 4731 totum
625 4667 842 4732 ministerium
869 4668 1029 4751 evangelii
1057 4675 1170 4731 contu·
1222 4669 1445 4752 Westphalus.
1501 4668 1624 4734 Mirum
1656 4674 1786 4743 autem,
1820 4687 1920 4748 quum
1952 4664 2086 4729 Ioannis
2118 4666 2187 4730 Da-

182 4752 339 4818 meliosa.
392 4753 495 4835 Ergo·
517 4752 660 4819 Paulum
694 4751 912 4836 blasphemiae
944 4766 1081 4830 accuset,
1114 4753 1170 4838 qui
1221 4755 1363 4821 maseeni
1390 4761 1424 4819 et
1450 4753 1685 4837 Theophylaeti
1716 4751 1911 4817 testimoniis
1944 4768 2018 4813 eum
2049 4751 2098 4825 uti
2126 4772 2187 4834 pu·

182 4839 367 4906 Christum
399 4837 478 4903 dicit
509 4837 545 4901 in
577 4838 671 4903 nobis
703 4838 851 4917 formari,
882 4839 975 4904 sicuti
1003 4839 1108 4903 foetus
1134 4838 1169 4902 in
1222 4840 1311 4915 duat,
1339 4860 1455 4905 vocare
1484 4848 1593 4903 tamen
1616 4858 1681 4902 non
1708 4845 1887 4920 postremos
1914 4836 1949 4899 in
1977 4835 2187 4917 scriptoribus

182 4934 298 4990 utero.
344 4924 429 4989 Nota
455 4933 534 4989 sunt
565 4924 665 4989 verba
693 4925 735 4988 ad
757 4924 908 4990 Galatas:
939 4923 1059 5002 Filioli‚
1088 4944 1170 5006 quos
1220 4925 1454 4993 ecelesiasticis.
1499 4925 1602 5007 Atqui
1629 4921 1704 5006 plus
1732 4922 1896 4988 doctrinae
1923 4940 1961 4985 ac
1983 4920 2113 5002 pietatis
2134 4943 2187 4987 re·

179 5010 315 5077 iterum
342 5011 498 5093 parturio,
528 5007 629 5074 donec
655 5010 814 5075 formetur
839 5012 874 5076 in
902 5011 994 5076 vobis
1017 5010 1169 5076 Christus
1220 5063 1423 5072 -,.-.-

183 5096 285 5196 (691·
305 5101 336 5173 4·
359 5099 421 5180 Ι9)·
466 5095 530 5161 Oui
551 5115 625 5194 ΠΨ,
639 5094 779 5194 multum
801 5095 949 5161 ³b⁸5mlle
975 5096 1059 5196 quod
1092 5092 1170 5160 “libi
1288 5128 1318 5189 1)
1339 5128 1473 5183 Notitiam
1499 5127 1580 5183 biblio
1599 5145 1632 5182 ra
1652 5129 1740 5183 hicum
1774 5123 1971 5180 accuratiorem
2003 5126 2186 5198 suppeditabit

185 5183 286 5248 dicut:
309 5182 424 5247 Donec
445 5189 596 5248 crescatis
616 5200 652 5244 ιιι
674 5200 783 5244 mrum
808 5182 996 5263 perfectum,
1018 5204 1053 5247 ιιι
1076 5201 1168 5245 men·
1225 5197 1342 5254 wacca
1360 5196 1430 5252 aaz.
1449 5196 1525 5252 theol.
1544 5195 1587 5251 ι,
1639 5195 1742 5265 seqq.
