4620 5828
181 147 245 214 479
859 144 922 210 Du
943 142 1073 210 vultu
1092 141 1486 211 PARTICIPA'HOND

183 334 242 402 sed
262 333 409 416 symbola
432 331 601 399 duntaxat.
645 332 748 414 Quasi
770 352 849 397 vero
871 351 971 398 coena
990 333 1078 399 veris
1088 330 1154 397 Dei
1205 331 1284 416 gelii
1310 331 1436 398 hactus
1454 321 1520 396 'est
1546 352 1644 414 quarn
1671 353 1791 398 coenae
1820 335 1916 416 (teate
1937 332 2042 399 Panlo
2068 333 2079 396 l
2103 332 2175 400 Cor.

181 418 359 488 cultoribus
381 440 447 484 non
469 417 619 485 coelestis
641 420 683 483 sit
705 418 798 496 actio,
827 416 880 483 vel
904 419 996 500 quasi
1017 416 1153 485 vohieu·
1209 418 1290 498 1‚9)
1312 415 1440 483 Christi
1468 424 1615 482 κοινωνία.
1667 417 1822 488 Vidimus
1850 418 1948 503 paulo
1977 426 2053 484 ante
2080 439 2176 502 quam

181 507 250 572 lam
264 509 289 586 ¹)
333 526 374 570 uo
395 502 556 573 mundum
584 503 845 570 transseeudant
895 500 963 567 Sed
990 502 1153 587 quidhoc
1189 524 1240 568 -so
1261 502 1435 586 magnifice
1462 503 1562 567 iactet
1583 503 1770 568 Heshusius
1796 505 1833 568 in
1861 525 1939 570 voce
1969 505 2039 570 hae
2089 505 2177 571 Pau·

182 591 224 657 ad
251 591 322 656 Hcs
347 589 477 655 asiam?
512 589 567 672 qui
595 610 662 655 nou
689 588 785 654 modo
814 586 965 655 subsistit
990 589 1027 661 in
1054 599 1152 666 terra,
1204 587 1257 653 lus
1274 599 1383 653 autem
1406 588 1490 672 quod
1507 587 1674 672 praedicat
1694 593 1768 668 [pag.
1781 594 1835 669 32]
1857 589 1897 655 de
1914 610 2023 666 coena
2046 598 2123 656 ante
2143 591 2178 656 in

180 676 239 743 sed
265 686 410 742 rostrum
437 697 533 743 suum
560 674 667 759 quoad
694 682 802 758 potest
832 672 1001 738 inlutum
1030 673 1151 757 defigit
1205 673 1369 757 evangelii
1390 673 1574 740 doctrinam
1596 673 1786 740 contulerat
1830 675 1903 740 Iam
1925 676 1952 741 si
1975 675 2108 741 auditur
2124 675 2178 743 hic

180 764 287 830 Docet
312 762 438 847 Paulus
468 783 531 843 ‚nos
558 760 694 827 induere
722 759 894 826 Christum
925 759 960 823 in
991 760 1152 843 baptismo
1205 772 1355 843 nugator,
1377 759 1455 844 quid
1476 759 1642 843 praeclara
1658 759 1717 825 illa
1735 758 1860 826 Christi
1881 761 2034 827 concione
2055 763 2121 839 fiet,
2143 763 2178 828 in

180 849 271 937 (Cal.
291 852 320 928 3,
339 848 410 931 27):
443 868 542 931 quam
576 845 683 929 lepide
709 844 956 911 ratiocinabitur
986 844 1063 911 hoo‘
1079 845 1152 910 fieri
1205 866 1270 927 qua
1292 865 1367 911 suos
1389 838 1676 929 discipulosunum
1695 847 1885 912 forosccum
1904 847 2076 929 promittit,
2094 847 2179 913 siout

179 958 246 1002 non
273 954 383 1019 posse,
417 933 445 999 si
474 932 627 998 Christus
655 933 692 997 in
723 930 812 998 coelo
842 929 996 995 maneat?
1051 931 1152 1014 Atqui
1205 931 1275 1013 ipse
1297 939 1331 995 et
1351 938 1444 1015 pater
1465 953 1567 996 uuum
1595 939 1687 1001 sunt:
1721 932 1850 1014 quando
1878 933 2014 997 minime
2042 933 2178 999 dubium

179 1017 293 1101 Paulo,
314 1019 393 1084 dum
413 1019 460 1083 ita
478 1017 631 1101 loquitur,
654 1038 822 1101 nunquam
841 1015 876 1082 in
898 1025 1042 1082 mentem
1060 1017 1153 1081 vonit
1205 1025 1257 1081 ost
1277 1016 1357 1099 quin
1379 1026 1556 1100 perpetuae
1576 1016 1715 1084 unitatis
1737 1017 1803 1083 illie
1825 1019 1883 1082 fiat
1903 1017 2048 1083 mentio?

181 1107 353 1174 Christum
383 1126 401 1170 e
426 1104 516 1171 coelo
545 1103 675 1169 elicere:
710 1103 788 1186 quia
814 1099 1028 1167 sciebatalio
1055 1100 1152 1166 modo
1291 1102 1359 1169 Noe
1380 1102 1560 1168 tolerabilis
1580 1102 1783 1186 impudentia
1804 1112 1862 1181 est,
1885 1103 1970 1187 quod
1991 1105 2028 1169 in
2050 1104 2113 1170 hac
2130 1105 2178 1170 fa

179 1193 273 1260 nobis
296 1213 366 1258 cese
388 1191 616 1267 coniunctum,
641 1209 703 1254 nec
731 1196 843 1252 tamen
865 1188 975 1252 minus
998 1208 1151 1270 praesen·
1205 1195 1262 1253 tna
1283 1188 1458 1273 partitione
1479 1187 1585 1253 rideri
1611 1187 1685 1253 vult
1706 1187 1893 1254 Hcshusius
1938 1199 2045 1254 atrum
2067 1190 2178 1255 imita·

180 1288 248 1345 tom
265 1276 620 1359 esseoiassanguinem
637 1273 679 1340 ad
696 1274 822 1341 animas
844 1271 1031 1351 abluendas,
1054 1294 1151 1355 quam
1204 1283 1264 1339 tor.
1299 1273 1390 1340 Citat
1410 1272 1517 1340 locum
1529 1273 1645 1359 Cyrilli
1667 1295 1707 1339 ex
1728 1279 1775 1339 15.
1794 1211 2042 1357 caplohannis.
2075 1274 2178 1357 Quasi

181 1368 225 1432 sit
245 1359 328 1448 aqua
350 1358 509 1429 abluendo
533 1360 669 1443 corpori.
707 1356 803 1441 ercd
824 1359 852 1440 si
874 1358 1030 1441 excipiat:
1052 1357 1151 1423 Aliud
1204 1380 1272 1425 non
1283 1359 1348 1426 illic
1361 1368 1473 1444 aperte
1484 1359 1629 1445 Cyrillus
1640 1381 1682 1425 ex
1692 1360 1938 1443 participatione
1949 1382 2024 1430 cum
2033 1358 2177 1441 Christo,

181 1473 252 1518 esse
273 1447 549 1529 comedensquarn
566 1445 712 1524 induere,
730 1442 923 1527 respondeo:
945 1444 1020 1509 Non
1043 1445 1152 1509 minus
1203 1466 1287 1528 quae
1312 1443 1405 1511 nobis
1433 1445 1468 1509 in
1496 1466 1597 1510 coena
1622 1445 1820 1524 ostenditur,
1848 1445 1980 1531 probari
2002 1445 2178 1512 contendat

180 1536 372 1603 indumento
401 1553 460 1597 nos
492 1531 687 1598 circumdari
714 1550 811 1620 qaam
839 1528 949 1595 cibum
977 1529 1152 1596 intranea
1203 1533 1263 1597 nos
1280 1531 1379 1597 simul
1396 1530 1576 1596 secundum
1595 1551 1726 1597 carnem
1744 1553 1818 1598 cum
1835 1553 1873 1597 co
1891 1552 1962 1597 esse
1978 1533 2176 1598 coniunctos

182 1623 337 1706 accipere.
391 1618 488 1685 Certe
522 1618 575 1688 vel
603 1616 745 1682 stultitia
766 1615 819 1681 vel
850 1614 976 1680 malitia
1009 1613 1152 1680 hominis
1202 1617 1361 1700 Disputat
1386 1638 1461 1682 cum
1483 1616 1649 1694 Arrianis,
1678 1617 1733 1701 qui
1761 1617 1900 1687 citantes
1920 1615 2046 1683 Christi
2076 1618 2178 1684 verba

181 1709 243 1775 hoc
262 1728 328 1771 rino
349 1704 544 1804 coarguitur,
565 1703 651 1784 quod
672 1701 797 1767 nullam
816 1701 880 1766 nisi
900 1698 1036 1781 localem
1057 1721 1152 1783 prae-
1204 1703 1332 1786 (Ioann.
1359 1705 1406 1780 17,
1431 1702 1503 1784 21);
1532 1702 1580 1769 Ut
1605 1703 1672 1767 siut
1693 1724 1797 1769 uuum
1819 1704 2004 1779 nobiscum,
2033 1703 2120 1769 sicut
2140 1712 2177 1770 tu

182 1792 320 1859 sentiam
352 1788 502 1856 admittit
556 1787 735 1874 Physioam
755 1793 861 1871 'urget
894 1785 986 1865 licet,
1018 1783 1058 1850 de
1091 1787 1153 1852 hoc
1205 1798 1297 1872 pater
1318 1796 1351 1853 et
1374 1809 1435 1873 ego
1457 1809 1559 1852 uuum
1587 1809 1714 1866 sumas,
1744 1809 1856 1853 coram
1883 1796 2178 1874 praetextumega·

181 1880 281 1946 mam
303 1876 484 1953 cavilletur,
506 1874 593 1941 sistit
609 1886 718 1939 tamen
741 1893 859 1955 corpus
870 1871 995 1937 Christi
1013 1871 1152 1937 ubicun·
1205 1873 1285 1939 baut
1304 1895 1340 1938 re
1361 1881 1395 1939 et
1416 1875 1557 1940 essentia
1572 1872 1742 1939 Christum
1762 1895 1833 1940 esso
1852 1896 1955 1939 unum
1977 1895 2051 1940 cam
2074 1885 2178 1958 patro,

181 1986 244 2049 quc
265 1971 316 2029 est
337 1962 439 2046 panis,
461 1966 495 2026 et
515 1959 651 2042 proinde
661 1955 829 2024 contendit
844 1955 992 2041 pluribus
1011 1961 1150 2047 [paam
1203 1959 1261 2025 scd
1280 1981 1440 2026 consensu
1451 1959 1618 2024 duntaxat
1651 1959 1725 2025 Hoc
1745 1959 1900 2025 cavillum
1920 1959 2045 2026 diluere
2063 1960 2179 2026 volens

180 2049 278 2118 simul
300 2069 370 2114 esse
391 2047 478 2112 loeis.
511 2045 637 2116 Vocem
657 2043 744 2110 hano
761 2041 890 2126 quando
909 2063 1068 2126 usurpare
1085 2064 1152 2107 non
1204 2045 1231 2110 C
1275 2045 1359 2123 llus,
1382 2044 1558 2128 respondet
1579 2066 1639 2109 nos
1660 2045 1875 2111 essentialiter
1894 2068 1997 2111 unum
2014 2068 2087 2112 esse
2104 2068 2179 2112 cum

181 2136 316 2213 dubitat,
339 2154 398 2200 our
419 2154 486 2197 non
508 2129 633 2197 dicetur
656 2129 848 2214 praesentia*
861 2128 973 2194 localis
995 2126 1036 2192 ad
1054 2149 1151 2211 quam
1203 2131 1230 2197 C
1274 2131 1351 2196 isto:
1385 2131 1425 2196 ad
1454 2129 1540 2213 quod
1591 2129 1772 2196 robandum
1798 2131 1867 2197 vim
1894 2132 2051 2216 mysticae
2080 2131 2179 2197 bene·

179 2242 239 2288 nos
261 2217 386 2285 trahit?
438 2215 595 2284 Eiusdem
623 2216 746 2280 farinae
772 2223 822 2280 est
848 2213 943 2280 illud:
976 2213 1053 2279 Non
1074 2234 1151 2280 vere
1203 2216 1352 2282 dictionis
1375 2215 1514 2281 adducit
1559 2151 1753 2281 Citanturn
1781 2214 1821 2281 de
1842 2227 2071 2293 momentanea
2091 2239 2179 2285 com-

180 2308 246 2374 acci
271 2307 283 2370 i
311 2324 442 2387 corpas,
470 2303 498 2368 si
526 2300 702 2388 symbolice
729 2299 894 2382 accipitur.
945 2298 1049 2381 Quasi
1076 2320 1152 2365 voro
1186 2303 1423 2381 ‚manicatione
1454 2310 1633 2385 pugnaret,
1666 2300 1744 2384 quid
1776 2300 1948 2385 frigidius?
1994 2301 2063 2368 Sed
2096 2302 2179 2368 nihil

180 2413 255 2477 sym
297 2391 328 2456 lo
366 2387 578 2454 excludamus
614 2386 661 2452 rei
701 2386 944 2451 exhibitionem.
1004 2383 1151 2450 Tandem
1204 2388 1339 2467 mirum,
1371 2388 1399 2453 si
1420 2387 1546 2451 abiecta
1573 2385 1770 2453 verecundia
1797 2387 1843 2453 ita
1864 2406 1900 2453 se
1920 2389 2072 2472 proiiciat
2092 2389 2178 2454 Hes-

81 2531 84 2539 .
180 2477 372 2562 praestigias
392 2495 464 2540 esee
486 2473 579 2550 dicit,
608 2472 672 2538 nisi
693 2473 850 2537 asseritur
872 2469 994 2554 duplex
1014 2469 1152 2536 mandu-
1204 2473 1327 2552 husius,
1350 2475 1408 2557 qui
1423 2473 1600 2557 Augustini
1620 2472 1800 2556 patrocinio
1822 2495 1887 2538 non
1909 2474 2017 2539 minus
2038 2472 2180 2562 fidenter

180 2562 274 2640 catio,
291 2558 469 2645 spiritualis
490 2565 524 2623 et
540 2557 725 2642 corporalis.
760 2555 868 2638 Quam
889 2556 1006 2623 inscite
1026 2564 1061 2621 et
1078 2576 1151 2640 per·
1203 2557 1364 2638 abutitur,
1392 2561 1488 2643 quem
1516 2565 1627 2623 tamen
1649 2568 1737 2623 totus
1757 2558 1899 2623 muudus
1920 2559 2014 2624 novit
2034 2560 2180 2626 maxime

179 2669 293 2733 peram
312 2666 395 2731 quae
416 2645 457 2734 uq
474 2643 635 2729 spirituali
656 2640 908 2708 manducatione
927 2641 1152 2726 testimonia²)
1204 2666 1274 2711 esse
1300 2644 1534 2725 aduersarium.
1580 2642 1756 2723 Sermone,
1776 2645 1907 2728 inquit,
1935 2644 2110 2711 undecimo
2139 2645 2179 2712 do

180 2735 339 2817 torqueat,
362 2732 469 2798 dicere
490 2728 695 2814 supersedeo,
726 2727 856 2812 quando
878 2727 988 2810 pueris
1008 2728 1089 2811 ipsis
1117 2748 1152 2792 se
1203 2728 1312 2795 verbis
1332 2729 1478 2808 Domini,
1501 2750 1654 2813 expresse
1672 2731 1794 2795 fatetur
1810 2728 1955 2796 diversos
1975 2731 2179 2797 essemedos

118 2827 121 2841 '
179 2819 258 2885 facit
277 2816 460 2884 ridiculum.
504 2814 600 2898 Quod
622 2814 666 2880 ad
685 2834 848 2879 errmmam
870 2813 917 2904 rei
937 2811 1094 2897 pertinet,
1123 2812 1153 2877 si
1203 2814 1423 2886 manducandi
1445 2835 1577 2881 earnem
1599 2813 1741 2894 Christi,
1769 2824 1811 2887 et¹
1829 2816 1972 2881 affirmat
1997 2815 2118 2882 Iudam
2147 2823 2180 2882 et

180 2905 298 2970 vitiosa
319 2911 370 2969 cst
390 2901 508 2968 divisio
530 2899 781 2968 cuiusmembra
801 2899 887 2964 inter
908 2919 944 2963 se
966 2897 1154 2964 coincidunt
1204 2901 1283 2967 alios
1305 2901 1494 2987 hypocritas
1513 2922 1626 2966 veram
1648 2899 1773 2966 Christi
1800 2922 1932 2966 carnem
1952 2900 2179 2970 manducasse.

180 2989 282 3075 (quod
306 2990 417 3072 pueris
442 2988 531 3053 inter
579 2987 662 3052 rima
688 2986 850 3059 elementa
878 2982 1033 3067 traditur)
1072 3005 1152 3068 quo·
1203 2988 1305 3071 Atqui
1327 2987 1356 3053 si
1377 3008 1395 3052 e
1418 2987 1544 3055 ithetou
1566 3007 1637 3052 esse
1672 2983 1913 3070 supposititium
1939 2994 2079 3069 constet,
2107 2989 2181 3072 quis

179 3075 275 3141 modo
297 3074 369 3140 vitii
392 3074 489 3139 huius
515 3008 646 3156 culpam
678 3070 869 3155 effugietl⁸)
922 3068 1009 3135 Nam
1037 3069 1067 3135 si
1087 3091 1153 3153 qua
1204 3081 1272 3143 tam
1294 3074 1399 3156 impro
1480 3071 1616 3138 falsitati
1632 3071 1802 3156 ignoscat?
1835 3073 1985 3156 Legatur
2002 3073 2105 3155 loc'us,
2126 3075 2182 3160 qui
2287 3116 2300 3147 Ἴ

180 3170 230 3228 est
250 3159 459 3226 manducatio
481 3180 548 3224 non
569 3156 763 3241 spiritualis,
791 3161 949 3239 ,sequetur
969 3157 1006 3221 in
1034 3175 1152 3221 menae
1202 3178 1257 3223 me
1278 3166 1407 3225 tacente
1433 3159 1468 3222 in
1490 3158 1579 3246 Vera
1604 3178 1702 3224 carne
1723 3157 1926 3223 Heshusium
1947 3158 2101 3242 probabit
2121 3160 2182 3226 fal·
2277 3178 2295 3298 p

178 3244 484 3334 mysterio'nullam
506 3264 576 3309 osse
593 3243 728 3326 spiritus
749 3243 979 3326 operationem.
1022 3239 1077 3306 Ita
1093 3263 1152 3306 nu·
1203 3244 1336 3310 sarium.
1380 3246 1428 3309 At
1449 3243 1584 3327 duplex,
1606 3243 1744 3326 inquiet,
1767 3242 1974 3309 manducatio
1995 3244 2065 3311 illic
2086 3246 2190 3330 poni·
2284 3299 2287 3328 ᾗ

180 3332 332 3399 turalitar
353 3330 522 3397 vocabitur
539 3327 664 3395 Christi
684 3349 769 3407 caro,
791 3349 858 3393 non
878 3348 971 3394 secus
992 3347 1030 3395 ao
1052 3327 1152 3393 eadu-
1202 3338 1265 3394 tur.
1316 3328 1420 3411 Quasi
1446 3350 1512 3395 non
1539 3328 1622 3395 haec
1647 3328 1764 3408 ¹eadem
1792 3328 1956 3396 distinctio
1982 3330 2019 3394 iu
2048 3332 2201 3416 seriptis
2267 3305 2286 3436 i

180 3439 238 3484 cns
260 3425 294 3482 et
314 3439 407 3484 eorru
432 3414 534 3482 tibilis
552 3414 657 3480 cibus:
691 3411 808 3479 deinde
859 3413 1010 3495 raecipua
1037 3412 1152 3477 salutis
1201 3435 1329 3498 quoquo
1350 3416 1614 3499 nostrispassim
1635 3422 1793 3480 occurrat
1826 3414 2017 3482 Promiscue
2036 3421 2116 3497 [pag.
2129 3423 2208 3500 aa}
2276 3445 2277 3448 ¹

179 3515 332 3569 aeternae
353 3524 408 3568 arr
473 3500 590 3585 spiritu
609 3499 740 3565 carebit.
772 3498 821 3565 Ut
835 3434 899 3565 hoo
916 3498 1059 3565 belluam
1076 3519 1151 3581 per·
1202 3500 1269 3566 illio
1291 3501 1498 3585 Augustinus
1526 3498 1639 3566 eodem
1664 3521 1763 3589 sensu
1784 3520 1916 3566 carnem
1938 3510 1972 3565 et
1991 3522 2216 3572 sacramen-
2257 3447 2276 3594 Ι

179 3588 293 3653 frictae
314 3588 432 3654 frontis
451 3609 518 3652 nou
538 3591 683 3651 moveat:
711 3604 831 3668 quaero
859 3606 902 3650 an
931 3593 1026 3649 extra
1054 3604 1150 3649 usam
1203 3594 1274 3650 tum
1302 3587 1410 3652 carnis
1439 3593 1678 3651 commemorat
1734 3584 1827 3653 Idem
1860 3596 1894 3651 et
1926 3586 1999 3652 aliis
2027 3587 2217 3677 pluribus
2247 3596 2266 3721 J

180 3694 300 3739 coenae
321 3673 413 3738 nulla
439 3673 483 3738 sit
509 3672 575 3737 alia
601 3670 809 3736 manducatio
836 3691 934 3752 quam
962 3669 1150 3753 spiritualis,
1202 3671 1281 3737 loeis
1301 3672 1406 3737 facore
1424 3672 1602 3737 consuevit
1635 3670 1674 3737 Si
1692 3671 1863 3755 explicatio
1881 3672 2060 3754 quaeritur,
2085 3697 2214 3742 namt)

180 3777 263 3843 quae
290 3752 469 3823 secundum
495 3758 602 3841 ipsum
630 3754 788 3840 corporali
816 3755 999 3839 opponitur.
1049 3756 1151 3839 Atqui
1203 3757 1265 3822 erit
1291 3756 1409 3823 clarior
1435 3758 1597 3840 interpres
1623 3778 1721 3839 quam
1745 3756 1825 3849 ipse.
1871 3757 1926 3822 Ex
1953 3720 2257 3863 similitudine,i

181 3849 292 3926 aperte
317 3844 460 3910 affirmat
483 3842 570 3909 hanc
598 3842 682 3906 nihil
710 3839 799 3907 aliud
826 3861 897 3906 ease
924 3860 1021 3924 quam
1042 3840 1151 3918 fidem,
1202 3843 1317 3925 inquit,
1330 3844 1355 3926 ¹)
1373 3864 1472 3926 qaam
1490 3841 1833 3920 habentsacramento
1850 3864 1925 3907 cum
1937 3844 2045 3924 rebus,
2065 3866 2198 3913 earum

180 3948 245 4012 qua
265 3927 358 4002 nobis
379 3927 579 4010 applicamus
601 3927 759 3994 beneficia
781 3927 896 3994 mortis
918 3925 1053 3992 Christi.
1084 3925 1152 3993 Ubi
1202 3928 1336 3993 nomina
1362 3948 1459 4011 saepe
1488 3928 1665 4012 accipiunt:
1693 3950 1758 4012 qaa
1784 3928 1911 3994 rationo
1932 3946 2198 3998 sacramentum

181 4034 260 4098 ergo
280 4013 344 4078 orit
364 4010 445 4077 illud
466 4013 577 4090 Pauli,
605 4035 666 4080 nos
687 4033 819 4080 carnem
846 4011 886 4077 de
905 4033 1003 4078 carne
1026 4010 1152 4079 Christi
1202 4013 1345 4097 corporis
1363 4012 1486 4080 Christi
1509 4034 1625 4096 eorpus
1643 4012 1769 4079 Christi
1790 4025 1849 4092 est,
1872 4013 2055 4081 secuudum
2078 4039 2190 4102 quen·
2225 4079 2226 4082 ,

180 4120 262 4179 ossa
284 4106 319 4163 et
339 4118 413 4162 ossa
434 4119 474 4162 ex
497 4097 623 4166 ossibus
645 4097 861 4182 eiusOEphee
881 4103 910 4176 5,
929 4096 1008 4182 30)?
1043 4096 1150 4179 Quor·
1202 4098 1279 4164 dam
1301 4098 1441 4165 modum.
1485 4099 1645 4165 Possetue
1667 4099 1785 4164 clarius
1807 4101 1919 4164 testari
1941 4100 2127 4187 improprie
2147 4123 2185 4168 ss

180 4207 255 4252 sum
277 4191 449 4249 evanescet
474 4182 532 4248 illa
559 4184 766 4251 exclamatio:
802 4183 876 4249 Hoc
899 4203 970 4249 esse
991 4204 1150 4269 magnum
1201 4205 1320 4267 corpus
1331 4183 1456 4258 Christi
1474 4206 1590 4259 vocare
1611 4204 1739 4267 panem,
1761 4184 1984 4251 similitudinis
2004 4185 2179 4272 respectu!

181 4269 376 4356 mysterium
398 4265 488 4350 (ibid.
505 4290 537 4333 v.
557 4270 634 4350 32)?
683 4271 769 4335 Nam
798 4269 826 4335 si
854 4278 986 4353 praetor
1006 4269 1150 4352 applica·
1201 4268 1293 4336 Dicit
1310 4270 1428 4336 alieubi
1445 4291 1564 4354 corpus
1575 4269 1699 4336 Christi
1717 4268 1832 4336 eadere
1848 4270 1884 4335 iu
1902 4280 2041 4340 terram:
2061 4295 2171 4358 nempe
2209 4286 2211 4288 ’

178 4357 304 4423 honam
322 4353 432 4419 meriti
452 4351 537 4417 nihil
557 4354 749 4439 relinquitur
770 4354 920 4421 fidelibus
942 4362 1037 4422 extra
1053 4375 1149 4438 prae·
1201 4375 1264 4437 quo
1294 4377 1392 4422 sensu
1419 4364 1453 4422 et
1474 4355 1622 4423 consumi
1643 4355 1831 4456 affirmat.²)
1874 4355 1947 4422 Nisi
1971 4358 2026 4425 hie
2048 4367 2169 4427 tenetur

178 4450 306 4511 senmm
325 4458 446 4507 coenae
466 4458 573 4514 usum,
595 4460 723 4524 sempor
743 4462 764 4505 a
784 4441 854 4508 suis
877 4440 1031 4507 membris
1053 4461 1147 4524 sopa-
1199 4462 1298 4525 quam
1320 4450 1395 4506 ante
1416 4442 1543 4508 notavit
1559 4441 1748 4520 similitudo,
1771 4441 1848 4525 quid
1865 4442 2062 4511 absurdius?
2107 4447 2166 4511 lino

178 4539 290 4608 ratum
309 4525 372 4593 erit
391 4539 498 4608 caput,
525 4523 589 4606 nisi
610 4544 648 4589 eo
669 4534 833 4592 momento
854 4547 917 4610 quo
938 4527 1033 4610 panis
1054 4526 1091 4591 in
1112 4547 1150 4591 os
1200 4547 1300 4611 quam
1327 4526 1463 4613 indigna
1490 4526 1653 4594 calumnia
1680 4528 1872 4612 gravabitur
1893 4540 2030 4596 sanetus
2052 4530 2164 4612 rir,ei

180 4622 215 4683 et
235 4622 351 4700 guttur
371 4609 549 4677 coniicitur.
599 4607 694 4676 Adde
717 4612 802 4695 quod
829 4633 895 4679 aon
917 4610 1027 4678 minus
1049 4632 1150 4683 cvan-
1201 4613 1342 4679 sensisse
1370 4613 1497 4680 dicatur
1524 4612 1648 4679 Christi
1679 4633 1797 4698 corpus
1829 4614 1918 4680 intra
1944 4616 2073 4684 viscera
2098 4637 2163 4684 oon·

1201 4697 1312 4764 sumi?
1356 4698 1461 4784 Porro
1487 4697 1566 4782 qaid
1587 4698 1774 4784 Augustino
1801 4699 1911 4766 valeat
1938 4700 2062 4787 duplex
2082 4723 2162 4791 maur

183 4770 386 4785 μαι-’.σοιν
436 4783 438 4787 ,
516 4776 518 4783 t

210 4985 216 5000 ι
249 4850 488 5043 iffiailiisilb
501 4917 530 4972 la
545 4913 734 4972 nmdaeation
751 4915 907 4984 spiritualis.
946 4919 1062 4976 Vertitur
1078 4922 1151 4977 mi-
1230 4958 1233 4964 ·
1364 4991 1371 5003 .
1611 4974 1613 4976 .
1641 4989 1648 5002 .
1839 4953 1842 4960 ,

184 4984 280 5123 mh)
299 5056 363 5126 quel
378 4987 608 5126 ,mim
625 5051 686 5109 d'ea
703 5051 823 5123 gneum
839 5061 903 5131 caat,
912 5033 1083 5131 opimitatis?
1232 5045 1233 5049 ¹
1269 4990 1301 5124 ill
1318 4988 1513 5115 glatiem
1527 4987 1702 5114 mazam
1745 5027 1749 5037 ⁴
