<?xml version="1.0" encoding="UTF-8"?>
<!DOCTYPE html PUBLIC "-//W3C//DTD XHTML 1.0 Transitional//EN"
    "http://www.w3.org/TR/xhtml1/DTD/xhtml1-transitional.dtd">
<html xmlns="http://www.w3.org/1999/xhtml" xml:lang="en" lang="en">
 <head>
  <title>
</title>
<meta http-equiv="Content-Type" content="text/html;charset=utf-8" />
  <meta name='ocr-system' content='tesseract 3.04.00' />
  <meta name='ocr-capabilities' content='ocr_page ocr_carea ocr_par ocr_line ocrx_word'/>
</head>
<body>
  <div class='ocr_page' id='page_1' title='image "./ioanniscalvinio01reusgoog_0203.png"; bbox 0 0 4748 5798; ppageno 0'>
   <div class='ocr_carea' id='block_1_1' title="bbox 146 259 2154 347">
    <p class='ocr_par' dir='ltr' id='par_1_1' title="bbox 146 259 2154 347">
     <span class='ocr_line' id='line_1_1' title="bbox 146 259 2154 347; baseline 0.003 -8"><span class='ocrx_word' id='word_1_1' title='bbox 146 262 221 340; x_wconf 69' lang='lat' dir='ltr'><strong>&#39;ecs</strong></span> <span class='ocrx_word' id='word_1_2' title='bbox 781 277 844 342; x_wconf 87' lang='lat' dir='ltr'><strong>na</strong></span> <span class='ocrx_word' id='word_1_3' title='bbox 867 273 1083 342; x_wconf 80' lang='lat' dir='ltr'><strong>oocunnu</strong></span> <span class='ocrx_word' id='word_1_4' title='bbox 1101 259 1183 342; x_wconf 79' lang='lat' dir='ltr'><strong>nai</strong></span> <span class='ocrx_word' id='word_1_5' title='bbox 1204 271 1536 341; x_wconf 79' lang='lat' dir='ltr'><strong>Paovmnuuus.</strong></span> <span class='ocrx_word' id='word_1_6' title='bbox 2094 284 2154 347; x_wconf 83' lang='lat'><strong>302</strong></span> 
     </span>
    </p>
   </div>
   <div class='ocr_carea' id='block_1_2' title="bbox 159 463 2156 806">
    <p class='ocr_par' dir='ltr' id='par_1_2' title="bbox 159 463 2156 806">
     <span class='ocr_line' id='line_1_2' title="bbox 159 463 2155 548; baseline 0.003 -20"><span class='ocrx_word' id='word_1_7' title='bbox 159 473 197 528; x_wconf 85' lang='lat' dir='ltr'><strong>et</strong></span> <span class='ocrx_word' id='word_1_8' title='bbox 219 464 388 530; x_wconf 86' lang='lat' dir='ltr'><strong>Dominus</strong></span> <span class='ocrx_word' id='word_1_9' title='bbox 402 484 521 548; x_wconf 87' lang='lat' dir='ltr'><strong>corpus</strong></span> <span class='ocrx_word' id='word_1_10' title='bbox 542 485 654 544; x_wconf 91' lang='lat' dir='ltr'><strong>suum,</strong></span> <span class='ocrx_word' id='word_1_11' title='bbox 683 473 716 529; x_wconf 91' lang='lat' dir='ltr'><strong>et</strong></span> <span class='ocrx_word' id='word_1_12' title='bbox 737 464 836 533; x_wconf 85' lang='lat' dir='ltr'><strong>Iudas</strong></span> <span class='ocrx_word' id='word_1_13' title='bbox 858 465 1046 544; x_wconf 90' lang='lat' dir='ltr'><strong>Dominum,</strong></span> <span class='ocrx_word' id='word_1_14' title='bbox 1077 486 1135 530; x_wconf 91' lang='lat' dir='ltr'><strong>cur</strong></span> <span class='ocrx_word' id='word_1_15' title='bbox 1186 463 1250 528; x_wconf 89' lang='lat' dir='ltr'><strong>Dei</strong></span> <span class='ocrx_word' id='word_1_16' title='bbox 1273 463 1416 547; x_wconf 88' lang='lat' dir='ltr'><strong>disputo:</strong></span> <span class='ocrx_word' id='word_1_17' title='bbox 1440 473 1473 529; x_wconf 91' lang='lat' dir='ltr'><strong>et</strong></span> <span class='ocrx_word' id='word_1_18' title='bbox 1492 465 1586 531; x_wconf 87' lang='lat' dir='ltr'><strong>facile</strong></span> <span class='ocrx_word' id='word_1_19' title='bbox 1606 465 1852 548; x_wconf 88' lang='lat' dir='ltr'><strong>deprehendent</strong></span> <span class='ocrx_word' id='word_1_20' title='bbox 1874 480 1947 531; x_wconf 83' lang='lat' dir='ltr'><strong>tues</strong></span> <span class='ocrx_word' id='word_1_21' title='bbox 1965 486 2078 532; x_wconf 88' lang='lat' dir='ltr'><strong>omnes</strong></span> <span class='ocrx_word' id='word_1_22' title='bbox 2097 489 2155 534; x_wconf 89' lang='lat' dir='ltr'><strong>ne-</strong></span> 
     </span>
     <span class='ocr_line' id='line_1_3' title="bbox 163 548 2155 634; baseline 0.002 -20"><span class='ocrx_word' id='word_1_23' title='bbox 163 551 199 614; x_wconf 93' lang='lat' dir='ltr'><strong>in</strong></span> <span class='ocrx_word' id='word_1_24' title='bbox 223 549 285 615; x_wconf 90' lang='lat' dir='ltr'><strong>hac</strong></span> <span class='ocrx_word' id='word_1_25' title='bbox 314 550 490 615; x_wconf 76' lang='lat' dir='ltr'><strong>traditione</strong></span> <span class='ocrx_word' id='word_1_26' title='bbox 512 551 604 616; x_wconf 87' lang='lat' dir='ltr'><strong>Deus</strong></span> <span class='ocrx_word' id='word_1_27' title='bbox 631 559 681 615; x_wconf 89' lang='lat' dir='ltr'><strong>est</strong></span> <span class='ocrx_word' id='word_1_28' title='bbox 710 551 834 629; x_wconf 89' lang='lat' dir='ltr'><strong>iustus,</strong></span> <span class='ocrx_word' id='word_1_29' title='bbox 864 559 898 614; x_wconf 89' lang='lat' dir='ltr'><strong>et</strong></span> <span class='ocrx_word' id='word_1_30' title='bbox 923 550 1020 616; x_wconf 92' lang='lat' dir='ltr'><strong>homo</strong></span> <span class='ocrx_word' id='word_1_31' title='bbox 1047 568 1134 628; x_wconf 87' lang='lat' dir='ltr'><strong>reus,</strong></span> <span class='ocrx_word' id='word_1_32' title='bbox 1186 548 1279 614; x_wconf 90' lang='lat' dir='ltr'><strong>bulas</strong></span> <span class='ocrx_word' id='word_1_33' title='bbox 1307 550 1387 614; x_wconf 90' lang='lat' dir='ltr'><strong>satis</strong></span> <span class='ocrx_word' id='word_1_34' title='bbox 1416 570 1578 634; x_wconf 82' lang='lat' dir='ltr'>superque</span> <span class='ocrx_word' id='word_1_35' title='bbox 1611 550 1677 616; x_wconf 91' lang='lat' dir='ltr'><strong>illic</strong></span> <span class='ocrx_word' id='word_1_36' title='bbox 1706 572 1776 616; x_wconf 90' lang='lat' dir='ltr'><strong>esse</strong></span> <span class='ocrx_word' id='word_1_37' title='bbox 1805 551 1976 617; x_wconf 84' lang='lat' dir='ltr'><strong>discussas.</strong></span> <span class='ocrx_word' id='word_1_38' title='bbox 2027 553 2155 618; x_wconf 83' lang='lat' dir='ltr'><strong>Adiun-</strong></span> 
     </span>
     <span class='ocr_line' id='line_1_4' title="bbox 163 635 2156 721; baseline 0.003 -21"><span class='ocrx_word' id='word_1_39' title='bbox 163 636 228 700; x_wconf 88' lang='lat' dir='ltr'><strong>nisi</strong></span> <span class='ocrx_word' id='word_1_40' title='bbox 249 636 326 718; x_wconf 90' lang='lat' dir='ltr'><strong>quia</strong></span> <span class='ocrx_word' id='word_1_41' title='bbox 346 636 382 701; x_wconf 92' lang='lat' dir='ltr'><strong>in</strong></span> <span class='ocrx_word' id='word_1_42' title='bbox 403 648 440 700; x_wconf 88' lang='lat' dir='ltr'><strong>re</strong></span> <span class='ocrx_word' id='word_1_43' title='bbox 462 655 530 700; x_wconf 90' lang='lat' dir='ltr'><strong>nna</strong></span> <span class='ocrx_word' id='word_1_44' title='bbox 550 655 648 719; x_wconf 88' lang='lat' dir='ltr'><strong>quam</strong></span> <span class='ocrx_word' id='word_1_45' title='bbox 670 637 834 716; x_wconf 87' lang='lat' dir='ltr'><strong>fecerunt,</strong></span> <span class='ocrx_word' id='word_1_46' title='bbox 863 655 961 703; x_wconf 85' lang='lat' dir='ltr'><strong>causa</strong></span> <span class='ocrx_word' id='word_1_47' title='bbox 982 659 1048 702; x_wconf 90' lang='lat' dir='ltr'><strong>nou</strong></span> <span class='ocrx_word' id='word_1_48' title='bbox 1069 657 1135 702; x_wconf 87' lang='lat' dir='ltr'><strong>una</strong></span> <span class='ocrx_word' id='word_1_49' title='bbox 1187 643 1281 717; x_wconf 86' lang='lat' dir='ltr'><strong>gant,</strong></span> <span class='ocrx_word' id='word_1_50' title='bbox 1310 636 1338 700; x_wconf 92' lang='lat' dir='ltr'><strong>si</strong></span> <span class='ocrx_word' id='word_1_51' title='bbox 1360 635 1484 718; x_wconf 88' lang='lat' dir='ltr'><strong>placet,</strong></span> <span class='ocrx_word' id='word_1_52' title='bbox 1513 638 1604 719; x_wconf 84' lang='lat' dir='ltr'><strong>qnae</strong></span> <span class='ocrx_word' id='word_1_53' title='bbox 1617 637 1654 701; x_wconf 90' lang='lat' dir='ltr'><strong>in</strong></span> <span class='ocrx_word' id='word_1_54' title='bbox 1676 636 1853 702; x_wconf 86' lang='lat' dir='ltr'><strong>seeundum</strong></span> <span class='ocrx_word' id='word_1_55' title='bbox 1875 638 2035 702; x_wconf 84' lang='lat' dir='ltr'><strong>Actorum</strong></span> <span class='ocrx_word' id='word_1_56' title='bbox 2057 646 2156 721; x_wconf 89' lang='lat' dir='ltr'><strong>capnt</strong></span> 
     </span>
     <span class='ocr_line' id='line_1_5' title="bbox 164 720 2156 806; baseline 0.002 -20"><span class='ocrx_word' id='word_1_57' title='bbox 164 731 215 786; x_wconf 88' lang='lat' dir='ltr'><strong>est</strong></span> <span class='ocrx_word' id='word_1_58' title='bbox 236 721 277 786; x_wconf 94' lang='lat' dir='ltr'><strong>ob</strong></span> <span class='ocrx_word' id='word_1_59' title='bbox 299 741 396 805; x_wconf 85' lang='lat' dir='ltr'><strong>quam</strong></span> <span class='ocrx_word' id='word_1_60' title='bbox 418 721 597 787; x_wconf 75' lang='lat' dir='ltr'><strong>fecerunt?</strong></span> <span class='ocrx_word' id='word_1_61' title='bbox 636 722 753 804; x_wconf 88' lang='lat' dir='ltr'><strong>Itaque</strong></span> <span class='ocrx_word' id='word_1_62' title='bbox 775 722 884 806; x_wconf 91' lang='lat' dir='ltr'><strong>palam</strong></span> <span class='ocrx_word' id='word_1_63' title='bbox 905 734 1049 788; x_wconf 75' lang='lat' dir='ltr'><strong>asserere</strong></span> <span class='ocrx_word' id='word_1_64' title='bbox 1068 745 1135 788; x_wconf 91' lang='lat' dir='ltr'><strong>non</strong></span> <span class='ocrx_word' id='word_1_65' title='bbox 1186 720 1311 804; x_wconf 85' lang='lat' dir='ltr'><strong>scripsi.</strong></span> <span class='ocrx_word' id='word_1_66' title='bbox 1344 720 1505 786; x_wconf 83' lang='lat' dir='ltr'><strong>Homines</strong></span> <span class='ocrx_word' id='word_1_67' title='bbox 1526 742 1627 804; x_wconf 91' lang='lat' dir='ltr'><strong>quum</strong></span> <span class='ocrx_word' id='word_1_68' title='bbox 1648 721 1703 786; x_wconf 93' lang='lat' dir='ltr'><strong>vel</strong></span> <span class='ocrx_word' id='word_1_69' title='bbox 1724 723 1848 787; x_wconf 87' lang='lat' dir='ltr'><strong>furtum</strong></span> <span class='ocrx_word' id='word_1_70' title='bbox 1870 723 1923 787; x_wconf 91' lang='lat' dir='ltr'><strong>vel</strong></span> <span class='ocrx_word' id='word_1_71' title='bbox 1943 722 2156 790; x_wconf 80' lang='lat' dir='ltr'><strong>homicidium</strong></span> 
     </span>
    </p>
   </div>
   <div class='ocr_carea' id='block_1_3' title="bbox 165 803 2280 891">
    <p class='ocr_par' dir='ltr' id='par_1_3' title="bbox 165 803 2280 891">
     <span class='ocr_line' id='line_1_6' title="bbox 165 803 2280 891; baseline 0.002 -20"><span class='ocrx_word' id='word_1_72' title='bbox 165 806 296 873; x_wconf 88' lang='lat' dir='ltr'><strong>dubitat</strong></span> <span class='ocrx_word' id='word_1_73' title='bbox 315 803 437 873; x_wconf 81' lang='lat' dir='ltr'><strong>Petrus</strong></span> <span class='ocrx_word' id='word_1_74' title='bbox 460 809 546 891; x_wconf 87' lang='lat' dir='ltr'><strong>(Act.</strong></span> <span class='ocrx_word' id='word_1_75' title='bbox 566 813 596 884; x_wconf 81' lang='lat'><strong>4,</strong></span> <span class='ocrx_word' id='word_1_76' title='bbox 615 810 670 884; x_wconf 80' lang='lat'><strong>28)</strong></span> <span class='ocrx_word' id='word_1_77' title='bbox 688 808 843 887; x_wconf 90' lang='lat' dir='ltr'><strong>Pilatum,</strong></span> <span class='ocrx_word' id='word_1_78' title='bbox 865 807 984 873; x_wconf 86' lang='lat' dir='ltr'><strong>Iudam</strong></span> <span class='ocrx_word' id='word_1_79' title='bbox 1006 817 1039 873; x_wconf 90' lang='lat' dir='ltr'><strong>et</strong></span> <span class='ocrx_word' id='word_1_80' title='bbox 1056 808 1136 874; x_wconf 93' lang='lat' dir='ltr'><strong>alios</strong></span> <span class='ocrx_word' id='word_1_81' title='bbox 1187 817 1388 889; x_wconf 86' lang='lat' dir='ltr'><strong>perpetrant,</strong></span> <span class='ocrx_word' id='word_1_82' title='bbox 1411 806 1483 872; x_wconf 94' lang='lat' dir='ltr'><strong>ideo</strong></span> <span class='ocrx_word' id='word_1_83' title='bbox 1506 816 1644 891; x_wconf 86' lang='lat' dir='ltr'><strong>peccant</strong></span> <span class='ocrx_word' id='word_1_84' title='bbox 1664 810 1741 891; x_wconf 89' lang='lat' dir='ltr'><strong>quia</strong></span> <span class='ocrx_word' id='word_1_85' title='bbox 1757 809 1847 873; x_wconf 88' lang='lat' dir='ltr'><strong>fures</strong></span> <span class='ocrx_word' id='word_1_86' title='bbox 1865 816 1942 873; x_wconf 90' lang='lat' dir='ltr'><strong>sunt</strong></span> <span class='ocrx_word' id='word_1_87' title='bbox 1963 815 1997 873; x_wconf 92' lang='lat' dir='ltr'><strong>et</strong></span> <span class='ocrx_word' id='word_1_88' title='bbox 2019 809 2155 876; x_wconf 91' lang='lat' dir='ltr'><strong>homiui·</strong></span> <span class='ocrx_word' id='word_1_89' title='bbox 2274 854 2280 865; x_wconf 84' lang='lat'><strong>·</strong></span> 
     </span>
    </p>
   </div>
   <div class='ocr_carea' id='block_1_4' title="bbox 160 879 2225 3036">
    <p class='ocr_par' dir='ltr' id='par_1_4' title="bbox 160 879 2225 2181">
     <span class='ocr_line' id='line_1_7' title="bbox 163 879 2156 976; baseline 0.002 -19"><span class='ocrx_word' id='word_1_90' title='bbox 163 892 283 976; x_wconf 91' lang='lat' dir='ltr'><strong>impios</strong></span> <span class='ocrx_word' id='word_1_91' title='bbox 306 893 419 959; x_wconf 86' lang='lat' dir='ltr'><strong>fecisse</strong></span> <span class='ocrx_word' id='word_1_92' title='bbox 442 913 525 976; x_wconf 90' lang='lat' dir='ltr'><strong>quae</strong></span> <span class='ocrx_word' id='word_1_93' title='bbox 547 879 718 958; x_wconf 90' lang='lat' dir='ltr'><strong>consilium</strong></span> <span class='ocrx_word' id='word_1_94' title='bbox 746 903 780 958; x_wconf 89' lang='lat' dir='ltr'><strong>et</strong></span> <span class='ocrx_word' id='word_1_95' title='bbox 800 914 919 960; x_wconf 86' lang='lat' dir='ltr'><strong>manus</strong></span> <span class='ocrx_word' id='word_1_96' title='bbox 939 892 1004 958; x_wconf 89' lang='lat' dir='ltr'><strong>Dei</strong></span> <span class='ocrx_word' id='word_1_97' title='bbox 1025 895 1136 959; x_wconf 89' lang='lat' dir='ltr'><strong>decre·</strong></span> <span class='ocrx_word' id='word_1_98' title='bbox 1188 890 1256 956; x_wconf 89' lang='lat' dir='ltr'><strong>dae.</strong></span> <span class='ocrx_word' id='word_1_99' title='bbox 1302 892 1343 956; x_wconf 93' lang='lat' dir='ltr'><strong>In</strong></span> <span class='ocrx_word' id='word_1_100' title='bbox 1364 893 1451 958; x_wconf 84' lang='lat' dir='ltr'><strong>furto</strong></span> <span class='ocrx_word' id='word_1_101' title='bbox 1473 902 1585 960; x_wconf 89' lang='lat' dir='ltr'><strong>autem</strong></span> <span class='ocrx_word' id='word_1_102' title='bbox 1612 902 1647 958; x_wconf 89' lang='lat' dir='ltr'><strong>et</strong></span> <span class='ocrx_word' id='word_1_103' title='bbox 1667 892 1848 960; x_wconf 89' lang='lat' dir='ltr'><strong>homicidio·</strong></span> <span class='ocrx_word' id='word_1_104' title='bbox 1864 893 2056 959; x_wconf 84' lang='lat' dir='ltr'><strong>sceleratum</strong></span> <span class='ocrx_word' id='word_1_105' title='bbox 2079 916 2156 961; x_wconf 89' lang='lat' dir='ltr'><strong>con·</strong></span> 
     </span>
     <span class='ocr_line' id='line_1_8' title="bbox 164 976 2156 1064; baseline 0.003 -21"><span class='ocrx_word' id='word_1_106' title='bbox 164 991 297 1043; x_wconf 88' lang='lat' dir='ltr'><strong>verant:</strong></span> <span class='ocrx_word' id='word_1_107' title='bbox 327 978 413 1045; x_wconf 90' lang='lat' dir='ltr'><strong>sieut</strong></span> <span class='ocrx_word' id='word_1_108' title='bbox 434 978 531 1062; x_wconf 84' lang='lat' dir='ltr'><strong>paulo</strong></span> <span class='ocrx_word' id='word_1_109' title='bbox 559 987 635 1044; x_wconf 91' lang='lat' dir='ltr'><strong>ante</strong></span> <span class='ocrx_word' id='word_1_110' title='bbox 657 978 786 1046; x_wconf 76' lang='lat' dir='ltr'><strong>dixerat</strong></span> <span class='ocrx_word' id='word_1_111' title='bbox 808 979 978 1046; x_wconf 80' lang='lat' dir='ltr'><strong>Christum</strong></span> <span class='ocrx_word' id='word_1_112' title='bbox 1001 980 1136 1046; x_wconf 86' lang='lat' dir='ltr'><strong>definito</strong></span> <span class='ocrx_word' id='word_1_113' title='bbox 1188 976 1306 1042; x_wconf 89' lang='lat' dir='ltr'><strong>silium.</strong></span> <span class='ocrx_word' id='word_1_114' title='bbox 1346 979 1443 1043; x_wconf 79' lang='lat' dir='ltr'><strong>&#39;Deus</strong></span> <span class='ocrx_word' id='word_1_115' title='bbox 1464 981 1520 1062; x_wconf 92' lang='lat' dir='ltr'><strong>qui</strong></span> <span class='ocrx_word' id='word_1_116' title='bbox 1541 979 1673 1044; x_wconf 86' lang='lat' dir='ltr'><strong>illorum</strong></span> <span class='ocrx_word' id='word_1_117' title='bbox 1694 979 1821 1044; x_wconf 87' lang='lat' dir='ltr'><strong>malitia</strong></span> <span class='ocrx_word' id='word_1_118' title='bbox 1842 981 1962 1059; x_wconf 88' lang='lat' dir='ltr'><strong>utitur,</strong></span> <span class='ocrx_word' id='word_1_119' title='bbox 1990 983 2156 1064; x_wconf 78' lang='lat' dir='ltr'><strong>superiore</strong></span> 
     </span>
     <span class='ocr_line' id='line_1_9' title="bbox 165 1062 2155 1151; baseline 0.002 -22"><span class='ocrx_word' id='word_1_120' title='bbox 165 1064 300 1130; x_wconf 87' lang='lat' dir='ltr'><strong>consilio</strong></span> <span class='ocrx_word' id='word_1_121' title='bbox 322 1062 402 1142; x_wconf 89' lang='lat' dir='ltr'><strong>Dei,</strong></span> <span class='ocrx_word' id='word_1_122' title='bbox 429 1075 464 1130; x_wconf 90' lang='lat' dir='ltr'><strong>et</strong></span> <span class='ocrx_word' id='word_1_123' title='bbox 489 1062 707 1149; x_wconf 79' lang='lat' dir='ltr'><strong>‘praescientia</strong></span> <span class='ocrx_word' id='word_1_124' title='bbox 733 1065 833 1130; x_wconf 90' lang='lat' dir='ltr'><strong>fuisse</strong></span> <span class='ocrx_word' id='word_1_125' title='bbox 860 1063 1020 1130; x_wconf 87' lang='lat' dir='ltr'><strong>traditum</strong></span> <span class='ocrx_word' id='word_1_126' title='bbox 1048 1066 1137 1151; x_wconf 86' lang='lat' dir='ltr'><strong>(Act.</strong></span> <span class='ocrx_word' id='word_1_127' title='bbox 1187 1062 1223 1127; x_wconf 92' lang='lat' dir='ltr'><strong>in</strong></span> <span class='ocrx_word' id='word_1_128' title='bbox 1243 1062 1347 1146; x_wconf 89' lang='lat' dir='ltr'><strong>gradu</strong></span> <span class='ocrx_word' id='word_1_129' title='bbox 1370 1064 1528 1130; x_wconf 90' lang='lat' dir='ltr'><strong>locandus</strong></span> <span class='ocrx_word' id='word_1_130' title='bbox 1549 1076 1608 1130; x_wconf 85' lang='lat' dir='ltr'><strong>est.</strong></span> <span class='ocrx_word' id='word_1_131' title='bbox 1659 1065 1774 1150; x_wconf 85' lang='lat' dir='ltr'><strong>Longe</strong></span> <span class='ocrx_word' id='word_1_132' title='bbox 1797 1067 1885 1130; x_wconf 93' lang='lat' dir='ltr'><strong>euim</strong></span> <span class='ocrx_word' id='word_1_133' title='bbox 1909 1064 1999 1131; x_wconf 89' lang='lat' dir='ltr'><strong>aliud</strong></span> <span class='ocrx_word' id='word_1_134' title='bbox 2020 1076 2155 1150; x_wconf 90' lang='lat' dir='ltr'><strong>spectat,</strong></span> 
     </span>
     <span class='ocr_line' id='line_1_10' title="bbox 165 1149 2156 1237; baseline 0.002 -23"><span class='ocrx_word' id='word_1_135' title='bbox 165 1153 194 1225; x_wconf 88' lang='lat'><strong>2,</strong></span> <span class='ocrx_word' id='word_1_136' title='bbox 214 1153 281 1225; x_wconf 82' lang='lat'><strong>23).</strong></span> <span class='ocrx_word' id='word_1_137' title='bbox 331 1149 370 1216; x_wconf 81' lang='lat' dir='ltr'><strong>si</strong></span> <span class='ocrx_word' id='word_1_138' title='bbox 398 1151 434 1215; x_wconf 90' lang='lat' dir='ltr'><strong>iu</strong></span> <span class='ocrx_word' id='word_1_139' title='bbox 462 1169 542 1216; x_wconf 86' lang='lat' dir='ltr'><strong>voce</strong></span> <span class='ocrx_word' id='word_1_140' title='bbox 567 1151 801 1233; x_wconf 87' lang='lat' dir='ltr'><strong>praescientiae</strong></span> <span class='ocrx_word' id='word_1_141' title='bbox 829 1151 1074 1236; x_wconf 85' lang='lat' dir='ltr'><strong>tergiversaris,</strong></span> <span class='ocrx_word' id='word_1_142' title='bbox 1103 1160 1137 1216; x_wconf 91' lang='lat' dir='ltr'><strong>te</strong></span> <span class='ocrx_word' id='word_1_143' title='bbox 1188 1149 1263 1231; x_wconf 88' lang='lat' dir='ltr'><strong>quia</strong></span> <span class='ocrx_word' id='word_1_144' title='bbox 1290 1149 1431 1215; x_wconf 85' lang='lat' dir='ltr'><strong>alterum</strong></span> <span class='ocrx_word' id='word_1_145' title='bbox 1457 1150 1530 1215; x_wconf 91' lang='lat' dir='ltr'><strong>vult</strong></span> <span class='ocrx_word' id='word_1_146' title='bbox 1558 1152 1733 1236; x_wconf 75' lang='lat' dir='ltr'><strong>castigare,</strong></span> <span class='ocrx_word' id='word_1_147' title='bbox 1761 1151 1896 1216; x_wconf 85' lang='lat' dir='ltr'><strong>alterius</strong></span> <span class='ocrx_word' id='word_1_148' title='bbox 1921 1161 2074 1218; x_wconf 80' lang='lat' dir='ltr'><strong>exercere</strong></span> <span class='ocrx_word' id='word_1_149' title='bbox 2097 1174 2156 1237; x_wconf 90' lang='lat' dir='ltr'><strong>pa·</strong></span> 
     </span>
     <span class='ocr_line' id='line_1_11' title="bbox 164 1235 2155 1325; baseline 0.002 -25"><span class='ocrx_word' id='word_1_150' title='bbox 164 1235 296 1302; x_wconf 89' lang='lat' dir='ltr'><strong>abunde</strong></span> <span class='ocrx_word' id='word_1_151' title='bbox 318 1235 438 1302; x_wconf 80' lang='lat' dir='ltr'><strong>refellit</strong></span> <span class='ocrx_word' id='word_1_152' title='bbox 458 1235 604 1302; x_wconf 87' lang='lat' dir='ltr'><strong>definitio</strong></span> <span class='ocrx_word' id='word_1_153' title='bbox 625 1237 764 1325; x_wconf 78' lang='lat' dir='ltr'><strong>consilii:</strong></span> <span class='ocrx_word' id='word_1_154' title='bbox 788 1257 847 1302; x_wconf 91' lang='lat' dir='ltr'><strong>nec</strong></span> <span class='ocrx_word' id='word_1_155' title='bbox 869 1237 1046 1321; x_wconf 86' lang='lat' dir='ltr'><strong>quidquam</strong></span> <span class='ocrx_word' id='word_1_156' title='bbox 1066 1258 1136 1301; x_wconf 89' lang='lat' dir='ltr'><strong>am-</strong></span> <span class='ocrx_word' id='word_1_157' title='bbox 1188 1235 1351 1299; x_wconf 78' lang='lat' dir='ltr'><strong>tientiamr</strong></span> <span class='ocrx_word' id='word_1_158' title='bbox 1374 1244 1472 1318; x_wconf 86' lang='lat' dir='ltr'><strong>atque</strong></span> <span class='ocrx_word' id='word_1_159' title='bbox 1491 1237 1538 1300; x_wconf 87' lang='lat' dir='ltr'><strong>ita</strong></span> <span class='ocrx_word' id='word_1_160' title='bbox 1559 1251 1728 1320; x_wconf 85' lang='lat' dir='ltr'><strong>nunquam</strong></span> <span class='ocrx_word' id='word_1_161' title='bbox 1750 1259 1769 1302; x_wconf 91' lang='lat' dir='ltr'><strong>a</strong></span> <span class='ocrx_word' id='word_1_162' title='bbox 1792 1258 1851 1302; x_wconf 90' lang='lat' dir='ltr'><strong>sua</strong></span> <span class='ocrx_word' id='word_1_163' title='bbox 1867 1246 1994 1316; x_wconf 88' lang='lat' dir='ltr'><strong>natura,</strong></span> <span class='ocrx_word' id='word_1_164' title='bbox 2016 1239 2078 1304; x_wconf 92' lang='lat' dir='ltr'><strong>hoc</strong></span> <span class='ocrx_word' id='word_1_165' title='bbox 2096 1249 2155 1318; x_wconf 90' lang='lat' dir='ltr'><strong>est,</strong></span> 
     </span>
     <span class='ocr_line' id='line_1_12' title="bbox 163 1319 2155 1406; baseline 0.002 -19"><span class='ocrx_word' id='word_1_166' title='bbox 163 1320 333 1406; x_wconf 83' lang='lat' dir='ltr'><strong>biguitatis</strong></span> <span class='ocrx_word' id='word_1_167' title='bbox 359 1322 629 1405; x_wconf 81' lang='lat' dir='ltr'><strong>relinquitprior</strong></span> <span class='ocrx_word' id='word_1_168' title='bbox 655 1322 761 1402; x_wconf 90' lang='lat' dir='ltr'><strong>locus,</strong></span> <span class='ocrx_word' id='word_1_169' title='bbox 786 1319 932 1388; x_wconf 87' lang='lat' dir='ltr'><strong>Pilatum</strong></span> <span class='ocrx_word' id='word_1_170' title='bbox 960 1331 993 1388; x_wconf 89' lang='lat' dir='ltr'><strong>et</strong></span> <span class='ocrx_word' id='word_1_171' title='bbox 1020 1323 1136 1406; x_wconf 83' lang='lat' dir='ltr'><strong>impios</strong></span> <span class='ocrx_word' id='word_1_172' title='bbox 1187 1321 1330 1402; x_wconf 89' lang='lat' dir='ltr'><strong>perfecta</strong></span> <span class='ocrx_word' id='word_1_173' title='bbox 1350 1320 1544 1387; x_wconf 87' lang='lat' dir='ltr'><strong>rectitudine</strong></span> <span class='ocrx_word' id='word_1_174' title='bbox 1567 1322 1718 1388; x_wconf 88' lang='lat' dir='ltr'><strong>deflectit.</strong></span> <span class='ocrx_word' id='word_1_175' title='bbox 1752 1321 1840 1404; x_wconf 75' lang='lat' dir='ltr'><strong>Quia</strong></span> <span class='ocrx_word' id='word_1_176' title='bbox 1859 1344 1937 1389; x_wconf 92' lang='lat' dir='ltr'><strong>vero</strong></span> <span class='ocrx_word' id='word_1_177' title='bbox 1959 1324 2155 1390; x_wconf 89' lang='lat' dir='ltr'><strong>maleficium</strong></span> 
     </span>
     <span class='ocr_line' id='line_1_13' title="bbox 163 1406 2156 1492; baseline 0.001 -18"><span class='ocrx_word' id='word_1_178' title='bbox 163 1407 280 1474; x_wconf 82' lang='lat' dir='ltr'><strong>fecisse</strong></span> <span class='ocrx_word' id='word_1_179' title='bbox 302 1407 387 1490; x_wconf 91' lang='lat' dir='ltr'><strong>quod</strong></span> <span class='ocrx_word' id='word_1_180' title='bbox 412 1409 484 1473; x_wconf 86' lang='lat' dir='ltr'><strong>fieri</strong></span> <span class='ocrx_word' id='word_1_181' title='bbox 501 1408 702 1476; x_wconf 68' lang='lat' dir='ltr'><strong>comment</strong></span> <span class='ocrx_word' id='word_1_182' title='bbox 729 1407 897 1473; x_wconf 90' lang='lat' dir='ltr'><strong>consilium</strong></span> <span class='ocrx_word' id='word_1_183' title='bbox 925 1418 958 1473; x_wconf 90' lang='lat' dir='ltr'><strong>et</strong></span> <span class='ocrx_word' id='word_1_184' title='bbox 979 1408 1045 1475; x_wconf 91' lang='lat' dir='ltr'><strong>Dei</strong></span> <span class='ocrx_word' id='word_1_185' title='bbox 1065 1431 1135 1474; x_wconf 90' lang='lat' dir='ltr'><strong>ma·</strong></span> <span class='ocrx_word' id='word_1_186' title='bbox 1187 1425 1207 1469; x_wconf 91' lang='lat' dir='ltr'><strong>a</strong></span> <span class='ocrx_word' id='word_1_187' title='bbox 1234 1406 1301 1470; x_wconf 88' lang='lat' dir='ltr'><strong>fine</strong></span> <span class='ocrx_word' id='word_1_188' title='bbox 1326 1427 1392 1490; x_wconf 91' lang='lat' dir='ltr'><strong>quo</strong></span> <span class='ocrx_word' id='word_1_189' title='bbox 1417 1407 1551 1490; x_wconf 89' lang='lat' dir='ltr'><strong>quisque</strong></span> <span class='ocrx_word' id='word_1_190' title='bbox 1567 1430 1569 1437; x_wconf 62' lang='lat'>¹</span> <span class='ocrx_word' id='word_1_191' title='bbox 1585 1409 1690 1473; x_wconf 87' lang='lat' dir='ltr'><strong>tendit</strong></span> <span class='ocrx_word' id='word_1_192' title='bbox 1723 1408 1929 1489; x_wconf 89' lang='lat' dir='ltr'><strong>aestimatur,</strong></span> <span class='ocrx_word' id='word_1_193' title='bbox 1962 1411 2072 1492; x_wconf 87' lang='lat' dir='ltr'><strong>palam</strong></span> <span class='ocrx_word' id='word_1_194' title='bbox 2105 1421 2156 1475; x_wconf 89' lang='lat' dir='ltr'><strong>est</strong></span> 
     </span>
     <span class='ocr_line' id='line_1_14' title="bbox 162 1492 2154 1577; baseline 0.002 -19"><span class='ocrx_word' id='word_1_195' title='bbox 162 1515 235 1558; x_wconf 86' lang='lat' dir='ltr'><strong>nus.</strong></span> <span class='ocrx_word' id='word_1_196' title='bbox 280 1494 431 1559; x_wconf 76' lang='lat' dir='ltr'><strong>&#39;fantum</strong></span> <span class='ocrx_word' id='word_1_197' title='bbox 451 1514 606 1564; x_wconf 85' lang='lat' dir='ltr'><strong>areanum</strong></span> <span class='ocrx_word' id='word_1_198' title='bbox 635 1495 663 1561; x_wconf 92' lang='lat' dir='ltr'><strong>si</strong></span> <span class='ocrx_word' id='word_1_199' title='bbox 691 1514 758 1558; x_wconf 92' lang='lat' dir='ltr'><strong>non</strong></span> <span class='ocrx_word' id='word_1_200' title='bbox 786 1495 891 1577; x_wconf 85' lang='lat' dir='ltr'><strong>capis,</strong></span> <span class='ocrx_word' id='word_1_201' title='bbox 918 1496 1038 1560; x_wconf 90' lang='lat' dir='ltr'><strong>mirare</strong></span> <span class='ocrx_word' id='word_1_202' title='bbox 1060 1516 1135 1560; x_wconf 91' lang='lat' dir='ltr'><strong>cum</strong></span> <span class='ocrx_word' id='word_1_203' title='bbox 1187 1492 1296 1560; x_wconf 90' lang='lat' dir='ltr'><strong>Deum</strong></span> <span class='ocrx_word' id='word_1_204' title='bbox 1317 1514 1386 1557; x_wconf 91' lang='lat' dir='ltr'><strong>non</strong></span> <span class='ocrx_word' id='word_1_205' title='bbox 1407 1513 1479 1558; x_wconf 89' lang='lat' dir='ltr'><strong>esse</strong></span> <span class='ocrx_word' id='word_1_206' title='bbox 1497 1495 1624 1577; x_wconf 83' lang='lat' dir='ltr'><strong>peccati</strong></span> <span class='ocrx_word' id='word_1_207' title='bbox 1646 1503 1801 1559; x_wconf 86' lang='lat' dir='ltr'><strong>autorem.</strong></span> <span class='ocrx_word' id='word_1_208' title='bbox 1836 1495 1929 1561; x_wconf 87' lang='lat' dir='ltr'><strong>Haeo</strong></span> <span class='ocrx_word' id='word_1_209' title='bbox 1950 1516 2078 1561; x_wconf 89' lang='lat' dir='ltr'><strong>summa</strong></span> <span class='ocrx_word' id='word_1_210' title='bbox 2095 1504 2154 1575; x_wconf 92' lang='lat' dir='ltr'><strong>est,</strong></span> 
     </span>
     <span class='ocr_line' id='line_1_15' title="bbox 162 1574 2154 1664; baseline 0.003 -21"><span class='ocrx_word' id='word_1_211' title='bbox 162 1574 319 1662; x_wconf 82' lang='lat' dir='ltr'><strong>apostolo,</strong></span> <span class='ocrx_word' id='word_1_212' title='bbox 341 1587 376 1645; x_wconf 93' lang='lat' dir='ltr'><strong>et</strong></span> <span class='ocrx_word' id='word_1_213' title='bbox 397 1581 558 1647; x_wconf 84' lang='lat' dir='ltr'><strong>exclama:</strong></span> <span class='ocrx_word' id='word_1_214' title='bbox 583 1580 613 1646; x_wconf 94' lang='lat'>0</span> <span class='ocrx_word' id='word_1_215' title='bbox 636 1579 789 1664; x_wconf 86' lang='lat' dir='ltr'><strong>altitudol</strong></span> <span class='ocrx_word' id='word_1_216' title='bbox 812 1584 855 1644; x_wconf 85' lang='lat' dir='ltr'><strong>ne</strong></span> <span class='ocrx_word' id='word_1_217' title='bbox 878 1589 987 1645; x_wconf 86' lang='lat' dir='ltr'><strong>autem</strong></span> <span class='ocrx_word' id='word_1_218' title='bbox 1009 1576 1135 1660; x_wconf 87' lang='lat' dir='ltr'><strong>iebiose</strong></span> <span class='ocrx_word' id='word_1_219' title='bbox 1187 1598 1286 1659; x_wconf 92' lang='lat' dir='ltr'><strong>quum</strong></span> <span class='ocrx_word' id='word_1_220' title='bbox 1308 1580 1432 1661; x_wconf 88' lang='lat' dir='ltr'><strong>peccati</strong></span> <span class='ocrx_word' id='word_1_221' title='bbox 1454 1600 1553 1645; x_wconf 86' lang='lat' dir='ltr'><strong>causa</strong></span> <span class='ocrx_word' id='word_1_222' title='bbox 1574 1581 1663 1645; x_wconf 90' lang='lat' dir='ltr'><strong>sitin</strong></span> <span class='ocrx_word' id='word_1_223' title='bbox 1686 1580 1872 1647; x_wconf 91' lang='lat' dir='ltr'><strong>hominibus</strong></span> <span class='ocrx_word' id='word_1_224' title='bbox 1893 1581 2154 1663; x_wconf 87' lang='lat' dir='ltr'><strong>malavoluntas,</strong></span> 
     </span>
     <span class='ocr_line' id='line_1_16' title="bbox 160 1663 2225 1749; baseline 0.002 -19"><span class='ocrx_word' id='word_1_225' title='bbox 160 1664 310 1731; x_wconf 83' lang='lat' dir='ltr'><strong>insultes.</strong></span> <span class='ocrx_word' id='word_1_226' title='bbox 355 1663 393 1731; x_wconf 82' lang='lat' dir='ltr'><strong>si</strong></span> <span class='ocrx_word' id='word_1_227' title='bbox 423 1666 560 1732; x_wconf 89' lang='lat' dir='ltr'><strong>docilem</strong></span> <span class='ocrx_word' id='word_1_228' title='bbox 583 1671 656 1746; x_wconf 77' lang='lat' dir='ltr'><strong>[pag.</strong></span> <span class='ocrx_word' id='word_1_229' title='bbox 676 1671 731 1744; x_wconf 80' lang='lat'><strong>71]</strong></span> <span class='ocrx_word' id='word_1_230' title='bbox 754 1679 786 1730; x_wconf 88' lang='lat' dir='ltr'><strong>tc</strong></span> <span class='ocrx_word' id='word_1_231' title='bbox 808 1664 994 1748; x_wconf 79' lang='lat' dir='ltr'><strong>praeberes,</strong></span> <span class='ocrx_word' id='word_1_232' title='bbox 1021 1674 1136 1749; x_wconf 87' lang='lat' dir='ltr'><strong>parata</strong></span> <span class='ocrx_word' id='word_1_233' title='bbox 1186 1663 1294 1729; x_wconf 89' lang='lat' dir='ltr'><strong>Deum</strong></span> <span class='ocrx_word' id='word_1_234' title='bbox 1318 1674 1408 1730; x_wconf 88' lang='lat' dir='ltr'><strong>reeta</strong></span> <span class='ocrx_word' id='word_1_235' title='bbox 1429 1687 1488 1730; x_wconf 92' lang='lat' dir='ltr'><strong>sua</strong></span> <span class='ocrx_word' id='word_1_236' title='bbox 1498 1665 1620 1737; x_wconf 87' lang='lat' dir='ltr'><strong>iudicia</strong></span> <span class='ocrx_word' id='word_1_237' title='bbox 1631 1687 1689 1749; x_wconf 91' lang='lat' dir='ltr'><strong>per</strong></span> <span class='ocrx_word' id='word_1_238' title='bbox 1709 1686 1821 1730; x_wconf 92' lang='lat' dir='ltr'><strong>eorum</strong></span> <span class='ocrx_word' id='word_1_239' title='bbox 1832 1688 1951 1732; x_wconf 88' lang='lat' dir='ltr'><strong>manus</strong></span> <span class='ocrx_word' id='word_1_240' title='bbox 1974 1668 2155 1734; x_wconf 85' lang='lat' dir='ltr'><strong>exercendo</strong></span> <span class='ocrx_word' id='word_1_241' title='bbox 2223 1728 2225 1733; x_wconf 80' lang='grc'>,</span> 
     </span>
     <span class='ocr_line' id='line_1_17' title="bbox 160 1750 2155 1836; baseline 0.002 -21"><span class='ocrx_word' id='word_1_242' title='bbox 160 1752 195 1815; x_wconf 90' lang='lat' dir='ltr'><strong>in</strong></span> <span class='ocrx_word' id='word_1_243' title='bbox 218 1751 293 1817; x_wconf 88' lang='lat' dir='ltr'><strong>aliis</strong></span> <span class='ocrx_word' id='word_1_244' title='bbox 318 1751 401 1817; x_wconf 88' lang='lat' dir='ltr'><strong>meis</strong></span> <span class='ocrx_word' id='word_1_245' title='bbox 429 1753 562 1834; x_wconf 90' lang='lat' dir='ltr'><strong>scriptis</strong></span> <span class='ocrx_word' id='word_1_246' title='bbox 588 1750 648 1816; x_wconf 89' lang='lat' dir='ltr'><strong>tibi</strong></span> <span class='ocrx_word' id='word_1_247' title='bbox 675 1760 762 1818; x_wconf 88' lang='lat' dir='ltr'><strong>esset</strong></span> <span class='ocrx_word' id='word_1_248' title='bbox 788 1752 929 1834; x_wconf 87' lang='lat' dir='ltr'><strong>plenior·</strong></span> <span class='ocrx_word' id='word_1_249' title='bbox 943 1752 1133 1836; x_wconf 73' lang='lat' dir='ltr'><strong>explicatio:</strong></span> <span class='ocrx_word' id='word_1_250' title='bbox 1186 1752 1259 1829; x_wconf 80' lang='lat' dir='ltr'><strong>[pag.</strong></span> <span class='ocrx_word' id='word_1_251' title='bbox 1280 1755 1331 1827; x_wconf 78' lang='grc'><strong>74]</strong></span> <span class='ocrx_word' id='word_1_252' title='bbox 1353 1750 1433 1816; x_wconf 89' lang='lat' dir='ltr'><strong>adeo</strong></span> <span class='ocrx_word' id='word_1_253' title='bbox 1454 1751 1549 1835; x_wconf 88' lang='lat' dir='ltr'><strong>eulpa</strong></span> <span class='ocrx_word' id='word_1_254' title='bbox 1575 1774 1641 1817; x_wconf 93' lang='lat' dir='ltr'><strong>non</strong></span> <span class='ocrx_word' id='word_1_255' title='bbox 1663 1750 1800 1831; x_wconf 88' lang='lat' dir='ltr'><strong>involvi,</strong></span> <span class='ocrx_word' id='word_1_256' title='bbox 1829 1760 1867 1816; x_wconf 92' lang='grc' dir='ltr'><strong>ιιι</strong></span> <span class='ocrx_word' id='word_1_257' title='bbox 1890 1753 2083 1819; x_wconf 87' lang='lat' dir='ltr'><strong>mirabiliter</strong></span> <span class='ocrx_word' id='word_1_258' title='bbox 2104 1753 2155 1819; x_wconf 89' lang='lat' dir='ltr'><strong>lu-</strong></span> 
     </span>
     <span class='ocr_line' id='line_1_18' title="bbox 162 1834 2155 1923; baseline 0.002 -22"><span class='ocrx_word' id='word_1_259' title='bbox 162 1858 251 1902; x_wconf 89' lang='lat' dir='ltr'><strong>nunc</strong></span> <span class='ocrx_word' id='word_1_260' title='bbox 272 1836 355 1902; x_wconf 93' lang='lat' dir='ltr'><strong>mihi</strong></span> <span class='ocrx_word' id='word_1_261' title='bbox 377 1848 468 1902; x_wconf 87' lang='lat' dir='ltr'><strong>tuam</strong></span> <span class='ocrx_word' id='word_1_262' title='bbox 490 1839 693 1921; x_wconf 84' lang='lat' dir='ltr'><strong>proterviam</strong></span> <span class='ocrx_word' id='word_1_263' title='bbox 714 1838 889 1903; x_wconf 88' lang='lat' dir='ltr'><strong>retundere</strong></span> <span class='ocrx_word' id='word_1_264' title='bbox 910 1839 990 1903; x_wconf 90' lang='lat' dir='ltr'><strong>satis</strong></span> <span class='ocrx_word' id='word_1_265' title='bbox 1012 1841 1071 1919; x_wconf 76' lang='lat' dir='ltr'><strong>est,</strong></span> <span class='ocrx_word' id='word_1_266' title='bbox 1093 1860 1135 1903; x_wconf 93' lang='lat' dir='ltr'><strong>ne</strong></span> <span class='ocrx_word' id='word_1_267' title='bbox 1186 1854 1256 1899; x_wconf 89' lang='lat' dir='ltr'><strong>cem</strong></span> <span class='ocrx_word' id='word_1_268' title='bbox 1278 1834 1401 1918; x_wconf 87' lang='lat' dir='ltr'><strong>gloriae</strong></span> <span class='ocrx_word' id='word_1_269' title='bbox 1422 1858 1500 1902; x_wconf 90' lang='lat' dir='ltr'><strong>suae</strong></span> <span class='ocrx_word' id='word_1_270' title='bbox 1521 1859 1562 1902; x_wconf 90' lang='lat' dir='ltr'><strong>ex</strong></span> <span class='ocrx_word' id='word_1_271' title='bbox 1585 1836 1726 1906; x_wconf 86' lang='lat' dir='ltr'><strong>tenebris</strong></span> <span class='ocrx_word' id='word_1_272' title='bbox 1744 1837 1860 1904; x_wconf 89' lang='lat' dir='ltr'><strong>eliciat.</strong></span> <span class='ocrx_word' id='word_1_273' title='bbox 1905 1839 1951 1903; x_wconf 81' lang='lat' dir='ltr'><strong>Et</strong></span> <span class='ocrx_word' id='word_1_274' title='bbox 1970 1839 2101 1923; x_wconf 89' lang='lat' dir='ltr'><strong>quidem</strong></span> <span class='ocrx_word' id='word_1_275' title='bbox 2118 1839 2155 1904; x_wconf 91' lang='lat' dir='ltr'><strong>in</strong></span> 
     </span>
     <span class='ocr_line' id='line_1_19' title="bbox 161 1919 2154 2023; baseline 0.001 -35"><span class='ocrx_word' id='word_1_276' title='bbox 161 1924 310 1988; x_wconf 85' lang='lat' dir='ltr'><strong>infirmas</strong></span> <span class='ocrx_word' id='word_1_277' title='bbox 332 1923 458 1989; x_wconf 87' lang='lat' dir='ltr'><strong>animas</strong></span> <span class='ocrx_word' id='word_1_278' title='bbox 480 1925 682 2017; x_wconf 31' lang='lat' dir='ltr'><strong>conturbet·</strong></span> <span class='ocrx_word' id='word_1_279' title='bbox 743 1920 745 1929; x_wconf 85' lang='lat'>&#39;</span> <span class='ocrx_word' id='word_1_280' title='bbox 939 1932 941 1937; x_wconf 83' lang='lat'>&#39;</span> <span class='ocrx_word' id='word_1_281' title='bbox 1004 1955 1007 1965; x_wconf 90' lang='lat'><em>·</em></span> <span class='ocrx_word' id='word_1_282' title='bbox 1186 1939 1224 1985; x_wconf 89' lang='lat' dir='ltr'><strong>eo</strong></span> <span class='ocrx_word' id='word_1_283' title='bbox 1246 1919 1366 1999; x_wconf 85' lang='lat' dir='ltr'><strong>libello,</strong></span> <span class='ocrx_word' id='word_1_284' title='bbox 1389 1923 1443 2022; x_wconf 80' lang='lat' dir='ltr'><strong>qui</strong></span> <span class='ocrx_word' id='word_1_285' title='bbox 1466 1924 1569 2023; x_wconf 83' lang='lat' dir='ltr'><strong>furias</strong></span> <span class='ocrx_word' id='word_1_286' title='bbox 1586 1924 1665 2023; x_wconf 77' lang='lat' dir='ltr'><strong>istas</strong></span> <span class='ocrx_word' id='word_1_287' title='bbox 1686 1947 1728 1989; x_wconf 83' lang='lat' dir='ltr'><strong>ex</strong></span> <span class='ocrx_word' id='word_1_288' title='bbox 1749 1923 2055 2023; x_wconf 80' lang='lat' dir='ltr'><strong>profundis-inferis</strong></span> <span class='ocrx_word' id='word_1_289' title='bbox 2077 1946 2154 2023; x_wconf 79' lang='lat' dir='ltr'><strong>con-</strong></span> 
     </span>
     <span class='ocr_line' id='line_1_20' title="bbox 393 2010 2154 2181; baseline 0.002 -24"><span class='ocrx_word' id='word_1_290' title='bbox 393 2098 434 2134; x_wconf 74' lang='lat'>-</span> <span class='ocrx_word' id='word_1_291' title='bbox 559 2061 601 2126; x_wconf 68' lang='lat' dir='ltr'><strong>v.</strong></span> <span class='ocrx_word' id='word_1_292' title='bbox 624 2070 658 2126; x_wconf 52' lang='lat' dir='ltr'><strong>a</strong></span> <span class='ocrx_word' id='word_1_293' title='bbox 678 2031 738 2125; x_wconf 58' lang='grc' dir='ltr'><strong>π.</strong></span> <span class='ocrx_word' id='word_1_294' title='bbox 1705 2010 2154 2181; x_wconf 58' lang='lat' dir='ltr'><strong>cccccccccc</strong></span> 
     </span>
    </p>

    <p class='ocr_par' dir='ltr' id='par_1_5' title="bbox 160 2145 2156 3036">
     <span class='ocr_line' id='line_1_21' title="bbox 246 2145 2156 2265; baseline 0.001 -20"><span class='ocrx_word' id='word_1_295' title='bbox 246 2179 288 2245; x_wconf 92' lang='lat' dir='ltr'><strong>Iu</strong></span> <span class='ocrx_word' id='word_1_296' title='bbox 318 2182 431 2264; x_wconf 87' lang='lat' dir='ltr'><strong>quinto</strong></span> <span class='ocrx_word' id='word_1_297' title='bbox 459 2181 595 2246; x_wconf 81' lang='lat' dir='ltr'><strong>articulo</strong></span> <span class='ocrx_word' id='word_1_298' title='bbox 621 2201 690 2244; x_wconf 92' lang='lat' dir='ltr'><strong>non</strong></span> <span class='ocrx_word' id='word_1_299' title='bbox 722 2179 797 2246; x_wconf 89' lang='lat' dir='ltr'><strong>sine&#39;</strong></span> <span class='ocrx_word' id='word_1_300' title='bbox 821 2180 885 2245; x_wconf 91' lang='lat' dir='ltr'><strong>Dei</strong></span> <span class='ocrx_word' id='word_1_301' title='bbox 918 2178 1133 2263; x_wconf 83' lang='lat' dir='ltr'><strong>providentia,</strong></span> <span class='ocrx_word' id='word_1_302' title='bbox 1185 2199 1283 2261; x_wconf 91' lang='lat' dir='ltr'><strong>qnam</strong></span> <span class='ocrx_word' id='word_1_303' title='bbox 1300 2145 1414 2244; x_wconf 58' lang='lat' dir='ltr'><strong>’Deum</strong></span> <span class='ocrx_word' id='word_1_304' title='bbox 1437 2179 1567 2246; x_wconf 86' lang='lat' dir='ltr'><strong>trahere</strong></span> <span class='ocrx_word' id='word_1_305' title='bbox 1588 2182 1623 2245; x_wconf 91' lang='lat' dir='ltr'><strong>in</strong></span> <span class='ocrx_word' id='word_1_306' title='bbox 1645 2147 1832 2247; x_wconf 71' lang='lat' dir='ltr'><strong>secietatem</strong></span> <span class='ocrx_word' id='word_1_307' title='bbox 1854 2190 1973 2259; x_wconf 89' lang='lat' dir='ltr'><strong>reatus,</strong></span> <span class='ocrx_word' id='word_1_308' title='bbox 1996 2181 2074 2247; x_wconf 92' lang='lat' dir='ltr'><strong>dum</strong></span> <span class='ocrx_word' id='word_1_309' title='bbox 2096 2203 2156 2265; x_wconf 90' lang='lat' dir='ltr'><strong>per</strong></span> 
     </span>
     <span class='ocr_line' id='line_1_22' title="bbox 162 2264 2154 2351; baseline 0.001 -20"><span class='ocrx_word' id='word_1_310' title='bbox 162 2288 261 2349; x_wconf 90' lang='lat' dir='ltr'><strong>quam</strong></span> <span class='ocrx_word' id='word_1_311' title='bbox 283 2287 462 2351; x_wconf 90' lang='lat' dir='ltr'><strong>oppugnas,</strong></span> <span class='ocrx_word' id='word_1_312' title='bbox 485 2267 607 2331; x_wconf 90' lang='lat' dir='ltr'><strong>factum</strong></span> <span class='ocrx_word' id='word_1_313' title='bbox 630 2275 681 2332; x_wconf 88' lang='lat' dir='ltr'><strong>est</strong></span> <span class='ocrx_word' id='word_1_314' title='bbox 702 2275 740 2330; x_wconf 90' lang='lat' dir='ltr'><strong>ut</strong></span> <span class='ocrx_word' id='word_1_315' title='bbox 760 2267 868 2330; x_wconf 92' lang='lat' dir='ltr'><strong>locum</strong></span> <span class='ocrx_word' id='word_1_316' title='bbox 886 2276 1027 2330; x_wconf 86' lang='lat' dir='ltr'><strong>notares.</strong></span> <span class='ocrx_word' id='word_1_317' title='bbox 1059 2266 1133 2332; x_wconf 90' lang='lat' dir='ltr'><strong>Illic</strong></span> <span class='ocrx_word' id='word_1_318' title='bbox 1184 2285 1302 2329; x_wconf 89' lang='lat' dir='ltr'><strong>manus</strong></span> <span class='ocrx_word' id='word_1_319' title='bbox 1324 2264 1445 2331; x_wconf 90' lang='lat' dir='ltr'><strong>diaboli</strong></span> <span class='ocrx_word' id='word_1_320' title='bbox 1466 2274 1500 2331; x_wconf 89' lang='lat' dir='ltr'><strong>et</strong></span> <span class='ocrx_word' id='word_1_321' title='bbox 1520 2267 1695 2349; x_wconf 91' lang='lat' dir='ltr'><strong>impiorum</strong></span> <span class='ocrx_word' id='word_1_322' title='bbox 1722 2265 1842 2334; x_wconf 88' lang='lat' dir='ltr'><strong>iudicia</strong></span> <span class='ocrx_word' id='word_1_323' title='bbox 1869 2288 1929 2334; x_wconf 90' lang='lat' dir='ltr'><strong>sua</strong></span> <span class='ocrx_word' id='word_1_324' title='bbox 1956 2268 2154 2350; x_wconf 81' lang='lat' dir='ltr'><strong>exsequitur,</strong></span> 
     </span>
     <span class='ocr_line' id='line_1_23' title="bbox 161 2348 2154 2436; baseline -0.001 -19"><span class='ocrx_word' id='word_1_325' title='bbox 161 2351 323 2418; x_wconf 84' lang='lat' dir='ltr'><strong>videbunt</strong></span> <span class='ocrx_word' id='word_1_326' title='bbox 347 2353 487 2418; x_wconf 83' lang='lat' dir='ltr'><strong>lectores</strong></span> <span class='ocrx_word' id='word_1_327' title='bbox 513 2372 596 2435; x_wconf 89' lang='lat' dir='ltr'><strong>quae</strong></span> <span class='ocrx_word' id='word_1_328' title='bbox 624 2351 752 2417; x_wconf 90' lang='lat' dir='ltr'><strong>soleant</strong></span> <span class='ocrx_word' id='word_1_329' title='bbox 780 2348 961 2417; x_wconf 90' lang='lat' dir='ltr'><strong>adversarii</strong></span> <span class='ocrx_word' id='word_1_330' title='bbox 993 2351 1133 2418; x_wconf 81' lang='lat' dir='ltr'><strong>obiicere</strong></span> <span class='ocrx_word' id='word_1_331' title='bbox 1184 2371 1285 2433; x_wconf 91' lang='lat' dir='ltr'><strong>quum</strong></span> <span class='ocrx_word' id='word_1_332' title='bbox 1307 2350 1341 2414; x_wconf 94' lang='lat' dir='ltr'><strong>in</strong></span> <span class='ocrx_word' id='word_1_333' title='bbox 1363 2353 1489 2417; x_wconf 88' lang='lat' dir='ltr'><strong>ratione</strong></span> <span class='ocrx_word' id='word_1_334' title='bbox 1518 2351 1754 2436; x_wconf 90' lang='lat' dir='ltr'><strong>agendi·nulla</strong></span> <span class='ocrx_word' id='word_1_335' title='bbox 1776 2353 1820 2418; x_wconf 90' lang='lat' dir='ltr'><strong>sit</strong></span> <span class='ocrx_word' id='word_1_336' title='bbox 1841 2354 1992 2419; x_wconf 84' lang='lat' dir='ltr'><strong>affinitas.</strong></span> <span class='ocrx_word' id='word_1_337' title='bbox 2037 2351 2154 2418; x_wconf 82' lang='lat' dir='ltr'><strong>Caete-</strong></span> 
     </span>
     <span class='ocr_line' id='line_1_24' title="bbox 160 2436 2154 2528; baseline 0.001 -24"><span class='ocrx_word' id='word_1_338' title='bbox 160 2448 276 2504; x_wconf 87' lang='lat' dir='ltr'><strong>contra</strong></span> <span class='ocrx_word' id='word_1_339' title='bbox 297 2459 405 2503; x_wconf 90' lang='lat' dir='ltr'><strong>meam</strong></span> <span class='ocrx_word' id='word_1_340' title='bbox 428 2438 620 2516; x_wconf 81' lang='lat' dir='ltr'><strong>doctrinam,</strong></span> <span class='ocrx_word' id='word_1_341' title='bbox 642 2457 696 2503; x_wconf 90' lang='lat' dir='ltr'><strong>me</strong></span> <span class='ocrx_word' id='word_1_342' title='bbox 718 2437 979 2503; x_wconf 90' lang='lat' dir='ltr'><strong>velutineorum</strong></span> <span class='ocrx_word' id='word_1_343' title='bbox 995 2457 1134 2521; x_wconf 89' lang='lat' dir='ltr'><strong>persona</strong></span> <span class='ocrx_word' id='word_1_344' title='bbox 1174 2452 1268 2514; x_wconf 78' lang='lat' dir='ltr'><strong>rum,</strong></span> <span class='ocrx_word' id='word_1_345' title='bbox 1291 2436 1358 2500; x_wconf 90' lang='lat' dir='ltr'><strong>iam</strong></span> <span class='ocrx_word' id='word_1_346' title='bbox 1381 2444 1457 2502; x_wconf 87' lang='lat' dir='ltr'><strong>ante</strong></span> <span class='ocrx_word' id='word_1_347' title='bbox 1480 2458 1585 2502; x_wconf 89' lang='lat' dir='ltr'><strong>annos</strong></span> <span class='ocrx_word' id='word_1_348' title='bbox 1607 2437 1778 2509; x_wconf 84' lang='lat' dir='ltr'><strong>duodecim</strong></span> <span class='ocrx_word' id='word_1_349' title='bbox 1802 2439 1927 2504; x_wconf 91' lang='lat' dir='ltr'><strong>editum</strong></span> <span class='ocrx_word' id='word_1_350' title='bbox 1950 2461 1970 2505; x_wconf 91' lang='lat' dir='ltr'><strong>a</strong></span> <span class='ocrx_word' id='word_1_351' title='bbox 1991 2460 2043 2528; x_wconf 78' lang='lat' dir='ltr'><strong>me</strong></span> <span class='ocrx_word' id='word_1_352' title='bbox 2070 2443 2154 2523; x_wconf 82' lang='lat' dir='ltr'><strong>opus</strong></span> 
     </span>
     <span class='ocr_line' id='line_1_25' title="bbox 160 2521 2155 2608; baseline -0.001 -19"><span class='ocrx_word' id='word_1_353' title='bbox 160 2525 309 2591; x_wconf 85' lang='lat' dir='ltr'><strong>recitare.</strong></span> <span class='ocrx_word' id='word_1_354' title='bbox 347 2525 404 2591; x_wconf 76' lang='lat' dir='ltr'><strong>Tu</strong></span> <span class='ocrx_word' id='word_1_355' title='bbox 420 2523 573 2588; x_wconf 86' lang='lat' dir='ltr'><strong>mutilum</strong></span> <span class='ocrx_word' id='word_1_356' title='bbox 585 2522 675 2588; x_wconf 89' lang='lat' dir='ltr'><strong>istud</strong></span> <span class='ocrx_word' id='word_1_357' title='bbox 687 2523 998 2607; x_wconf 57' lang='lat' dir='ltr'><strong>dictumfarripiens,</strong></span> <span class='ocrx_word' id='word_1_358' title='bbox 1021 2544 1132 2589; x_wconf 91' lang='lat' dir='ltr'><strong>nonne</strong></span> <span class='ocrx_word' id='word_1_359' title='bbox 1184 2521 1353 2605; x_wconf 72' lang='lat' dir='ltr'><strong>estquod</strong></span> <span class='ocrx_word' id='word_1_360' title='bbox 1373 2544 1426 2592; x_wconf 89' lang='lat' dir='ltr'><strong>me</strong></span> <span class='ocrx_word' id='word_1_361' title='bbox 1449 2545 1468 2589; x_wconf 89' lang='lat' dir='ltr'><strong>a</strong></span> <span class='ocrx_word' id='word_1_362' title='bbox 1490 2523 1613 2606; x_wconf 84' lang='lat' dir='ltr'><strong>putidis</strong></span> <span class='ocrx_word' id='word_1_363' title='bbox 1637 2525 1709 2589; x_wconf 89' lang='lat' dir='ltr'><strong>istis</strong></span> <span class='ocrx_word' id='word_1_364' title='bbox 1736 2523 1908 2591; x_wconf 89' lang='lat' dir='ltr'><strong>calumniis</strong></span> <span class='ocrx_word' id='word_1_365' title='bbox 1936 2526 2014 2591; x_wconf 90' lang='lat' dir='ltr'><strong>satis</strong></span> <span class='ocrx_word' id='word_1_366' title='bbox 2041 2546 2155 2608; x_wconf 89' lang='lat' dir='ltr'><strong>super·</strong></span> 
     </span>
     <span class='ocr_line' id='line_1_26' title="bbox 161 2607 2155 2699; baseline 0 -25"><span class='ocrx_word' id='word_1_367' title='bbox 161 2610 281 2695; x_wconf 86' lang='lat' dir='ltr'><strong>dignus</strong></span> <span class='ocrx_word' id='word_1_368' title='bbox 315 2631 351 2674; x_wconf 89' lang='lat' dir='ltr'><strong>es</strong></span> <span class='ocrx_word' id='word_1_369' title='bbox 381 2611 415 2673; x_wconf 92' lang='lat' dir='ltr'><strong>in</strong></span> <span class='ocrx_word' id='word_1_370' title='bbox 444 2609 536 2699; x_wconf 81' lang='lat' dir='ltr'><strong>cuius</strong></span> <span class='ocrx_word' id='word_1_371' title='bbox 563 2609 680 2675; x_wconf 87' lang='lat' dir='ltr'><strong>faciem</strong></span> <span class='ocrx_word' id='word_1_372' title='bbox 707 2630 821 2674; x_wconf 89' lang='lat' dir='ltr'><strong>omnes</strong></span> <span class='ocrx_word' id='word_1_373' title='bbox 852 2608 1057 2692; x_wconf 84' lang='lat' dir='ltr'><strong>conspuant?</strong></span> <span class='ocrx_word' id='word_1_374' title='bbox 1089 2609 1153 2695; x_wconf 85' lang='lat' dir='ltr'><strong>Iu¹</strong></span> <span class='ocrx_word' id='word_1_375' title='bbox 1184 2628 1246 2691; x_wconf 92' lang='lat' dir='ltr'><strong>que</strong></span> <span class='ocrx_word' id='word_1_376' title='bbox 1267 2607 1432 2687; x_wconf 91' lang='lat' dir='ltr'><strong>vindicat,</strong></span> <span class='ocrx_word' id='word_1_377' title='bbox 1461 2607 1502 2673; x_wconf 90' lang='lat' dir='ltr'><strong>ab</strong></span> <span class='ocrx_word' id='word_1_378' title='bbox 1523 2612 1612 2673; x_wconf 91' lang='lat' dir='ltr'><strong>omni</strong></span> <span class='ocrx_word' id='word_1_379' title='bbox 1632 2617 1742 2674; x_wconf 89' lang='lat' dir='ltr'><strong>autem</strong></span> <span class='ocrx_word' id='word_1_380' title='bbox 1764 2610 1914 2676; x_wconf 91' lang='lat' dir='ltr'><strong>molestia</strong></span> <span class='ocrx_word' id='word_1_381' title='bbox 1935 2610 2073 2676; x_wconf 87' lang='lat' dir='ltr'><strong>debebat</strong></span> <span class='ocrx_word' id='word_1_382' title='bbox 2092 2611 2155 2675; x_wconf 87' lang='lat' dir='ltr'><strong>im-</strong></span> 
     </span>
     <span class='ocr_line' id='line_1_27' title="bbox 161 2691 2154 2779; baseline 0 -18"><span class='ocrx_word' id='word_1_383' title='bbox 161 2705 254 2761; x_wconf 87' lang='lat' dir='ltr'><strong>sexto</strong></span> <span class='ocrx_word' id='word_1_384' title='bbox 277 2695 410 2760; x_wconf 86' lang='lat' dir='ltr'><strong>tametsi</strong></span> <span class='ocrx_word' id='word_1_385' title='bbox 435 2694 541 2760; x_wconf 92' lang='lat' dir='ltr'><strong>locum</strong></span> <span class='ocrx_word' id='word_1_386' title='bbox 569 2716 636 2759; x_wconf 90' lang='lat' dir='ltr'><strong>nou</strong></span> <span class='ocrx_word' id='word_1_387' title='bbox 659 2694 825 2778; x_wconf 85' lang='lat' dir='ltr'><strong>designas,</strong></span> <span class='ocrx_word' id='word_1_388' title='bbox 854 2694 984 2779; x_wconf 89' lang='lat' dir='ltr'><strong>longius</strong></span> <span class='ocrx_word' id='word_1_389' title='bbox 1005 2694 1133 2777; x_wconf 89' lang='lat' dir='ltr'><strong>prosilit</strong></span> <span class='ocrx_word' id='word_1_390' title='bbox 1183 2714 1316 2759; x_wconf 89' lang='lat' dir='ltr'><strong>munem</strong></span> <span class='ocrx_word' id='word_1_391' title='bbox 1339 2691 1484 2774; x_wconf 89' lang='lat' dir='ltr'><strong>reddere,</strong></span> <span class='ocrx_word' id='word_1_392' title='bbox 1506 2696 1535 2760; x_wconf 90' lang='lat' dir='ltr'><strong>si</strong></span> <span class='ocrx_word' id='word_1_393' title='bbox 1557 2716 1622 2777; x_wconf 89' lang='lat' dir='ltr'><strong>qua</strong></span> <span class='ocrx_word' id='word_1_394' title='bbox 1641 2696 1677 2759; x_wconf 92' lang='lat' dir='ltr'><strong>in</strong></span> <span class='ocrx_word' id='word_1_395' title='bbox 1699 2705 1731 2761; x_wconf 90' lang='lat' dir='ltr'><strong>te</strong></span> <span class='ocrx_word' id='word_1_396' title='bbox 1751 2717 1788 2762; x_wconf 91' lang='lat' dir='ltr'><strong>ac</strong></span> <span class='ocrx_word' id='word_1_397' title='bbox 1806 2693 1968 2762; x_wconf 81' lang='lat' dir='ltr'><strong>similibus</strong></span> <span class='ocrx_word' id='word_1_398' title='bbox 1989 2702 2075 2761; x_wconf 90' lang='lat' dir='ltr'><strong>esset</strong></span> <span class='ocrx_word' id='word_1_399' title='bbox 2091 2695 2154 2761; x_wconf 90' lang='lat' dir='ltr'><strong>hu·</strong></span> 
     </span>
     <span class='ocr_line' id='line_1_28' title="bbox 161 2777 2153 2866; baseline 0 -20"><span class='ocrx_word' id='word_1_400' title='bbox 161 2792 218 2846; x_wconf 86' lang='lat' dir='ltr'><strong>tua</strong></span> <span class='ocrx_word' id='word_1_401' title='bbox 240 2779 457 2865; x_wconf 89' lang='lat' dir='ltr'><strong>impudentia.</strong></span> <span class='ocrx_word' id='word_1_402' title='bbox 502 2781 618 2866; x_wconf 80' lang='lat' dir='ltr'><strong>Egone</strong></span> <span class='ocrx_word' id='word_1_403' title='bbox 638 2781 693 2864; x_wconf 91' lang='lat' dir='ltr'><strong>qni</strong></span> <span class='ocrx_word' id='word_1_404' title='bbox 714 2777 781 2845; x_wconf 80' lang='lat' dir='ltr'><strong>ta&#39;rn</strong></span> <span class='ocrx_word' id='word_1_405' title='bbox 802 2791 992 2846; x_wconf 85' lang='lat' dir='ltr'><strong>reverenter</strong></span> <span class='ocrx_word' id='word_1_406' title='bbox 1011 2778 1131 2863; x_wconf 89' lang='lat' dir='ltr'><strong>ubique</strong></span> <span class='ocrx_word' id='word_1_407' title='bbox 1181 2779 1351 2844; x_wconf 83' lang='lat' dir='ltr'><strong>munitatis</strong></span> <span class='ocrx_word' id='word_1_408' title='bbox 1373 2789 1481 2864; x_wconf 84' lang='lat' dir='ltr'><strong>gutta:</strong></span> <span class='ocrx_word' id='word_1_409' title='bbox 1505 2780 1656 2846; x_wconf 89' lang='lat' dir='ltr'><strong>delirium</strong></span> <span class='ocrx_word' id='word_1_410' title='bbox 1679 2781 1768 2847; x_wconf 89' lang='lat' dir='ltr'><strong>enim</strong></span> <span class='ocrx_word' id='word_1_411' title='bbox 1788 2780 1871 2847; x_wconf 93' lang='lat' dir='ltr'><strong>illud</strong></span> <span class='ocrx_word' id='word_1_412' title='bbox 1893 2801 1957 2865; x_wconf 93' lang='lat' dir='ltr'><strong>quo</strong></span> <span class='ocrx_word' id='word_1_413' title='bbox 1979 2784 2046 2846; x_wconf 90' lang='lat' dir='ltr'><strong>iam</strong></span> <span class='ocrx_word' id='word_1_414' title='bbox 2068 2781 2153 2846; x_wconf 89' lang='lat' dir='ltr'><strong>mul·</strong></span> 
     </span>
     <span class='ocr_line' id='line_1_29' title="bbox 160 2865 2154 2950; baseline -0.001 -17"><span class='ocrx_word' id='word_1_415' title='bbox 160 2865 327 2950; x_wconf 90' lang='lat' dir='ltr'><strong>praedico,</strong></span> <span class='ocrx_word' id='word_1_416' title='bbox 355 2868 480 2949; x_wconf 88' lang='lat' dir='ltr'><strong>quoties</strong></span> <span class='ocrx_word' id='word_1_417' title='bbox 507 2867 632 2949; x_wconf 87' lang='lat' dir='ltr'><strong>peccati</strong></span> <span class='ocrx_word' id='word_1_418' title='bbox 658 2866 862 2944; x_wconf 70' lang='lat' dir='ltr'><strong>fit&#39;mentio,</strong></span> <span class='ocrx_word' id='word_1_419' title='bbox 891 2865 1003 2949; x_wconf 91' lang='lat' dir='ltr'><strong>procul</strong></span> <span class='ocrx_word' id='word_1_420' title='bbox 1024 2887 1131 2932; x_wconf 91' lang='lat' dir='ltr'><strong>remo-</strong></span> <span class='ocrx_word' id='word_1_421' title='bbox 1183 2874 1233 2934; x_wconf 89' lang='lat' dir='ltr'><strong>tos</strong></span> <span class='ocrx_word' id='word_1_422' title='bbox 1259 2865 1500 2931; x_wconf 82' lang='lat' dir='ltr'><strong>fascinaverant</strong></span> <span class='ocrx_word' id='word_1_423' title='bbox 1525 2867 1704 2947; x_wconf 85' lang='lat' dir='ltr'><strong>Libertini,</strong></span> <span class='ocrx_word' id='word_1_424' title='bbox 1732 2876 1955 2932; x_wconf 89' lang='lat' dir='ltr'><strong>monstrosum</strong></span> <span class='ocrx_word' id='word_1_425' title='bbox 1981 2866 2154 2932; x_wconf 89' lang='lat' dir='ltr'><strong>hominum</strong></span> 
     </span>
     <span class='ocr_line' id='line_1_30' title="bbox 161 2949 2154 3036; baseline 0 -18"><span class='ocrx_word' id='word_1_426' title='bbox 161 2950 307 3018; x_wconf 87' lang='lat' dir='ltr'><strong>vendam</strong></span> <span class='ocrx_word' id='word_1_427' title='bbox 328 2970 399 3018; x_wconf 90' lang='lat' dir='ltr'><strong>esse</strong></span> <span class='ocrx_word' id='word_1_428' title='bbox 414 2952 480 3018; x_wconf 90' lang='lat' dir='ltr'><strong>Dei</strong></span> <span class='ocrx_word' id='word_1_429' title='bbox 499 2972 628 3031; x_wconf 90' lang='lat' dir='ltr'><strong>nomen,</strong></span> <span class='ocrx_word' id='word_1_430' title='bbox 649 2972 789 3035; x_wconf 89' lang='lat' dir='ltr'><strong>usquam</strong></span> <span class='ocrx_word' id='word_1_431' title='bbox 810 2949 950 3016; x_wconf 90' lang='lat' dir='ltr'><strong>dixerim</strong></span> <span class='ocrx_word' id='word_1_432' title='bbox 970 2951 1132 3018; x_wconf 88' lang='lat' dir='ltr'><strong>maleficia</strong></span> <span class='ocrx_word' id='word_1_433' title='bbox 1182 2971 1302 3036; x_wconf 89' lang='lat' dir='ltr'><strong>genus,</strong></span> <span class='ocrx_word' id='word_1_434' title='bbox 1331 2972 1431 3036; x_wconf 90' lang='lat' dir='ltr'><strong>quam</strong></span> <span class='ocrx_word' id='word_1_435' title='bbox 1452 2951 1567 3017; x_wconf 84' lang='lat' dir='ltr'><strong>dextre</strong></span> <span class='ocrx_word' id='word_1_436' title='bbox 1591 2953 1804 3018; x_wconf 84' lang='lat' dir='ltr'><strong>refutaverim</strong></span> <span class='ocrx_word' id='word_1_437' title='bbox 1825 2974 1892 3018; x_wconf 94' lang='lat' dir='ltr'><strong>non</strong></span> <span class='ocrx_word' id='word_1_438' title='bbox 1918 2952 2011 3018; x_wconf 79' lang='lat' dir='ltr'><strong>iacto</strong></span> <span class='ocrx_word' id='word_1_439' title='bbox 2056 2951 2154 3018; x_wconf 85' lang='lat' dir='ltr'><strong>Oerte</strong></span> 
     </span>
    </p>
   </div>
   <div class='ocr_carea' id='block_1_5' title="bbox 159 3036 2283 3124">
    <p class='ocr_par' dir='ltr' id='par_1_6' title="bbox 159 3036 2283 3124">
     <span class='ocr_line' id='line_1_31' title="bbox 159 3036 2283 3124; baseline -0 -21"><span class='ocrx_word' id='word_1_440' title='bbox 159 3058 226 3104; x_wconf 92' lang='lat' dir='ltr'><strong>non</strong></span> <span class='ocrx_word' id='word_1_441' title='bbox 249 3044 378 3103; x_wconf 89' lang='lat' dir='ltr'><strong>tautum</strong></span> <span class='ocrx_word' id='word_1_442' title='bbox 401 3058 440 3104; x_wconf 91' lang='lat' dir='ltr'><strong>eo</strong></span> <span class='ocrx_word' id='word_1_443' title='bbox 462 3036 1129 3121; x_wconf 79' lang='lat' dir='ltr'><strong>volente,.sedetiamantoreperpetraril</strong></span> <span class='ocrx_word' id='word_1_444' title='bbox 1182 3059 1224 3102; x_wconf 85' lang='lat' dir='ltr'><strong>ex</strong></span> <span class='ocrx_word' id='word_1_445' title='bbox 1245 3038 1389 3121; x_wconf 89' lang='lat' dir='ltr'><strong>professo</strong></span> <span class='ocrx_word' id='word_1_446' title='bbox 1410 3058 1544 3105; x_wconf 88' lang='lat' dir='ltr'><strong>eausam</strong></span> <span class='ocrx_word' id='word_1_447' title='bbox 1564 3037 1656 3103; x_wconf 87' lang='lat' dir='ltr'><strong>illam</strong></span> <span class='ocrx_word' id='word_1_448' title='bbox 1673 3037 1835 3122; x_wconf 86' lang='lat' dir='ltr'><strong>agendam</strong></span> <span class='ocrx_word' id='word_1_449' title='bbox 1846 3038 1983 3122; x_wconf 87' lang='lat' dir='ltr'><strong>suscepi,</strong></span> <span class='ocrx_word' id='word_1_450' title='bbox 2007 3047 2041 3103; x_wconf 93' lang='lat' dir='ltr'><strong>et</strong></span> <span class='ocrx_word' id='word_1_451' title='bbox 2059 3038 2153 3105; x_wconf 88' lang='lat' dir='ltr'><strong>lucu·</strong></span> <span class='ocrx_word' id='word_1_452' title='bbox 2279 3113 2283 3124; x_wconf 35' lang='grc' dir='ltr'>Ι</span> 
     </span>
    </p>
   </div>
   <div class='ocr_carea' id='block_1_6' title="bbox 155 3121 2153 5266">
    <p class='ocr_par' dir='ltr' id='par_1_7' title="bbox 155 3121 2153 5089">
     <span class='ocr_line' id='line_1_32' title="bbox 160 3121 2066 3207; baseline -0.002 -16"><span class='ocrx_word' id='word_1_453' title='bbox 160 3124 259 3191; x_wconf 88' lang='lat' dir='ltr'><strong>Oerte</strong></span> <span class='ocrx_word' id='word_1_454' title='bbox 279 3131 320 3188; x_wconf 91' lang='lat' dir='ltr'><strong>nt</strong></span> <span class='ocrx_word' id='word_1_455' title='bbox 346 3123 476 3206; x_wconf 89' lang='lat' dir='ltr'><strong>quidvis</strong></span> <span class='ocrx_word' id='word_1_456' title='bbox 503 3132 619 3190; x_wconf 90' lang='lat' dir='ltr'><strong>contra</strong></span> <span class='ocrx_word' id='word_1_457' title='bbox 646 3133 715 3188; x_wconf 90' lang='lat' dir='ltr'><strong>tarn</strong></span> <span class='ocrx_word' id='word_1_458' title='bbox 737 3143 797 3206; x_wconf 94' lang='lat' dir='ltr'><strong>pro</strong></span> <span class='ocrx_word' id='word_1_459' title='bbox 822 3122 829 3136; x_wconf 88' lang='grc'><strong>’</strong></span> <span class='ocrx_word' id='word_1_460' title='bbox 856 3124 956 3189; x_wconf 85' lang='lat' dir='ltr'><strong>‘osam</strong></span> <span class='ocrx_word' id='word_1_461' title='bbox 978 3121 1130 3207; x_wconf 88' lang='lat' dir='ltr'><strong>blasphe·</strong></span> <span class='ocrx_word' id='word_1_462' title='bbox 1181 3123 1271 3189; x_wconf 91' lang='lat' dir='ltr'><strong>lente</strong></span> <span class='ocrx_word' id='word_1_463' title='bbox 1292 3124 1428 3207; x_wconf 84' lang='lat' dir='ltr'><strong>exposui</strong></span> <span class='ocrx_word' id='word_1_464' title='bbox 1448 3124 1560 3189; x_wconf 91' lang='lat' dir='ltr'><strong>Deum</strong></span> <span class='ocrx_word' id='word_1_465' title='bbox 1580 3125 1706 3207; x_wconf 88' lang='lat' dir='ltr'><strong>peccati</strong></span> <span class='ocrx_word' id='word_1_466' title='bbox 1728 3145 1796 3189; x_wconf 92' lang='lat' dir='ltr'><strong>non</strong></span> <span class='ocrx_word' id='word_1_467' title='bbox 1815 3145 1885 3189; x_wconf 90' lang='lat' dir='ltr'><strong>esse</strong></span> <span class='ocrx_word' id='word_1_468' title='bbox 1908 3131 2066 3190; x_wconf 86' lang='lat' dir='ltr'><strong>autorem.</strong></span> 
     </span>
     <span class='ocr_line' id='line_1_33' title="bbox 159 3207 1130 3291; baseline 0 -17"><span class='ocrx_word' id='word_1_469' title='bbox 159 3210 259 3274; x_wconf 87' lang='lat' dir='ltr'><strong>miam</strong></span> <span class='ocrx_word' id='word_1_470' title='bbox 282 3207 427 3289; x_wconf 85' lang='lat' dir='ltr'><strong>dicatur,</strong></span> <span class='ocrx_word' id='word_1_471' title='bbox 453 3208 594 3276; x_wconf 86' lang='lat' dir='ltr'><strong>libenter</strong></span> <span class='ocrx_word' id='word_1_472' title='bbox 620 3211 742 3291; x_wconf 90' lang='lat' dir='ltr'><strong>patiar,</strong></span> <span class='ocrx_word' id='word_1_473' title='bbox 769 3231 803 3273; x_wconf 91' lang='lat' dir='ltr'><strong>m</strong></span> <span class='ocrx_word' id='word_1_474' title='bbox 846 3229 865 3273; x_wconf 95' lang='lat' dir='ltr'><strong>o</strong></span> <span class='ocrx_word' id='word_1_475' title='bbox 893 3230 935 3273; x_wconf 93' lang='lat' dir='ltr'><strong>ne</strong></span> <span class='ocrx_word' id='word_1_476' title='bbox 966 3209 1130 3274; x_wconf 90' lang='lat' dir='ltr'><strong>immerito</strong></span> 
     </span>
     <span class='ocr_line' id='line_1_34' title="bbox 160 3291 1130 3376; baseline 0 -16"><span class='ocrx_word' id='word_1_477' title='bbox 160 3295 381 3360; x_wconf 85' lang='lat' dir='ltr'><strong>admisceatur</strong></span> <span class='ocrx_word' id='word_1_478' title='bbox 404 3299 477 3376; x_wconf 83' lang='lat' dir='ltr'><strong>[pag.</strong></span> <span class='ocrx_word' id='word_1_479' title='bbox 496 3299 550 3374; x_wconf 77' lang='lat'><strong>72]</strong></span> <span class='ocrx_word' id='word_1_480' title='bbox 577 3316 696 3360; x_wconf 91' lang='lat' dir='ltr'><strong>nomen</strong></span> <span class='ocrx_word' id='word_1_481' title='bbox 724 3314 845 3360; x_wconf 87' lang='lat' dir='ltr'><strong>meum.</strong></span> <span class='ocrx_word' id='word_1_482' title='bbox 897 3291 1067 3376; x_wconf 78' lang='lat' dir='ltr'><strong>Quantum</strong></span> <span class='ocrx_word' id='word_1_483' title='bbox 1088 3294 1130 3360; x_wconf 90' lang='lat' dir='ltr'><strong>ad</strong></span> 
     </span>
     <span class='ocr_line' id='line_1_35' title="bbox 160 3377 2153 3465; baseline -0.001 -19"><span class='ocrx_word' id='word_1_484' title='bbox 160 3380 281 3446; x_wconf 87' lang='lat' dir='ltr'><strong>stultos</strong></span> <span class='ocrx_word' id='word_1_485' title='bbox 303 3380 463 3446; x_wconf 90' lang='lat' dir='ltr'><strong>fallendos</strong></span> <span class='ocrx_word' id='word_1_486' title='bbox 483 3381 633 3465; x_wconf 83' lang='lat' dir='ltr'><strong>proficias</strong></span> <span class='ocrx_word' id='word_1_487' title='bbox 656 3381 774 3458; x_wconf 87' lang='lat' dir='ltr'><strong>neseio,</strong></span> <span class='ocrx_word' id='word_1_488' title='bbox 802 3379 860 3446; x_wconf 90' lang='lat' dir='ltr'><strong>sed</strong></span> <span class='ocrx_word' id='word_1_489' title='bbox 881 3401 948 3445; x_wconf 91' lang='lat' dir='ltr'><strong>non</strong></span> <span class='ocrx_word' id='word_1_490' title='bbox 969 3380 1078 3460; x_wconf 90' lang='lat' dir='ltr'><strong>timeo,</strong></span> <span class='ocrx_word' id='word_1_491' title='bbox 1102 3381 1131 3445; x_wconf 90' lang='lat' dir='ltr'><strong>si</strong></span> <span class='ocrx_word' id='word_1_492' title='bbox 1269 3383 1343 3457; x_wconf 77' lang='lat' dir='ltr'><strong>[pag.</strong></span> <span class='ocrx_word' id='word_1_493' title='bbox 1368 3385 1420 3456; x_wconf 80' lang='lat'><strong>75]</strong></span> <span class='ocrx_word' id='word_1_494' title='bbox 1441 3377 1497 3443; x_wconf 87' lang='lat' dir='ltr'><strong>Ad</strong></span> <span class='ocrx_word' id='word_1_495' title='bbox 1530 3378 1706 3462; x_wconf 87' lang='lat' dir='ltr'><strong>septimum</strong></span> <span class='ocrx_word' id='word_1_496' title='bbox 1738 3377 1934 3464; x_wconf 90' lang='lat' dir='ltr'><strong>respondere</strong></span> <span class='ocrx_word' id='word_1_497' title='bbox 1965 3379 2050 3444; x_wconf 89' lang='lat' dir='ltr'><strong>nihil</strong></span> <span class='ocrx_word' id='word_1_498' title='bbox 2080 3400 2153 3445; x_wconf 88' lang='lat' dir='ltr'><strong>mea</strong></span> 
     </span>
     <span class='ocr_line' id='line_1_36' title="bbox 160 3457 2152 3550; baseline -0.001 -19"><span class='ocrx_word' id='word_1_499' title='bbox 160 3467 233 3550; x_wconf 88' lang='lat' dir='ltr'><strong>quis</strong></span> <span class='ocrx_word' id='word_1_500' title='bbox 255 3467 414 3550; x_wconf 88' lang='lat' dir='ltr'><strong>figmenta</strong></span> <span class='ocrx_word' id='word_1_501' title='bbox 435 3475 492 3531; x_wconf 88' lang='lat' dir='ltr'><strong>tua</strong></span> <span class='ocrx_word' id='word_1_502' title='bbox 514 3487 588 3532; x_wconf 92' lang='lat' dir='ltr'><strong>cum</strong></span> <span class='ocrx_word' id='word_1_503' title='bbox 610 3466 740 3550; x_wconf 87' lang='lat' dir='ltr'><strong>scriptis</strong></span> <span class='ocrx_word' id='word_1_504' title='bbox 757 3465 841 3532; x_wconf 87' lang='lat' dir='ltr'><strong>meis</strong></span> <span class='ocrx_word' id='word_1_505' title='bbox 862 3466 1009 3536; x_wconf 90' lang='lat' dir='ltr'><strong>conferre</strong></span> <span class='ocrx_word' id='word_1_506' title='bbox 1030 3465 1129 3547; x_wconf 89' lang='lat' dir='ltr'><strong>volet,</strong></span> <span class='ocrx_word' id='word_1_507' title='bbox 1180 3457 1326 3531; x_wconf 86' lang='lat' dir='ltr'><strong>interest</strong></span> <span class='ocrx_word' id='word_1_508' title='bbox 1360 3464 1477 3530; x_wconf 89' lang='lat' dir='ltr'><strong>Profer</strong></span> <span class='ocrx_word' id='word_1_509' title='bbox 1494 3464 1603 3530; x_wconf 91' lang='lat' dir='ltr'><strong>locum</strong></span> <span class='ocrx_word' id='word_1_510' title='bbox 1625 3463 1681 3530; x_wconf 89' lang='lat' dir='ltr'><strong>ubi</strong></span> <span class='ocrx_word' id='word_1_511' title='bbox 1701 3464 1841 3531; x_wconf 88' lang='lat' dir='ltr'><strong>dixerim</strong></span> <span class='ocrx_word' id='word_1_512' title='bbox 1859 3466 2048 3549; x_wconf 87' lang='lat' dir='ltr'><strong>saepissime</strong></span> <span class='ocrx_word' id='word_1_513' title='bbox 2070 3485 2152 3550; x_wconf 85' lang='lat' dir='ltr'><strong>pug-</strong></span> 
     </span>
     <span class='ocr_line' id='line_1_37' title="bbox 159 3549 2152 3636; baseline 0.001 -20"><span class='ocrx_word' id='word_1_514' title='bbox 159 3574 201 3617; x_wconf 89' lang='lat' dir='ltr'><strong>ne</strong></span> <span class='ocrx_word' id='word_1_515' title='bbox 229 3563 297 3616; x_wconf 67' lang='lat' dir='ltr'><strong>tua&#39;</strong></span> <span class='ocrx_word' id='word_1_516' title='bbox 314 3550 507 3635; x_wconf 85' lang='lat' dir='ltr'><strong>improbitas</strong></span> <span class='ocrx_word' id='word_1_517' title='bbox 536 3559 568 3617; x_wconf 86' lang='lat' dir='ltr'><strong>te</strong></span> <span class='ocrx_word' id='word_1_518' title='bbox 595 3551 844 3632; x_wconf 88' lang='lat' dir='ltr'><strong>exsecrabilem,</strong></span> <span class='ocrx_word' id='word_1_519' title='bbox 876 3564 914 3617; x_wconf 87' lang='lat' dir='ltr'><strong>ut</strong></span> <span class='ocrx_word' id='word_1_520' title='bbox 941 3550 1062 3636; x_wconf 91' lang='lat' dir='ltr'><strong>dignus</strong></span> <span class='ocrx_word' id='word_1_521' title='bbox 1084 3574 1129 3630; x_wconf 90' lang='lat' dir='ltr'><strong>es,</strong></span> <span class='ocrx_word' id='word_1_522' title='bbox 1181 3572 1262 3617; x_wconf 89' lang='lat' dir='ltr'><strong>nare</strong></span> <span class='ocrx_word' id='word_1_523' title='bbox 1283 3549 1348 3615; x_wconf 91' lang='lat' dir='ltr'><strong>Dei</strong></span> <span class='ocrx_word' id='word_1_524' title='bbox 1369 3549 1576 3615; x_wconf 89' lang='lat' dir='ltr'><strong>voluntatem</strong></span> <span class='ocrx_word' id='word_1_525' title='bbox 1592 3571 1667 3616; x_wconf 89' lang='lat' dir='ltr'><strong>cnm</strong></span> <span class='ocrx_word' id='word_1_526' title='bbox 1688 3561 1874 3635; x_wconf 88' lang='lat' dir='ltr'><strong>praecepto:</strong></span> <span class='ocrx_word' id='word_1_527' title='bbox 1898 3551 1979 3615; x_wconf 87' lang='lat' dir='ltr'><strong>milri</strong></span> <span class='ocrx_word' id='word_1_528' title='bbox 2001 3552 2088 3615; x_wconf 93' lang='lat' dir='ltr'><strong>enim</strong></span> <span class='ocrx_word' id='word_1_529' title='bbox 2111 3574 2152 3618; x_wconf 89' lang='lat' dir='ltr'><strong>ne</strong></span> 
     </span>
     <span class='ocr_line' id='line_1_38' title="bbox 158 3635 2151 3723; baseline 0.001 -21"><span class='ocrx_word' id='word_1_530' title='bbox 158 3637 283 3703; x_wconf 84' lang='lat' dir='ltr'><strong>reddat</strong></span> <span class='ocrx_word' id='word_1_531' title='bbox 328 3636 524 3716; x_wconf 75' lang='lat' dir='ltr'><strong>(lentandis,</strong></span> <span class='ocrx_word' id='word_1_532' title='bbox 551 3638 580 3702; x_wconf 88' lang='lat' dir='ltr'><strong>sl</strong></span> <span class='ocrx_word' id='word_1_533' title='bbox 606 3636 701 3704; x_wconf 88' lang='lat' dir='ltr'><strong>Dens</strong></span> <span class='ocrx_word' id='word_1_534' title='bbox 729 3648 825 3704; x_wconf 86' lang='lat' dir='ltr'><strong>amat</strong></span> <span class='ocrx_word' id='word_1_535' title='bbox 843 3647 1029 3723; x_wconf 87' lang='lat' dir='ltr'><strong>peceatum,</strong></span> <span class='ocrx_word' id='word_1_536' title='bbox 1056 3637 1129 3704; x_wconf 94' lang='lat' dir='ltr'><strong>odio</strong></span> <span class='ocrx_word' id='word_1_537' title='bbox 1180 3657 1240 3721; x_wconf 89' lang='lat' dir='ltr'><strong>per</strong></span> <span class='ocrx_word' id='word_1_538' title='bbox 1262 3636 1427 3701; x_wconf 88' lang='lat' dir='ltr'><strong>somnium</strong></span> <span class='ocrx_word' id='word_1_539' title='bbox 1448 3635 1578 3718; x_wconf 91' lang='lat' dir='ltr'><strong>quidem</strong></span> <span class='ocrx_word' id='word_1_540' title='bbox 1589 3635 1635 3702; x_wconf 75' lang='lat' dir='ltr'><strong>sd</strong></span> <span class='ocrx_word' id='word_1_541' title='bbox 1657 3659 1703 3701; x_wconf 93' lang='lat' dir='ltr'><strong>un</strong></span> <span class='ocrx_word' id='word_1_542' title='bbox 1726 3658 1801 3702; x_wconf 85' lang='lat' dir='ltr'><strong>nam</strong></span> <span class='ocrx_word' id='word_1_543' title='bbox 1826 3637 1861 3702; x_wconf 92' lang='lat' dir='ltr'><strong>in</strong></span> <span class='ocrx_word' id='word_1_544' title='bbox 1884 3646 2029 3702; x_wconf 88' lang='lat' dir='ltr'><strong>mentem</strong></span> <span class='ocrx_word' id='word_1_545' title='bbox 2050 3636 2151 3703; x_wconf 85' lang='lat' dir='ltr'><strong>venit</strong></span> 
     </span>
     <span class='ocr_line' id='line_1_39' title="bbox 158 3658 2151 3806; baseline 0.001 -18"><span class='ocrx_word' id='word_1_546' title='bbox 158 3724 281 3803; x_wconf 79' lang='lat' dir='ltr'><strong>habere</strong></span> <span class='ocrx_word' id='word_1_547' title='bbox 296 3723 480 3800; x_wconf 75' lang='lat' dir='ltr'><strong>iustitiam,</strong></span> <span class='ocrx_word' id='word_1_548' title='bbox 508 3723 675 3806; x_wconf 89' lang='lat' dir='ltr'><strong>multaque</strong></span> <span class='ocrx_word' id='word_1_549' title='bbox 703 3723 739 3788; x_wconf 95' lang='lat' dir='ltr'><strong>in</strong></span> <span class='ocrx_word' id='word_1_550' title='bbox 767 3725 903 3790; x_wconf 86' lang='lat' dir='ltr'><strong>eandem</strong></span> <span class='ocrx_word' id='word_1_551' title='bbox 932 3724 1130 3790; x_wconf 87' lang='lat' dir='ltr'><strong>sententiam</strong></span> <span class='ocrx_word' id='word_1_552' title='bbox 1168 3721 1272 3805; x_wconf 77' lang='lat' dir='ltr'><strong>&#39;Quin</strong></span> <span class='ocrx_word' id='word_1_553' title='bbox 1299 3722 1408 3805; x_wconf 90' lang='lat' dir='ltr'><strong>potius</strong></span> <span class='ocrx_word' id='word_1_554' title='bbox 1435 3721 1523 3786; x_wconf 87' lang='lat' dir='ltr'><strong>inter</strong></span> <span class='ocrx_word' id='word_1_555' title='bbox 1551 3722 1616 3787; x_wconf 90' lang='lat' dir='ltr'><strong>alia</strong></span> <span class='ocrx_word' id='word_1_556' title='bbox 1633 3658 1783 3788; x_wconf 71' lang='lat' dir='ltr'><strong>fideliter</strong></span> <span class='ocrx_word' id='word_1_557' title='bbox 1808 3723 1960 3805; x_wconf 90' lang='lat' dir='ltr'><strong>exposui,</strong></span> <span class='ocrx_word' id='word_1_558' title='bbox 1993 3722 2151 3803; x_wconf 91' lang='lat' dir='ltr'><strong>quomodo</strong></span> 
     </span>
     <span class='ocr_line' id='line_1_40' title="bbox 158 3803 2152 3891; baseline 0 -17"><span class='ocrx_word' id='word_1_559' title='bbox 158 3808 302 3874; x_wconf 88' lang='lat' dir='ltr'><strong>adducis.</strong></span> <span class='ocrx_word' id='word_1_560' title='bbox 336 3803 526 3889; x_wconf 80' lang='lat' dir='ltr'><strong>Quorsum?</strong></span> <span class='ocrx_word' id='word_1_561' title='bbox 549 3809 614 3874; x_wconf 91' lang='lat' dir='ltr'><strong>uisi</strong></span> <span class='ocrx_word' id='word_1_562' title='bbox 637 3820 673 3874; x_wconf 94' lang='lat' dir='ltr'><strong>ut</strong></span> <span class='ocrx_word' id='word_1_563' title='bbox 693 3810 802 3876; x_wconf 89' lang='lat' dir='ltr'><strong>verbis</strong></span> <span class='ocrx_word' id='word_1_564' title='bbox 819 3811 901 3877; x_wconf 91' lang='lat' dir='ltr'><strong>meis</strong></span> <span class='ocrx_word' id='word_1_565' title='bbox 923 3809 1128 3877; x_wconf 81' lang='lat' dir='ltr'><strong>subscribas?</strong></span> <span class='ocrx_word' id='word_1_566' title='bbox 1181 3807 1320 3890; x_wconf 90' lang='lat' dir='ltr'><strong>simplex</strong></span> <span class='ocrx_word' id='word_1_567' title='bbox 1349 3816 1383 3871; x_wconf 90' lang='lat' dir='ltr'><strong>et</strong></span> <span class='ocrx_word' id='word_1_568' title='bbox 1409 3807 1506 3873; x_wconf 89' lang='lat' dir='ltr'><strong>unica</strong></span> <span class='ocrx_word' id='word_1_569' title='bbox 1532 3808 1576 3872; x_wconf 92' lang='lat' dir='ltr'><strong>sit</strong></span> <span class='ocrx_word' id='word_1_570' title='bbox 1596 3808 1661 3882; x_wconf 88' lang='lat' dir='ltr'><strong>Dei</strong></span> <span class='ocrx_word' id='word_1_571' title='bbox 1687 3807 1856 3885; x_wconf 85' lang='lat' dir='ltr'><strong>voluntas,</strong></span> <span class='ocrx_word' id='word_1_572' title='bbox 1885 3809 2035 3891; x_wconf 89' lang='lat' dir='ltr'><strong>quamvis</strong></span> <span class='ocrx_word' id='word_1_573' title='bbox 2065 3809 2152 3875; x_wconf 88' lang='lat' dir='ltr'><strong>inter</strong></span> 
     </span>
     <span class='ocr_line' id='line_1_41' title="bbox 160 3891 2152 3978; baseline -0.001 -18"><span class='ocrx_word' id='word_1_574' title='bbox 160 3893 217 3961; x_wconf 77' lang='lat' dir='ltr'><strong>sio</strong></span> <span class='ocrx_word' id='word_1_575' title='bbox 240 3895 330 3960; x_wconf 89' lang='lat' dir='ltr'><strong>euim</strong></span> <span class='ocrx_word' id='word_1_576' title='bbox 351 3893 475 3960; x_wconf 89' lang='lat' dir='ltr'><strong>diserte</strong></span> <span class='ocrx_word' id='word_1_577' title='bbox 497 3915 562 3960; x_wconf 91' lang='lat' dir='ltr'><strong>uon</strong></span> <span class='ocrx_word' id='word_1_578' title='bbox 585 3894 657 3960; x_wconf 91' lang='lat' dir='ltr'><strong>heri</strong></span> <span class='ocrx_word' id='word_1_579' title='bbox 679 3895 838 3978; x_wconf 89' lang='lat' dir='ltr'><strong>primum,</strong></span> <span class='ocrx_word' id='word_1_580' title='bbox 866 3895 920 3962; x_wconf 89' lang='lat' dir='ltr'><strong>vel</strong></span> <span class='ocrx_word' id='word_1_581' title='bbox 943 3894 1129 3962; x_wconf 88' lang='lat' dir='ltr'><strong>nudiuster·</strong></span> <span class='ocrx_word' id='word_1_582' title='bbox 1181 3914 1340 3961; x_wconf 87' lang='lat' dir='ltr'><strong>arcanum</strong></span> <span class='ocrx_word' id='word_1_583' title='bbox 1360 3891 1431 3957; x_wconf 90' lang='lat' dir='ltr'><strong>eius</strong></span> <span class='ocrx_word' id='word_1_584' title='bbox 1451 3893 1625 3958; x_wconf 91' lang='lat' dir='ltr'><strong>consilinm</strong></span> <span class='ocrx_word' id='word_1_585' title='bbox 1654 3902 1688 3957; x_wconf 93' lang='lat' dir='ltr'><strong>et</strong></span> <span class='ocrx_word' id='word_1_586' title='bbox 1708 3892 1888 3958; x_wconf 88' lang='lat' dir='ltr'><strong>doctrinam</strong></span> <span class='ocrx_word' id='word_1_587' title='bbox 1910 3892 2071 3977; x_wconf 90' lang='lat' dir='ltr'><strong>quaedam</strong></span> <span class='ocrx_word' id='word_1_588' title='bbox 2085 3906 2152 3978; x_wconf 86' lang='lat' dir='ltr'><strong>ap-</strong></span> 
     </span>
     <span class='ocr_line' id='line_1_42' title="bbox 159 3976 2151 4065; baseline 0.001 -20"><span class='ocrx_word' id='word_1_589' title='bbox 159 3981 234 4059; x_wconf 88' lang='lat' dir='ltr'><strong>tius,</strong></span> <span class='ocrx_word' id='word_1_590' title='bbox 257 3979 315 4046; x_wconf 88' lang='lat' dir='ltr'><strong>sed</strong></span> <span class='ocrx_word' id='word_1_591' title='bbox 338 3988 414 4045; x_wconf 88' lang='lat' dir='ltr'><strong>ante</strong></span> <span class='ocrx_word' id='word_1_592' title='bbox 437 3979 621 4065; x_wconf 90' lang='lat' dir='ltr'><strong>complures</strong></span> <span class='ocrx_word' id='word_1_593' title='bbox 643 4001 747 4045; x_wconf 91' lang='lat' dir='ltr'><strong>annos</strong></span> <span class='ocrx_word' id='word_1_594' title='bbox 767 3981 922 4063; x_wconf 90' lang='lat' dir='ltr'><strong>loquutus</strong></span> <span class='ocrx_word' id='word_1_595' title='bbox 943 4002 1031 4047; x_wconf 88' lang='lat' dir='ltr'><strong>sum:</strong></span> <span class='ocrx_word' id='word_1_596' title='bbox 1045 3983 1070 4064; x_wconf 89' lang='lat'><strong>¹)</strong></span> <span class='ocrx_word' id='word_1_597' title='bbox 1090 3980 1129 4047; x_wconf 82' lang='lat' dir='ltr'><strong>si</strong></span> <span class='ocrx_word' id='word_1_598' title='bbox 1180 3989 1295 4065; x_wconf 88' lang='lat' dir='ltr'><strong>pareat</strong></span> <span class='ocrx_word' id='word_1_599' title='bbox 1321 3976 1446 4043; x_wconf 87' lang='lat' dir='ltr'><strong>dissidii</strong></span> <span class='ocrx_word' id='word_1_600' title='bbox 1466 3979 1598 4061; x_wconf 89' lang='lat' dir='ltr'><strong>speeies.</strong></span> <span class='ocrx_word' id='word_1_601' title='bbox 1650 3977 1717 4060; x_wconf 75' lang='lat' dir='ltr'><strong>Qui</strong></span> <span class='ocrx_word' id='word_1_602' title='bbox 1745 3977 1891 4045; x_wconf 84' lang='lat' dir='ltr'><strong>modeste</strong></span> <span class='ocrx_word' id='word_1_603' title='bbox 1919 3978 2088 4062; x_wconf 90' lang='lat' dir='ltr'><strong>sobrieque</strong></span> <span class='ocrx_word' id='word_1_604' title='bbox 2115 4000 2151 4046; x_wconf 89' lang='lat' dir='ltr'><strong>se</strong></span> 
     </span>
     <span class='ocr_line' id='line_1_43' title="bbox 159 4063 2151 4150; baseline -0.001 -19"><span class='ocrx_word' id='word_1_605' title='bbox 159 4069 193 4131; x_wconf 92' lang='lat' dir='ltr'><strong>in</strong></span> <span class='ocrx_word' id='word_1_606' title='bbox 214 4065 408 4150; x_wconf 88' lang='lat' dir='ltr'><strong>spoliatione</strong></span> <span class='ocrx_word' id='word_1_607' title='bbox 429 4066 489 4131; x_wconf 94' lang='lat' dir='ltr'><strong>Iob</strong></span> <span class='ocrx_word' id='word_1_608' title='bbox 510 4085 682 4131; x_wconf 89' lang='lat' dir='ltr'><strong>commune</strong></span> <span class='ocrx_word' id='word_1_609' title='bbox 703 4071 754 4131; x_wconf 88' lang='lat' dir='ltr'><strong>est</strong></span> <span class='ocrx_word' id='word_1_610' title='bbox 768 4065 844 4145; x_wconf 91' lang='lat' dir='ltr'><strong>Dei,</strong></span> <span class='ocrx_word' id='word_1_611' title='bbox 866 4065 1011 4132; x_wconf 81' lang='lat' dir='ltr'><strong>Satanae</strong></span> <span class='ocrx_word' id='word_1_612' title='bbox 1031 4076 1066 4131; x_wconf 88' lang='lat' dir='ltr'><strong>et</strong></span> <span class='ocrx_word' id='word_1_613' title='bbox 1082 4066 1129 4131; x_wconf 89' lang='lat' dir='ltr'><strong>la-</strong></span> <span class='ocrx_word' id='word_1_614' title='bbox 1180 4063 1433 4141; x_wconf 86' lang='lat' dir='ltr'><strong>Deo&#39;subiiciet,</strong></span> <span class='ocrx_word' id='word_1_615' title='bbox 1455 4077 1617 4149; x_wconf 89' lang='lat' dir='ltr'><strong>quatenus</strong></span> <span class='ocrx_word' id='word_1_616' title='bbox 1637 4064 1758 4129; x_wconf 90' lang='lat' dir='ltr'><strong>mentis</strong></span> <span class='ocrx_word' id='word_1_617' title='bbox 1776 4063 1939 4130; x_wconf 89' lang='lat' dir='ltr'><strong>humanas</strong></span> <span class='ocrx_word' id='word_1_618' title='bbox 1957 4065 2064 4148; x_wconf 91' lang='lat' dir='ltr'><strong>capiet</strong></span> <span class='ocrx_word' id='word_1_619' title='bbox 2081 4086 2151 4130; x_wconf 91' lang='lat' dir='ltr'><strong>mo·</strong></span> 
     </span>
     <span class='ocr_line' id='line_1_44' title="bbox 159 4146 2152 4235; baseline -0.001 -18"><span class='ocrx_word' id='word_1_620' title='bbox 159 4164 292 4218; x_wconf 89' lang='lat' dir='ltr'><strong>tronum</strong></span> <span class='ocrx_word' id='word_1_621' title='bbox 302 4171 395 4235; x_wconf 88' lang='lat' dir='ltr'><strong>opus,</strong></span> <span class='ocrx_word' id='word_1_622' title='bbox 417 4150 579 4235; x_wconf 91' lang='lat' dir='ltr'><strong>quomodo</strong></span> <span class='ocrx_word' id='word_1_623' title='bbox 597 4172 617 4216; x_wconf 92' lang='lat' dir='ltr'><strong>a</strong></span> <span class='ocrx_word' id='word_1_624' title='bbox 634 4150 729 4234; x_wconf 88' lang='lat' dir='ltr'><strong>culpa</strong></span> <span class='ocrx_word' id='word_1_625' title='bbox 745 4152 907 4217; x_wconf 82' lang='lat' dir='ltr'><strong>eximetur</strong></span> <span class='ocrx_word' id='word_1_626' title='bbox 916 4152 1017 4231; x_wconf 89' lang='lat' dir='ltr'><strong>Deus,</strong></span> <span class='ocrx_word' id='word_1_627' title='bbox 1036 4152 1129 4218; x_wconf 89' lang='lat' dir='ltr'><strong>cuius</strong></span> <span class='ocrx_word' id='word_1_628' title='bbox 1182 4151 1292 4230; x_wconf 90' lang='lat' dir='ltr'><strong>dulus,</strong></span> <span class='ocrx_word' id='word_1_629' title='bbox 1321 4149 1415 4215; x_wconf 88' lang='lat' dir='ltr'><strong>facile</strong></span> <span class='ocrx_word' id='word_1_630' title='bbox 1438 4160 1593 4233; x_wconf 81' lang='lat' dir='ltr'><strong>agnoscet</strong></span> <span class='ocrx_word' id='word_1_631' title='bbox 1618 4148 1777 4233; x_wconf 91' lang='lat' dir='ltr'><strong>quomodo</strong></span> <span class='ocrx_word' id='word_1_632' title='bbox 1796 4146 1903 4229; x_wconf 85' lang='lat' dir='ltr'><strong>Dens&#39;,</strong></span> <span class='ocrx_word' id='word_1_633' title='bbox 1931 4150 1987 4232; x_wconf 90' lang='lat' dir='ltr'><strong>qui</strong></span> <span class='ocrx_word' id='word_1_634' title='bbox 2016 4152 2152 4216; x_wconf 81' lang='lat' dir='ltr'><strong>scortari</strong></span> 
     </span>
     <span class='ocr_line' id='line_1_45' title="bbox 160 4234 2151 4321; baseline -0.002 -17"><span class='ocrx_word' id='word_1_635' title='bbox 160 4236 266 4304; x_wconf 83' lang='lat' dir='ltr'><strong>Satan</strong></span> <span class='ocrx_word' id='word_1_636' title='bbox 289 4257 365 4303; x_wconf 90' lang='lat' dir='ltr'><strong>cum</strong></span> <span class='ocrx_word' id='word_1_637' title='bbox 386 4238 455 4303; x_wconf 90' lang='lat' dir='ltr'><strong>suis</strong></span> <span class='ocrx_word' id='word_1_638' title='bbox 476 4236 608 4321; x_wconf 77' lang='lat' dir='ltr'><strong>organis</strong></span> <span class='ocrx_word' id='word_1_639' title='bbox 630 4258 706 4304; x_wconf 88' lang='lat' dir='ltr'><strong>reus</strong></span> <span class='ocrx_word' id='word_1_640' title='bbox 728 4236 813 4302; x_wconf 81' lang='lat' dir='ltr'><strong>erit?</strong></span> <span class='ocrx_word' id='word_1_641' title='bbox 845 4238 972 4320; x_wconf 86' lang='lat' dir='ltr'><strong>Nempe</strong></span> <span class='ocrx_word' id='word_1_642' title='bbox 993 4238 1021 4302; x_wconf 91' lang='lat' dir='ltr'><strong>si</strong></span> <span class='ocrx_word' id='word_1_643' title='bbox 1041 4237 1130 4302; x_wconf 89' lang='lat' dir='ltr'><strong>inter</strong></span> <span class='ocrx_word' id='word_1_644' title='bbox 1181 4244 1287 4315; x_wconf 89' lang='lat' dir='ltr'><strong>vetat,</strong></span> <span class='ocrx_word' id='word_1_645' title='bbox 1315 4255 1374 4319; x_wconf 91' lang='lat' dir='ltr'><strong>per</strong></span> <span class='ocrx_word' id='word_1_646' title='bbox 1400 4236 1600 4301; x_wconf 88' lang='lat' dir='ltr'><strong>incestuosos</strong></span> <span class='ocrx_word' id='word_1_647' title='bbox 1623 4234 1812 4301; x_wconf 87' lang='lat' dir='ltr'><strong>concubitus</strong></span> <span class='ocrx_word' id='word_1_648' title='bbox 1834 4234 1990 4302; x_wconf 83' lang='lat' dir='ltr'><strong>Absalom</strong></span> <span class='ocrx_word' id='word_1_649' title='bbox 2012 4234 2151 4301; x_wconf 88' lang='lat' dir='ltr'><strong>Davidis</strong></span> 
     </span>
     <span class='ocr_line' id='line_1_46' title="bbox 161 4320 2149 4405; baseline -0.002 -17"><span class='ocrx_word' id='word_1_650' title='bbox 161 4323 332 4388; x_wconf 92' lang='lat' dir='ltr'><strong>hominum</strong></span> <span class='ocrx_word' id='word_1_651' title='bbox 353 4323 441 4389; x_wconf 90' lang='lat' dir='ltr'><strong>facta</strong></span> <span class='ocrx_word' id='word_1_652' title='bbox 462 4321 636 4389; x_wconf 90' lang='lat' dir='ltr'><strong>discrimen</strong></span> <span class='ocrx_word' id='word_1_653' title='bbox 659 4322 830 4389; x_wconf 90' lang='lat' dir='ltr'><strong>acousilio</strong></span> <span class='ocrx_word' id='word_1_654' title='bbox 850 4324 960 4389; x_wconf 87' lang='lat' dir='ltr'><strong>etflne</strong></span> <span class='ocrx_word' id='word_1_655' title='bbox 978 4324 1129 4400; x_wconf 89' lang='lat' dir='ltr'><strong>sumitur,</strong></span> <span class='ocrx_word' id='word_1_656' title='bbox 1181 4321 1378 4387; x_wconf 85' lang='lat' dir='ltr'><strong>adulterium</strong></span> <span class='ocrx_word' id='word_1_657' title='bbox 1404 4321 1559 4403; x_wconf 91' lang='lat' dir='ltr'><strong>puniens,</strong></span> <span class='ocrx_word' id='word_1_658' title='bbox 1587 4342 1691 4386; x_wconf 90' lang='lat' dir='ltr'><strong>unum</strong></span> <span class='ocrx_word' id='word_1_659' title='bbox 1718 4321 1867 4404; x_wconf 88' lang='lat' dir='ltr'><strong>idemque</strong></span> <span class='ocrx_word' id='word_1_660' title='bbox 1897 4341 2029 4405; x_wconf 90' lang='lat' dir='ltr'><strong>semper</strong></span> <span class='ocrx_word' id='word_1_661' title='bbox 2061 4320 2149 4400; x_wconf 89' lang='lat' dir='ltr'><strong>velit,</strong></span> 
     </span>
     <span class='ocr_line' id='line_1_47' title="bbox 160 4405 2150 4492; baseline -0.001 -19"><span class='ocrx_word' id='word_1_662' title='bbox 160 4419 197 4474; x_wconf 90' lang='lat' dir='ltr'><strong>ut</strong></span> <span class='ocrx_word' id='word_1_663' title='bbox 226 4409 299 4473; x_wconf 89' lang='lat' dir='ltr'><strong>eius</strong></span> <span class='ocrx_word' id='word_1_664' title='bbox 329 4407 505 4474; x_wconf 88' lang='lat' dir='ltr'><strong>damnetur</strong></span> <span class='ocrx_word' id='word_1_665' title='bbox 539 4408 715 4474; x_wconf 89' lang='lat' dir='ltr'><strong>crudelitas</strong></span> <span class='ocrx_word' id='word_1_666' title='bbox 742 4409 799 4492; x_wconf 93' lang='lat' dir='ltr'><strong>qui</strong></span> <span class='ocrx_word' id='word_1_667' title='bbox 826 4407 994 4474; x_wconf 83' lang='lat' dir='ltr'><strong>cornicum</strong></span> <span class='ocrx_word' id='word_1_668' title='bbox 1020 4408 1130 4475; x_wconf 90' lang='lat' dir='ltr'><strong>oculos</strong></span> <span class='ocrx_word' id='word_1_669' title='bbox 1182 4407 1321 4473; x_wconf 81' lang='lat' dir='ltr'><strong>diversis</strong></span> <span class='ocrx_word' id='word_1_670' title='bbox 1342 4415 1455 4471; x_wconf 90' lang='lat' dir='ltr'><strong>tamen</strong></span> <span class='ocrx_word' id='word_1_671' title='bbox 1472 4405 1585 4471; x_wconf 90' lang='lat' dir='ltr'><strong>modis.</strong></span> <span class='ocrx_word' id='word_1_672' title='bbox 1614 4407 1720 4490; x_wconf 79' lang='lat' dir='ltr'><strong>Ergo</strong></span> <span class='ocrx_word' id='word_1_673' title='bbox 1740 4428 1783 4471; x_wconf 91' lang='lat' dir='ltr'><strong>ne</strong></span> <span class='ocrx_word' id='word_1_674' title='bbox 1804 4406 1882 4489; x_wconf 93' lang='lat' dir='ltr'><strong>quid</strong></span> <span class='ocrx_word' id='word_1_675' title='bbox 1903 4407 1985 4471; x_wconf 91' lang='lat' dir='ltr'><strong>mihi</strong></span> <span class='ocrx_word' id='word_1_676' title='bbox 2002 4405 2150 4472; x_wconf 88' lang='lat' dir='ltr'><strong>maculae</strong></span> 
     </span>
     <span class='ocr_line' id='line_1_48' title="bbox 159 4490 2151 4578; baseline -0.003 -17"><span class='ocrx_word' id='word_1_677' title='bbox 159 4494 304 4578; x_wconf 83' lang='lat' dir='ltr'><strong>configit,</strong></span> <span class='ocrx_word' id='word_1_678' title='bbox 328 4493 381 4559; x_wconf 91' lang='lat' dir='ltr'><strong>vel</strong></span> <span class='ocrx_word' id='word_1_679' title='bbox 403 4494 521 4562; x_wconf 86' lang='lat' dir='ltr'><strong>occidit</strong></span> <span class='ocrx_word' id='word_1_680' title='bbox 542 4493 713 4563; x_wconf 87' lang='lat' dir='ltr'><strong>ciconiam:</strong></span> <span class='ocrx_word' id='word_1_681' title='bbox 746 4493 864 4560; x_wconf 89' lang='lat' dir='ltr'><strong>iudicis</strong></span> <span class='ocrx_word' id='word_1_682' title='bbox 886 4503 996 4559; x_wconf 91' lang='lat' dir='ltr'><strong>autem</strong></span> <span class='ocrx_word' id='word_1_683' title='bbox 1017 4494 1129 4559; x_wconf 89' lang='lat' dir='ltr'><strong>laude·</strong></span> <span class='ocrx_word' id='word_1_684' title='bbox 1182 4502 1336 4578; x_wconf 84' lang='lat' dir='ltr'><strong>aspergat</strong></span> <span class='ocrx_word' id='word_1_685' title='bbox 1361 4490 1605 4558; x_wconf 91' lang='lat' dir='ltr'><strong>mendaciorum</strong></span> <span class='ocrx_word' id='word_1_686' title='bbox 1631 4501 1764 4557; x_wconf 87' lang='lat' dir='ltr'><strong>tuorum</strong></span> <span class='ocrx_word' id='word_1_687' title='bbox 1792 4492 1978 4577; x_wconf 85' lang='lat' dir='ltr'><strong>spurcities,</strong></span> <span class='ocrx_word' id='word_1_688' title='bbox 2006 4492 2151 4557; x_wconf 89' lang='lat' dir='ltr'><strong>breviter</strong></span> 
     </span>
     <span class='ocr_line' id='line_1_49' title="bbox 158 4576 2150 4662; baseline -0.002 -17"><span class='ocrx_word' id='word_1_689' title='bbox 158 4576 214 4646; x_wconf 83' lang='lat' dir='ltr'><strong>tur</strong></span> <span class='ocrx_word' id='word_1_690' title='bbox 231 4581 355 4658; x_wconf 86' lang='lat' dir='ltr'><strong>virtus,</strong></span> <span class='ocrx_word' id='word_1_691' title='bbox 385 4581 440 4662; x_wconf 92' lang='lat' dir='ltr'><strong>qui</strong></span> <span class='ocrx_word' id='word_1_692' title='bbox 469 4580 598 4646; x_wconf 89' lang='lat' dir='ltr'><strong>scelesti</strong></span> <span class='ocrx_word' id='word_1_693' title='bbox 626 4579 770 4646; x_wconf 88' lang='lat' dir='ltr'><strong>hominis</strong></span> <span class='ocrx_word' id='word_1_694' title='bbox 791 4579 890 4646; x_wconf 86' lang='lat' dir='ltr'><strong>caede</strong></span> <span class='ocrx_word' id='word_1_695' title='bbox 911 4601 1030 4645; x_wconf 89' lang='lat' dir='ltr'><strong>manus</strong></span> <span class='ocrx_word' id='word_1_696' title='bbox 1053 4590 1130 4646; x_wconf 87' lang='lat' dir='ltr'><strong>suas</strong></span> <span class='ocrx_word' id='word_1_697' title='bbox 1182 4581 1244 4645; x_wconf 90' lang='lat' dir='ltr'><strong>hoo</strong></span> <span class='ocrx_word' id='word_1_698' title='bbox 1264 4587 1421 4645; x_wconf 88' lang='lat' dir='ltr'><strong>testatum</strong></span> <span class='ocrx_word' id='word_1_699' title='bbox 1439 4580 1483 4644; x_wconf 92' lang='lat' dir='ltr'><strong>sit</strong></span> <span class='ocrx_word' id='word_1_700' title='bbox 1503 4577 1689 4656; x_wconf 88' lang='lat' dir='ltr'><strong>lectoribus,</strong></span> <span class='ocrx_word' id='word_1_701' title='bbox 1711 4578 1798 4662; x_wconf 92' lang='lat' dir='ltr'><strong>quod</strong></span> <span class='ocrx_word' id='word_1_702' title='bbox 1817 4578 1908 4644; x_wconf 89' lang='lat' dir='ltr'><strong>velut</strong></span> <span class='ocrx_word' id='word_1_703' title='bbox 1930 4600 1972 4642; x_wconf 88' lang='lat' dir='ltr'><strong>ex</strong></span> <span class='ocrx_word' id='word_1_704' title='bbox 1994 4598 2047 4641; x_wconf 91' lang='lat' dir='ltr'><strong>me</strong></span> <span class='ocrx_word' id='word_1_705' title='bbox 2074 4597 2150 4659; x_wconf 77' lang='lat' dir='ltr'><strong>pro·</strong></span> 
     </span>
     <span class='ocr_line' id='line_1_50' title="bbox 157 4660 2150 4743; baseline -0.004 -11"><span class='ocrx_word' id='word_1_706' title='bbox 157 4666 348 4732; x_wconf 83' lang='lat' dir='ltr'><strong>sanctificat</strong></span> <span class='ocrx_word' id='word_1_707' title='bbox 393 4666 439 4730; x_wconf 83' lang='lat' dir='ltr'><strong>Et</strong></span> <span class='ocrx_word' id='word_1_708' title='bbox 462 4682 524 4731; x_wconf 85' lang='lat' dir='ltr'><strong>¹cur</strong></span> <span class='ocrx_word' id='word_1_709' title='bbox 551 4667 614 4731; x_wconf 88' lang='lat' dir='ltr'><strong>erit</strong></span> <span class='ocrx_word' id='word_1_710' title='bbox 642 4666 782 4732; x_wconf 88' lang='lat' dir='ltr'><strong>deterior</strong></span> <span class='ocrx_word' id='word_1_711' title='bbox 809 4666 875 4731; x_wconf 90' lang='lat' dir='ltr'><strong>Dei</strong></span> <span class='ocrx_word' id='word_1_712' title='bbox 902 4665 1058 4743; x_wconf 83' lang='lat' dir='ltr'><strong>conditio,</strong></span> <span class='ocrx_word' id='word_1_713' title='bbox 1088 4686 1130 4731; x_wconf 91' lang='lat' dir='ltr'><strong>ne</strong></span> <span class='ocrx_word' id='word_1_714' title='bbox 1181 4667 1303 4731; x_wconf 89' lang='lat' dir='ltr'><strong>fectum</strong></span> <span class='ocrx_word' id='word_1_715' title='bbox 1325 4663 1476 4729; x_wconf 91' lang='lat' dir='ltr'><strong>obtendis</strong></span> <span class='ocrx_word' id='word_1_716' title='bbox 1498 4662 1538 4728; x_wconf 92' lang='lat' dir='ltr'><strong>de</strong></span> <span class='ocrx_word' id='word_1_717' title='bbox 1559 4663 1730 4730; x_wconf 91' lang='lat' dir='ltr'><strong>contrariis</strong></span> <span class='ocrx_word' id='word_1_718' title='bbox 1747 4663 1812 4730; x_wconf 91' lang='lat' dir='ltr'><strong>Dei</strong></span> <span class='ocrx_word' id='word_1_719' title='bbox 1833 4660 2065 4741; x_wconf 86' lang='lat' dir='ltr'><strong>voluntatibus,</strong></span> <span class='ocrx_word' id='word_1_720' title='bbox 2088 4662 2150 4725; x_wconf 91' lang='lat' dir='ltr'><strong>im·</strong></span> 
     </span>
     <span class='ocr_line' id='line_1_51' title="bbox 157 4745 2150 4834; baseline -0.003 -17"><span class='ocrx_word' id='word_1_721' title='bbox 157 4773 219 4817; x_wconf 86' lang='lat' dir='ltr'><strong>sna</strong></span> <span class='ocrx_word' id='word_1_722' title='bbox 244 4771 320 4816; x_wconf 88' lang='lat' dir='ltr'><strong>eum</strong></span> <span class='ocrx_word' id='word_1_723' title='bbox 352 4751 479 4817; x_wconf 89' lang='lat' dir='ltr'><strong>institia</strong></span> <span class='ocrx_word' id='word_1_724' title='bbox 508 4756 582 4832; x_wconf 78' lang='lat' dir='ltr'><strong>[pag.</strong></span> <span class='ocrx_word' id='word_1_725' title='bbox 609 4757 664 4832; x_wconf 82' lang='lat' dir='ltr'><strong>vs]</strong></span> <span class='ocrx_word' id='word_1_726' title='bbox 693 4752 734 4818; x_wconf 90' lang='lat' dir='ltr'><strong>ab</strong></span> <span class='ocrx_word' id='word_1_727' title='bbox 762 4751 934 4816; x_wconf 89' lang='lat' dir='ltr'><strong>hominum</strong></span> <span class='ocrx_word' id='word_1_728' title='bbox 961 4751 1130 4816; x_wconf 87' lang='lat' dir='ltr'><strong>maleficiis</strong></span> <span class='ocrx_word' id='word_1_729' title='bbox 1181 4750 1374 4834; x_wconf 64' lang='lat' dir='ltr'><strong>pmbissffie</strong></span> <span class='ocrx_word' id='word_1_730' title='bbox 1396 4770 1467 4815; x_wconf 89' lang='lat' dir='ltr'><strong>esse</strong></span> <span class='ocrx_word' id='word_1_731' title='bbox 1489 4754 1563 4828; x_wconf 78' lang='lat' dir='ltr'><strong>[pag.</strong></span> <span class='ocrx_word' id='word_1_732' title='bbox 1583 4754 1637 4828; x_wconf 82' lang='lat' dir='ltr'><strong>ve]</strong></span> <span class='ocrx_word' id='word_1_733' title='bbox 1659 4750 1717 4815; x_wconf 91' lang='lat' dir='ltr'><strong>abs</strong></span> <span class='ocrx_word' id='word_1_734' title='bbox 1743 4759 1778 4815; x_wconf 87' lang='lat' dir='ltr'><strong>te</strong></span> <span class='ocrx_word' id='word_1_735' title='bbox 1804 4750 1993 4826; x_wconf 86' lang='lat' dir='ltr'><strong>confictum,</strong></span> <span class='ocrx_word' id='word_1_736' title='bbox 2020 4745 2150 4831; x_wconf 90' lang='lat' dir='ltr'><strong>quando</strong></span> 
     </span>
     <span class='ocr_line' id='line_1_52' title="bbox 155 4829 2150 4921; baseline -0.003 -17"><span class='ocrx_word' id='word_1_737' title='bbox 155 4835 309 4921; x_wconf 77' lang='lat' dir='ltr'><strong>separet?</strong></span> <span class='ocrx_word' id='word_1_738' title='bbox 344 4836 546 4903; x_wconf 89' lang='lat' dir='ltr'><strong>Percurrant</strong></span> <span class='ocrx_word' id='word_1_739' title='bbox 566 4843 695 4902; x_wconf 81' lang='lat' dir='ltr'><strong>tantuin</strong></span> <span class='ocrx_word' id='word_1_740' title='bbox 716 4837 854 4904; x_wconf 84' lang='lat' dir='ltr'><strong>lectores</strong></span> <span class='ocrx_word' id='word_1_741' title='bbox 876 4857 960 4920; x_wconf 88' lang='lat' dir='ltr'><strong>quae</strong></span> <span class='ocrx_word' id='word_1_742' title='bbox 981 4835 1128 4902; x_wconf 75' lang='lat' dir='ltr'><strong>subiicio&#39;:</strong></span> <span class='ocrx_word' id='word_1_743' title='bbox 1181 4836 1301 4920; x_wconf 87' lang='lat' dir='ltr'><strong>ubique</strong></span> <span class='ocrx_word' id='word_1_744' title='bbox 1323 4856 1343 4900; x_wconf 92' lang='lat' dir='ltr'><strong>a</strong></span> <span class='ocrx_word' id='word_1_745' title='bbox 1363 4856 1417 4900; x_wconf 91' lang='lat' dir='ltr'><strong>me</strong></span> <span class='ocrx_word' id='word_1_746' title='bbox 1438 4835 1578 4919; x_wconf 89' lang='lat' dir='ltr'><strong>optimus</strong></span> <span class='ocrx_word' id='word_1_747' title='bbox 1606 4835 1694 4900; x_wconf 89' lang='lat' dir='ltr'><strong>inter</strong></span> <span class='ocrx_word' id='word_1_748' title='bbox 1714 4832 1943 4902; x_wconf 81' lang='lat' dir='ltr'><strong>absconditum·</strong></span> <span class='ocrx_word' id='word_1_749' title='bbox 1962 4831 2027 4897; x_wconf 92' lang='lat' dir='ltr'><strong>Dei</strong></span> <span class='ocrx_word' id='word_1_750' title='bbox 2048 4829 2150 4898; x_wconf 89' lang='lat' dir='ltr'><strong>consi·</strong></span> 
     </span>
     <span class='ocr_line' id='line_1_53' title="bbox 158 4917 2150 5007; baseline -0.002 -19"><span class='ocrx_word' id='word_1_751' title='bbox 158 4926 223 4988; x_wconf 92' lang='lat' dir='ltr'><strong>imo</strong></span> <span class='ocrx_word' id='word_1_752' title='bbox 246 4930 350 4987; x_wconf 86' lang='lat' dir='ltr'><strong>totam</strong></span> <span class='ocrx_word' id='word_1_753' title='bbox 372 4917 475 4988; x_wconf 91' lang='lat' dir='ltr'><strong>libelli</strong></span> <span class='ocrx_word' id='word_1_754' title='bbox 497 4922 586 4988; x_wconf 91' lang='lat' dir='ltr'><strong>illius</strong></span> <span class='ocrx_word' id='word_1_755' title='bbox 607 4932 753 5007; x_wconf 87' lang='lat' dir='ltr'><strong>partem,</strong></span> <span class='ocrx_word' id='word_1_756' title='bbox 781 4925 839 4991; x_wconf 92' lang='lat' dir='ltr'><strong>ubi</strong></span> <span class='ocrx_word' id='word_1_757' title='bbox 860 4922 900 4988; x_wconf 90' lang='lat' dir='ltr'><strong>de</strong></span> <span class='ocrx_word' id='word_1_758' title='bbox 921 4922 1130 5006; x_wconf 89' lang='lat' dir='ltr'><strong>providentia</strong></span> <span class='ocrx_word' id='word_1_759' title='bbox 1181 4921 1272 4999; x_wconf 87' lang='lat' dir='ltr'><strong>lium,</strong></span> <span class='ocrx_word' id='word_1_760' title='bbox 1295 4931 1329 4985; x_wconf 93' lang='lat' dir='ltr'><strong>et</strong></span> <span class='ocrx_word' id='word_1_761' title='bbox 1350 4928 1522 4986; x_wconf 87' lang='lat' dir='ltr'><strong>externam</strong></span> <span class='ocrx_word' id='word_1_762' title='bbox 1543 4920 1710 4987; x_wconf 87' lang='lat' dir='ltr'><strong>doctrinae</strong></span> <span class='ocrx_word' id='word_1_763' title='bbox 1727 4941 1841 4986; x_wconf 91' lang='lat' dir='ltr'><strong>vocem</strong></span> <span class='ocrx_word' id='word_1_764' title='bbox 1861 4939 2038 4984; x_wconf 90' lang='lat' dir='ltr'><strong>consensus</strong></span> <span class='ocrx_word' id='word_1_765' title='bbox 2056 4938 2150 5001; x_wconf 88' lang='lat' dir='ltr'><strong>prae-</strong></span> 
     </span>
     <span class='ocr_line' id='line_1_54' title="bbox 1182 4998 2149 5089; baseline -0.004 -17"><span class='ocrx_word' id='word_1_766' title='bbox 1182 5006 1316 5074; x_wconf 91' lang='lat' dir='ltr'><strong>dicatur.</strong></span> <span class='ocrx_word' id='word_1_767' title='bbox 1355 5007 1422 5072; x_wconf 89' lang='lat' dir='ltr'><strong>Per</strong></span> <span class='ocrx_word' id='word_1_768' title='bbox 1443 5008 1683 5073; x_wconf 87' lang='lat' dir='ltr'><strong>concessionem</strong></span> <span class='ocrx_word' id='word_1_769' title='bbox 1705 5005 1913 5089; x_wconf 83' lang='lat' dir='ltr'><strong>Augustinus</strong></span> <span class='ocrx_word' id='word_1_770' title='bbox 1935 4998 2149 5069; x_wconf 84' lang='lat' dir='ltr'><strong>diversusro-</strong></span> 
     </span>
    </p>

    <p class='ocr_par' dir='ltr' id='par_1_8' title="bbox 1181 5090 2149 5176">
     <span class='ocr_line' id='line_1_55' title="bbox 1181 5090 2149 5176; baseline -0.004 -18"><span class='ocrx_word' id='word_1_771' title='bbox 1181 5094 1325 5158; x_wconf 89' lang='lat' dir='ltr'><strong>luntates</strong></span> <span class='ocrx_word' id='word_1_772' title='bbox 1345 5094 1508 5159; x_wconf 90' lang='lat' dir='ltr'><strong>nominat:</strong></span> <span class='ocrx_word' id='word_1_773' title='bbox 1530 5091 1589 5159; x_wconf 92' lang='lat' dir='ltr'><strong>sed</strong></span> <span class='ocrx_word' id='word_1_774' title='bbox 1609 5113 1691 5176; x_wconf 88' lang='lat' dir='ltr'><strong>quae</strong></span> <span class='ocrx_word' id='word_1_775' title='bbox 1712 5092 1759 5155; x_wconf 88' lang='lat' dir='ltr'><strong>ita</strong></span> <span class='ocrx_word' id='word_1_776' title='bbox 1779 5092 1866 5155; x_wconf 92' lang='lat' dir='ltr'><strong>inter</strong></span> <span class='ocrx_word' id='word_1_777' title='bbox 1888 5109 1923 5155; x_wconf 90' lang='lat' dir='ltr'><strong>se</strong></span> <span class='ocrx_word' id='word_1_778' title='bbox 1942 5090 2149 5170; x_wconf 88' lang='lat' dir='ltr'><strong>conveniant,</strong></span> 
     </span>
    </p>

    <p class='ocr_par' dir='ltr' id='par_1_9' title="bbox 225 5174 2150 5266">
     <span class='ocr_line' id='line_1_56' title="bbox 225 5174 2150 5266; baseline -0.003 -16"><span class='ocrx_word' id='word_1_779' title='bbox 225 5194 257 5263; x_wconf 81' lang='lat'><strong>1)</strong></span> <span class='ocrx_word' id='word_1_780' title='bbox 275 5196 360 5253; x_wconf 80' lang='lat' dir='ltr'><strong>Libro</strong></span> <span class='ocrx_word' id='word_1_781' title='bbox 380 5196 412 5251; x_wconf 90' lang='lat' dir='ltr'><strong>de</strong></span> <span class='ocrx_word' id='word_1_782' title='bbox 431 5206 543 5252; x_wconf 84' lang='lat' dir='ltr'><strong>aeterna</strong></span> <span class='ocrx_word' id='word_1_783' title='bbox 559 5196 610 5252; x_wconf 87' lang='lat' dir='ltr'><strong>Dei</strong></span> <span class='ocrx_word' id='word_1_784' title='bbox 632 5195 878 5266; x_wconf 80' lang='lat' dir='ltr'><strong>praedestinatione</strong></span> <span class='ocrx_word' id='word_1_785' title='bbox 903 5208 930 5252; x_wconf 82' lang='lat' dir='ltr'><strong>et</strong></span> <span class='ocrx_word' id='word_1_786' title='bbox 952 5196 1129 5264; x_wconf 82' lang='lat' dir='ltr'><strong>providentia.</strong></span> <span class='ocrx_word' id='word_1_787' title='bbox 1181 5188 1219 5244; x_wconf 72' lang='grc'><strong>111</strong></span> <span class='ocrx_word' id='word_1_788' title='bbox 1250 5178 1359 5262; x_wconf 59' lang='lat' dir='ltr'><strong>palam</strong></span> <span class='ocrx_word' id='word_1_789' title='bbox 1390 5179 1536 5245; x_wconf 69' lang='lat' dir='ltr'><strong>facturus</strong></span> <span class='ocrx_word' id='word_1_790' title='bbox 1569 5179 1612 5243; x_wconf 75' lang='grc'><strong>811</strong></span> <span class='ocrx_word' id='word_1_791' title='bbox 1643 5177 1778 5242; x_wconf 70' lang='lat' dir='ltr'><strong>ultimus</strong></span> <span class='ocrx_word' id='word_1_792' title='bbox 1810 5175 1879 5240; x_wconf 71' lang='lat' dir='ltr'><strong>diet</strong></span> <span class='ocrx_word' id='word_1_793' title='bbox 1908 5176 1944 5238; x_wconf 76' lang='lat' dir='ltr'><strong>in</strong></span> <span class='ocrx_word' id='word_1_794' title='bbox 1975 5174 2150 5261; x_wconf 62' lang='lat' dir='ltr'><strong>multiplici</strong></span> 
     </span>
    </p>
   </div>
   <div class='ocr_carea' id='block_1_7' title="bbox 1477 3243 1703 3325">
    <p class='ocr_par' dir='ltr' id='par_1_10' title="bbox 1477 3243 1703 3325">
     <span class='ocr_line' id='line_1_57' title="bbox 1477 3243 1703 3325; baseline -0.004 0"><span class='ocrx_word' id='word_1_795' title='bbox 1477 3243 1514 3275; x_wconf 76' lang='grc'>”</span> <span class='ocrx_word' id='word_1_796' title='bbox 1625 3260 1703 3325; x_wconf 84' lang='lat' dir='ltr'><strong>vn.</strong></span> 
     </span>
    </p>
   </div>
   <div class='ocr_carea' id='block_1_8' title="bbox 0 0 2378 5798">
    <p class='ocr_par' dir='ltr' id='par_1_11' title="bbox 0 0 2378 5798">
     <span class='ocr_line' id='line_1_58' title="bbox 0 0 2378 5798; baseline 0 0"><span class='ocrx_word' id='word_1_797' title='bbox 0 0 2378 5798; x_wconf 95' lang='lat' dir='ltr'><strong> </strong></span> 
     </span>
    </p>
   </div>
  </div>
 </body>
</html>
