4776 5844
275 248 338 312 208
1038 238 1220 306 ULTIMA
1242 235 1508 305 ADMONI'FIO
2214 239 2280 302 204

274 432 340 500 Hio
361 433 406 498 de
423 439 518 498 reatu
534 439 568 495 ot
587 450 695 514 poena
717 426 941 511 philosophari
964 425 1048 491 nihil
1070 425 1150 508 ipsis
1173 444 1248 508 pro·
1300 423 1404 490 bebat.
1456 424 1623 506 Quorsum
1651 427 1738 491 enim
1768 425 1821 490 vol
1848 424 1890 492 ad
1918 440 1998 509 quos
2025 424 2128 491 verba
2155 424 2280 492 direxit

274 519 370 585 derit.
415 517 503 599 Quia
524 526 635 581 autem
653 521 728 594 [pag.
750 517 822 592 182]
845 512 962 579 vident
983 532 1018 577 se
1039 511 1148 576 adhue
1170 532 1247 576 eon·
1299 509 1474 575 Christus?
1520 513 1575 577 An
1597 520 1633 577 ut
1649 511 1814 577 inutiliter
1831 511 2085 583 evanesoerent?
2130 513 2177 576 Et
2198 509 2280 593 quid

273 604 408 688 stringi,
437 603 569 679 bonam,
598 603 626 667 si
648 602 727 683 ipsis
753 601 916 675 ereditur,
944 597 1248 681 interpretationem
1299 597 1445 680 apertius
1467 605 1518 662 est
1539 617 1637 681 quam
1660 618 1745 680 pane
1767 607 1843 662 ante
1865 599 1975 664 oeulos
1997 596 2105 664 oblato
2127 596 2280 664 doenisse

273 691 471 774 exoogitant,
495 688 623 772 quoda
670 708 710 751 ns
735 707 799 750 non
822 686 1014 769 figurative,
1040 682 1098 748 sed
1120 682 1248 764 reipsa
1299 703 1433 748 earnem
1464 705 1559 749 suam
1589 689 1663 762 [pag.
1690 689 1764 763 185]
1799 684 2004 767 spiritualem
2038 704 2109 749 esso
2142 683 2278 749 eibum?

273 777 432 841 transitus
454 776 505 851 sit,
524 775 608 839 siout
648 772 772 837 hristus
794 778 931 837 vooatur
948 770 1073 853 paseha
1088 777 1246 845 nostrum,
1298 770 1389 834 Eant
1409 790 1500 835 nuno
1522 779 1555 834 et
1577 790 1636 834 suo
1658 790 1768 834 errore
1793 769 1840 835 ita
1867 791 1902 834 se
1928 769 2104 836 faseinatos
2125 789 2198 835 asse
2221 790 2290 835 ne·

273 882 342 927 non
359 875 518 943 tanquam
539 858 738 936 memoriale,
761 857 818 923 sed
837 858 984 940 quianos
1002 853 1150 920 redemit.
1185 857 1247 918 At-
1300 864 1387 939 gent,
1411 862 1448 918 ιιι
1470 855 1556 938 qnod
1579 856 1688 938 pueris
1716 856 1751 920 in
1781 856 1978 922 eateohismo
2000 855 2158 934 traditur,
2185 865 2280 922 vata·

273 949 329 1031 qui
350 947 506 1031 putabam
527 944 600 1009 ideo
622 943 793 1010 Ohristum
815 943 925 1008 voeari
947 941 1076 1025 paseha,
1099 939 1184 1023 quod
1202 940 1248 1003 le-
1300 942 1372 1005 rani
1395 940 1538 1025 theologi
1560 963 1628 1005 non
1649 949 1790 1006 teneant.

273 1034 347 1118 gale
365 1031 447 1097 illud
466 1032 666 1097 'saomfioium
687 1038 786 1114 typus
806 1033 875 1093 eius
897 1029 1012 1104 fuerit,
1042 1047 1080 1092 ao
1100 1027 1137 1090 in
1158 1047 1247 1108 mys·
1386 1026 1520 1091 Nonum
1542 1036 1773 1111 argumentum
1793 1037 1852 1107 est,
1875 1048 1976 1110 quum
1995 1027 2069 1109 plus
2079 1026 2281 1111 quadragies

273 1120 355 1184 terio
377 1118 629 1202 repraesentarit
654 1137 752 1198 quom
780 1116 955 1198 sperabant
980 1112 1246 1196 redemptionem.
1300 1133 1376 1178 area
1396 1112 1536 1178 foederis
1558 1121 1692 1178 voeetur
1714 1114 1777 1178 Dei
1806 1114 2006 1195 praesentia,
2036 1134 2101 1177 uon
2121 1134 2193 1179 osse
2216 1114 2280 1178 mi·

274 1203 370 1284 Quod
392 1205 419 1270 si
440 1204 488 1268 ita
510 1211 568 1279 est,
599 1202 719 1267 solidae
741 1202 843 1285 igitur
864 1215 898 1266 et
914 1207 1065 1265 aeternae
1083 1196 1248 1262 liberatio·
1301 1220 1374 1262 rum
1397 1200 1424 1264 si
1448 1198 1562 1264 eadem
1580 1199 1958 1281 rationepanisvoeotur
1980 1218 2106 1281 eorpus.
2143 1199 2280 1283 Negant

273 1291 326 1355 nis
347 1291 479 1374 signum
501 1299 534 1354 θι
553 1289 672 1372 pignus
693 1288 756 1353 fuit
783 1309 889 1371 agnus
914 1286 970 1350 ille
991 1287 1095 1350 veteri
1116 1283 1246 1366 populo,
1299 1283 1510 1351 anteoedans:
1533 1286 1624 1368 quasi
1648 1285 1798 1368 negando
1819 1306 1884 1350 non
1897 1285 2004 1367 palam
2016 1303 2158 1368 augeant
2179 1307 2279 1351 suum

272 1397 340 1440 non
361 1397 455 1442 seona
473 1395 511 1441 aa
533 1375 627 1440 nobis
650 1373 745 1438 hodie
767 1382 817 1438 est
838 1373 934 1455 panis
956 1391 1085 1436 ooenao.
1130 1368 1246 1434 ante·
1299 1370 1448 1436 dedeous.
1501 1369 1638 1451 Quoties
1665 1370 1786 1437 dieitur
1811 1373 1847 1435 in
1874 1370 1958 1454 lege:
1993 1370 2068 1435 Non
2093 1372 2211 1436 venies
2242 1373 2278 1436 in

272 1483 347 1526 rum
367 1463 396 1525 si
418 1470 605 1544 quaeratur,
628 1481 670 1524 an
692 1460 817 1523 nnllam
840 1457 1016 1523 admittant
1036 1455 1246 1539 significatio·
1299 1464 1507 1539 eonspeotum
1521 1458 1584 1521 Dei
1595 1477 1734 1535 vaouus;
1756 1457 1851 1520 item:
1873 1457 1937 1524 Ubi
1952 1459 2143 1539 apparueris
2165 1477 2279 1523 eoram

273 1568 351 1613 nem
379 1549 413 1611 in
435 1567 544 1624 soona,
566 1545 613 1609 ita
634 1544 845 1628 respondent:
869 1544 1004 1609 Maneat
1024 1564 1077 1607 res
1099 1542 1183 1624 ipsa,
1214 1548 1248 1604 θι
1299 1543 1380 1607 faeie
1391 1543 1455 1607 Dei
1478 1545 1541 1622 tui,
1561 1544 1655 1608 item:
1678 1541 1771 1608 Deus
1789 1545 1844 1625 qui
1866 1543 1995 1609 habitas
2017 1543 2052 1607 in
2074 1545 2278 1624 sanctuaria

272 1633 436 1699 ιθθθθειθι
464 1630 541 1696 inde
567 1632 667 1712 tropi,
702 1632 854 1709 umbrae,
883 1629 1101 1711 tenebraeque
1123 1647 1246 1703 omnes,
1299 1629 1393 1692 item:
1416 1629 1509 1694 Deus
1526 1628 1645 1694 sedens
1661 1630 1749 1694 inter
1759 1628 1948 1705 Cherubim,
1973 1629 2034 1693 Dei
2055 1631 2278 1710 praesentiam

273 1719 377 1786 veteri
405 1717 511 1782 solum
540 1724 736 1781 testamento
762 1725 989 1800 congruentes.
1033 1713 1247 1779 Meminerint
1300 1714 1407 1778 notari
1429 1735 1561 1780 neeesse
1583 1724 1633 1779 est
1650 1715 1839 1781 eoneedant
1884 1713 1922 1779 Si
1945 1714 1985 1778 de
2007 1715 2119 1780 verbis
2141 1723 2277 1783 eonten-

273 1804 410 1869 leatores
438 1802 478 1868 de
505 1803 740 1885 signifieatione
763 1802 817 1868 hio
840 1803 908 1885 agi:
943 1823 1015 1865 eam
1039 1820 1173 1882 prorsus
1195 1818 1247 1862 ro-
1299 1799 1397 1879 ditur,
1419 1800 1503 1865 nihil
1519 1802 1555 1865 in
1566 1821 1666 1866 coena
1676 1803 1859 1883 reperietur
1870 1801 1975 1884 magis
1986 1801 2239 1880 substantivum,
2254 1805 2276 1879 ¹)

272 1889 410 1974 pudiant
428 1887 573 1954 litorales
593 1889 648 1954 isti
670 1889 835 1971 magistri:
866 1896 899 1953 et
920 1907 1107 1970 quanquam
1129 1882 1248 1949 odiosis
1299 1908 1397 1968 quam
1430 1886 1506 1952 illie.
1563 1886 1601 1953 Si
1634 1886 1670 1952 in
1702 1887 1855 1952 omnibus
1887 1886 1970 1970 legis
1998 1887 2194 1951 testimoniis
2227 1897 2277 1951 est

272 1975 460 2040 nominibus
480 1983 636 2051 utuntur,
666 1973 754 2057 quod
780 1987 892 2039 tamen
915 1973 1061 2057 maxime
1080 1971 1246 2053 proprium
1299 1974 1415 2054 figura,
1437 1994 1496 2038 our
1516 1973 1552 2036 in
1575 1973 1644 2038 loeo
1665 1973 1763 2038 simili
1785 1993 1857 2038 eam
1879 1972 2052 2037 admittere
2070 1972 2275 2056 gravantur?

272 2070 323 2126 est
343 2061 541 2128 saoramenti
558 2060 593 2123 in
616 2059 757 2124 nihilum
777 2059 942 2143 redigunt.
976 2062 1051 2137 [pag.
1066 2062 1139 2137 183]
1157 2054 1246 2136 Quid
1299 2057 1373 2122 Non
1395 2059 1633 2141 propriissime,
1662 2060 1830 2141 inquiunt,
1860 2078 1937 2124 area
1965 2060 2012 2124 sie
2034 2066 2186 2135 voeatnr,
2218 2057 2277 2123 sed

271 2147 361 2212 anim
383 2156 433 2212 est
454 2153 695 2211 saoramentum
718 2146 789 2211 sine
810 2153 890 2228 typo
909 2145 963 2209 vel
982 2142 1109 2228 figura?
1141 2144 1247 2224 Aper·
1299 2165 1352 2209 res
1384 2144 1499 2209 melior
1526 2165 1610 2227 quae
1642 2167 1700 2227 per
1728 2145 1863 2210 verbum
1891 2143 1956 2209 Dei
1988 2152 2058 2210 erat
2090 2163 2186 2210 areae
2219 2142 2277 2208 ad·

271 2233 338 2297 tius
360 2231 478 2298 deiude
500 2251 535 2295 so
556 2231 667 2316 prodit
687 2251 803 2296 sorum
825 2230 1002 2296 insulsitas.
1047 2229 1159 2295 Salvis
1182 2229 1247 2306 (in·
1298 2231 1420 2295 innota.
1466 2235 1540 2308 [pag.
1559 2237 1627 2307 186]
1649 2233 1779 2314 Arguta
1800 2231 1934 2298 solutio:
1956 2229 2015 2295 sod
2036 2250 2099 2312 qua
2121 2229 2277 2313 laqueum

271 2319 400 2402 quiunt)
412 2319 510 2384 rebus
531 2318 621 2400 ipsis,
642 2316 704 2381 hoo
714 2326 774 2394 ost,
796 2316 960 2382 materiali
983 2323 1018 2380 et
1027 2315 1166 2391 formali,
1189 2336 1247 2378 ex·
1298 2316 1360 2380 sibi
1382 2315 1533 2381 induunt.
1577 2317 1664 2399 Ipsis
1685 2317 1774 2382 enim
1797 2317 1963 2382 autoribus
1979 2318 2046 2380 iam
2064 2315 2135 2381 dioo
2153 2317 2277 2398 impro-

294 2404 450 2486 ositisque
471 2402 705 2485 principalibus
726 2403 855 2479 finibus,
879 2401 986 2468 sobrie
1007 2401 1124 2466 saltam
1148 2420 1247 2482 quao-
1298 2403 1368 2484 prie
1390 2408 1509 2483 panem
1532 2404 1641 2467 voeari
1662 2423 1794 2486 eorpus,
1822 2404 1898 2486 qnia
1926 2412 2058 2467 notatur
2084 2423 2137 2467 res
2160 2402 2277 2467 molior

270 2424 347 2554 dam
358 2488 730 2573 signifioationeslooum
741 2487 892 2554 habeant
916 2486 1246 2569 Quidubiduplioem
1299 2489 1328 2551 ei
1351 2487 1507 2553 adiuncta
1528 2509 1585 2570 per
1608 2489 1670 2553 Dei
1692 2490 1839 2555 verbum.
2157 2497 2161 2502 '

272 2583 422 2640 stamunt
448 2593 569 2639 oosnae
595 2575 783 2652 materiam,
811 2583 944 2639 mortua
967 2572 1034 2639 illio
1056 2582 1090 2636 et
1110 2572 1247 2655 profana
1384 2574 1557 2639 Deeimnm
1586 2584 1817 2657 argumentum
1843 2582 2009 2657 sumptum
2037 2581 2087 2638 est
2116 2593 2158 2637 ex
2186 2593 2276 2639 oom-

270 2660 433 2725 alementa
455 2680 526 2725 esse
548 2660 679 2724 volunt:
704 2682 741 2725 ao
763 2661 790 2725 si
802 2660 957 2725 Christus
978 2659 1108 2723 arsulae
1130 2676 1247 2738 eorpus
1298 2661 1467 2742 paratione
1493 2681 1573 2724 man
1600 2681 1675 2726 oum
1707 2680 1816 2727 ooena.
1871 2659 2086 2743 Respondent
2117 2680 2172 2724 res
2204 2679 2276 2725 esse

271 2766 369 2810 suum
390 2743 592 2811 inoluderet?
637 2747 692 2810 An
713 2747 840 2829 magica
858 2745 1081 2811 ineantatione
1102 2742 1246 2826 eopulari
1298 2743 1487 2810 dissimiles:
1510 2747 1585 2828 quia
1607 2768 1683 2810 man
1706 2768 1773 2811 non
1793 2748 1855 2812 fuit
1875 2752 2127 2812 sacramentum.
2173 2744 2277 2811 Fallit

270 2839 392 2915 putant
412 2853 487 2897 oum
508 2852 594 2915 pane
616 2831 741 2897 Christi
762 2853 896 2915 eorpus,
924 2846 961 2896 ut
988 2831 1078 2897 omni
1100 2829 1248 2896 doetrina
1298 2853 1375 2914 ergo
1398 2832 1521 2896 Paulus
1547 2841 1658 2914 patros
1686 2831 1777 2898 nobis
1805 2833 1868 2898 hao
1895 2833 1931 2896 in
1960 2840 2054 2914 parte
2081 2830 2207 2896 similes
2228 2832 2275 2896 sa·

270 2918 445 3002 priventur
471 2916 607 2982 fideles?
657 2916 742 2998 Quis
775 2918 841 2982 iam
877 2919 940 2982 erit
969 2938 1049 2982 usus
1077 2915 1183 2993 verbi,
1217 2914 1246 2979 si
1298 2918 1395 2994 oiens,
1414 2917 1500 3000 quod
1522 2917 1630 2982 eibum
1652 2918 1854 3000 spiritualem
1866 2917 2147 2983 manduoarorint
2181 2915 2273 2997 Quo-

270 3002 364 3069 nulla
380 3003 444 3066 erit
465 3002 678 3086 significatio?
713 3004 786 3069 Nisi
808 3004 895 3069 onim
917 3002 1079 3068 elemento
1101 2999 1245 3081 insoulp·
1297 3002 1393 3068 modo
1414 3005 1502 3068 enim
1520 3003 1699 3087 spiritualis
1720 3005 1835 3070 fuisset
1850 3004 1942 3070 eibus
1960 3003 2082 3085 absque
2092 3003 2273 3087 mysterio?

269 3096 341 3153 tum
365 3089 428 3153 erit
454 3088 593 3154 verbum
619 3088 764 3165 visibile,
800 3090 939 3154 faoessat
964 3090 1063 3154 inane
1090 3096 1123 3152 et
1151 3086 1245 3151 nihili
1297 3090 1369 3153 Imo
1391 3090 1550 3172 quomodo
1572 3090 1765 3173 spiritualis,
1792 3091 1856 3156 nisi
1873 3099 2038 3173 qnatenus
2055 3089 2091 3161 in
2114 3091 2273 3172 mysterio

269 3174 499 3259 speetaoidum
544 3175 703 3240 Veterine
721 3182 915 3240 testamento
936 3175 1041 3239 solum
1060 3179 1246 3256 eongruaut
1297 3173 1468 3240 Christum
1490 3175 1774 3259 repraesentabat?
1829 3174 1966 3241 Addunt
1993 3183 2119 3258 postea,
2152 3195 2277 3240 manna

269 3261 395 3345 figurae
417 3270 451 3324 θι
471 3261 558 3345 typi,
588 3282 647 3345 pro
676 3283 711 3327 se
732 3260 928 3345 respondeat
948 3261 1082 3344 spiritus
1103 3270 1244 3337 sanetus,
1296 3261 1397 3326 fnisse
1419 3261 1526 3327 eibum
1549 3262 1710 3343 paeeendo
1739 3263 1859 3328 ventri:
1887 3261 1973 3343 quod
2001 3283 2078 3326 vero
2102 3261 2275 3343 spirituale

271 3347 328 3429 qni
349 3344 457 3411 bisin
478 3346 586 3428 speeie
607 3347 775 3412 oolnmbae
802 3355 836 3412 et
863 3348 959 3412 tertio
986 3347 1022 3411 in
1050 3346 1173 3428 linguis
1194 3344 1244 3428 ig·
1296 3344 1450 3430 quiddam
1473 3358 1587 3430 postea
1608 3359 1744 3426 notaret,
1767 3369 1832 3413 non
1854 3348 1955 3414 brisso
1966 3346 2154 3430 principale.
2187 3348 2276 3413 Mihi

270 3433 342 3497 nois
365 3433 524 3515 apparuit
575 3432 649 3498 Nisi
674 3434 757 3497 forte
779 3443 933 3498 externas
960 3432 1084 3515 speeies
1110 3431 1244 3514 postha·
1297 3453 1375 3498 vero
1398 3433 1478 3498 satis
1500 3441 1551 3498 est
1570 3444 1730 3516 quatenus
1758 3455 1881 3499 manna
1902 3453 2030 3500 sacrum
2053 3443 2125 3497 emt
2147 3431 2275 3499 Christi

270 3517 338 3582 bito
371 3517 507 3583 dooendi
540 3526 707 3601 rospeotu,
741 3520 834 3601 quasi
867 3539 1044 3601 puerorum
1076 3524 1148 3596 [pag.
1172 3520 1243 3595 184]
1296 3518 1495 3603 symbolum,
1537 3519 1741 3602 spiritualem
1774 3520 1874 3586 fuisse
1906 3519 2013 3586 eibum
2046 3518 2206 3603 patribus,
2241 3527 2274 3584 θι

271 3603 467 3686 orepundias
481 3602 504 3686 ¹)
527 3603 692 3683 adhibuit,
721 3614 779 3668 aut
800 3603 890 3668 aliud
911 3605 1009 3668 etiem
1032 3605 1137 3687 magis
1159 3602 1243 3666 ludi·
1296 3604 1436 3669 eundem
1459 3626 1535 3670 oum
1556 3626 1595 3669 eo
1616 3607 1672 3688 qni
1694 3605 1791 3670 hodie
1810 3605 1904 3671 nobis
1925 3605 2097 3671 aOhristo
2118 3612 2274 3689 proponi·

270 3709 363 3753 orum
385 3698 418 3752 et
444 3689 632 3773 insipidum
683 3687 810 3755 Omitto
835 3689 923 3772 qnod
949 3711 1015 3754 non
1042 3690 1114 3755 sine
1142 3687 1245 3754 atroei
1297 3700 1359 3755 tur.
1404 3691 1489 3754 Nam
1517 3689 1594 3755 inde
1621 3693 1774 3756 eontinuo
1801 3688 2274 3774 inferam‚'perverso1fanere

270 3773 335 3839 Dei
356 3775 553 3840 oontumelia
570 3775 723 3841 tenebras
743 3775 910 3859 appellant
926 3774 1057 3858 piatatis
1078 3775 1244 3852 exoroitia,
1296 3777 1351 3860 qui
1373 3777 1474 3840 elium
1497 3775 1593 3840 hodio
1614 3778 1818 3860 spiritualem
1840 3777 1948 3843 eibum
1971 3779 2005 3843 in
2027 3782 2100 3857 [pag.
2123 3782 2197 3857 lar]
2221 3800 2273 3844 sa·

271 3858 388 3942 quibus
414 3861 483 3942 pios
510 3861 572 3926 sub
600 3861 673 3945 lege
698 3863 791 3926 Deus
824 3860 866 3926 ad
893 3861 995 3927 solem
1022 3861 1168 3926 iustitiae
1194 3860 1244 3924 di·
1296 3884 1352 3927 ora
1379 3862 1504 3927 Ohristi
1537 3882 1652 3929 mensa
1678 3865 1916 3948 imaginantur,
1949 3863 2099 3947 quamvis
2132 3863 2198 3928 alia
2231 3865 2274 3929 sit

271 3945 367 4009 rexit
412 3944 450 4011 Si
472 3947 506 4009 in
528 3946 672 4012 tenebris
695 3947 844 4012 dicerent
861 3947 935 4012 illos
957 3948 1066 4026 fuisse,
1089 3968 1185 4029 asper
1206 3968 1244 4011 ao
1296 3948 1414 4013 edendi
1436 3950 1528 4026 ratio,
1556 3960 1653 4031 prout
1674 3951 1798 4015 soilioet
1818 3948 1958 4015 eonditio
1979 3959 2112 4032 patrum
2135 3949 2274 4015 inferior

272 4028 375 4094 durus
400 4039 489 4096 esset
516 4052 636 4097 sermo:
665 4033 817 4099 lnoernas
844 4053 923 4099 vero
951 4054 1034 4116 qnae
1062 4033 1150 4097 viam
1178 4032 1244 4097 illis
1296 4036 1358 4099 fuit
1378 4042 1501 4099 nostra.
1552 4034 1619 4099 Sed
1646 4036 1682 4100 iu
1708 4038 1872 4102 sententia
1898 4055 1979 4118 quae
2000 4055 2077 4099 mox
2098 4033 2275 4102 subiioitur

272 4123 514 4195 monstrarunt,
541 4117 602 4184 hae
631 4119 768 4184 infamia
794 4126 907 4183 notare
932 4128 970 4184 ut
992 4117 1145 4184 tenebrae
1161 4140 1244 4184 oen·
1296 4140 1364 4185 non
1385 4120 1518 4204 vulgari
1537 4123 1718 4186 attentione
1733 4142 1820 4205 ,opus
1842 4132 1904 4187 est:
1928 4141 1994 4186 non
2012 4119 2118 4184 ffioam
2136 4120 2274 4203 'Pur-eas,

271 4208 420 4279 seantur,
448 4223 583 4285 prorsus
606 4203 821 4270 intolerabilis
848 4204 1051 4288 blasphemia
1073 4212 1131 4269 est
1177 4203 1243 4269 Sed
1297 4206 1505 4282 Sarracenos,
1528 4208 1650 4273 Baeohi
1674 4207 1813 4292 denique
1834 4216 1868 4272 θι
1884 4206 2015 4273 (leteris
2037 4207 2180 4271 onltores
2202 4229 2275 4272 ma·

271 4308 432 4372 quaenam
454 4287 785 4373 Magdeburgensinm
806 4292 939 4356 arbitrio
962 4291 1157 4375 significatio
1174 4311 1244 4354 ma·
1297 4293 1347 4376 gis
1371 4292 1547 4358 honorifioe
1569 4293 1608 4357 do
1629 4297 1730 4360 saeris
1754 4295 1821 4359 suis
1847 4292 1946 4375 loqui,
1973 4291 2031 4358 sed
2059 4292 2116 4356 vix
2145 4293 2275 4359 homini

270 4372 534 4438 nebitresidua‘l
557 4384 595 4438 nt
615 4395 717 4440 onena
735 4376 817 4441 haee
832 4376 965 4441 denotet
985 4377 1242 4443 eoniunotionem
1296 4378 1485 4461 phrenetico
1514 4378 1579 4444 tale
1606 4390 1640 4444 et
1667 4391 1735 4444 tam
1761 4380 1938 4462 profanum
1965 4378 2117 4443 delirium
2140 4379 2274 4445 exeide·

271 4458 441 4537 eoelesiae,
474 4468 508 4524 θι
534 4459 619 4542 quod
644 4463 733 4527 ornei
756 4482 794 4528 ao
821 4462 989 4527 aerumnis
1017 4464 1060 4528 sit
1086 4462 1243 4545 exposita.
1295 4467 1393 4544 ret,²)
1416 4465 1513 4547 quale
1534 4465 1950 4549 Magdeburgeusesiustar
1966 4463 2089 4530 oraouli
2108 4475 2273 4532 eruotant

271 4545 362 4630 Ergo
383 4544 471 4628 quod
492 4547 584 4629 prius
606 4544 762 4611 dixerunt
783 4549 823 4612 do
845 4569 944 4615 eausa
960 4548 1051 4615 finali
1068 4549 1135 4613 iam
1152 4548 1242 4613 obliti
1297 4550 1371 4614 Non
1393 4569 1561 4634 negamus,
1583 4552 1746 4634 inquiunt,
1769 4549 1997 4615 eucharistiam
2020 4560 2054 4614 et
2075 4549 2141 4614 alia
2162 4574 2275 4618 saera·

272 4641 358 4697 sunt
403 4631 488 4695 Nam
511 4633 540 4696 si
560 4632 686 4699 Ohristi
707 4633 878 4699 eonsilium
902 4635 978 4713 fuit,
1007 4655 1125 4718 oorpus
1146 4655 1245 4699 sunm
1295 4646 1408 4701 menta
1437 4637 1577 4719 quadam
1612 4636 1739 4701 ratione
1767 4635 1951 4719 spiritualia
1983 4658 2063 4701 esse.
2122 4636 2273 4704 Huooine

273 4717 334 4783 sub
356 4738 439 4800 pane
462 4716 624 4783 edendum
641 4719 807 4802 porrigere
828 4720 862 4784 in
885 4722 1108 4786 remissionem
1131 4741 1243 4803 penea-
1296 4733 1433 4785 ventum
1454 4732 1563 4787 estut
1584 4722 1741 4808 mysteria
1763 4721 1880 4787 salutis
1902 4733 2040 4801 nostrae,
2063 4743 2146 4804 quae
2170 4746 2231 4789 nos
2254 4746 2274 4790 a

273 4808 395 4882 torum,
423 4802 505 4868 haeo
526 4812 613 4869 oerte
635 4804 784 4869 dootrina
812 4806 847 4869 in
870 4808 1029 4872 rationem
1050 4807 1165 4872 venire
1188 4805 1242 4870 de·
1296 4808 1392 4873 terris
1414 4829 1513 4891 supra
1535 4809 1640 4875 ooelos
1662 4809 1823 4886 evehunt,
1852 4809 2034 4891 spiritualia
2056 4829 2185 4887 vocare,
2210 4811 2275 4876 nisi

275 4977 475 4984 ——0—

1364 5029 1393 5096 1)
1414 5031 1486 5084 aad.
1516 5048 1551 5085 on
1581 5032 1625 5098 qui
1648 5031 1799 5087 demonstro
1826 5033 1915 5087 mieux
1939 5048 1969 5087 oe
1993 5048 2044 5099 que
2067 5033 2095 5086 la
2119 5034 2204 5090 chose
2230 5042 2273 5090 est

343 5093 370 5157 l)
390 5093 462 5149 Ado.
480 5096 610 5165 auxquels
628 5098 668 5153 les
681 5096 775 5152 fideles
786 5094 894 5166 u’ayent
912 5111 992 5150 recen
1009 5097 1082 5151 nulle
1100 5099 1186 5153 droite
1205 5098 1242 5151 in-
1294 5107 1475 5168 proprement.

273 5163 409 5216 raucam.
1273 5214 1275 5227 ,
1363 5167 1391 5232 2)
1410 5171 1456 5237 qui
1474 5175 1549 5223 osast
1566 5168 1745 5238 desbagouler
1762 5186 1813 5225 une
1831 5170 1896 5225 telle
1915 5171 2040 5224 resverie.
2140 5212 2143 5216 .
