4776 5844
157 115 220 179 163
922 113 1106 183 UUI'IMA
1126 111 1393 180 ADMONI'PIC
2098 112 2159 176 164

155 306 347 392 gurgitatio.
401 303 491 386 Quid
519 305 572 370 Au
620 302 750 368 atinus?
784 323 901 386 corpus
928 314 1134 369 sacramento
1185 301 1359 367 autoritate
1378 300 1483 365 fretus
1503 299 1651 379 balbutit,
1674 299 1752 364 dum
1781 306 1917 365 voratur
1937 298 2062 365 Christi
2084 319 2161 365 caro

153 401 253 457 tenus
285 390 410 456 comedi
442 389 536 456 docet
587 410 642 454 um
675 409 712 454 re
744 388 816 471 ipsa
848 408 914 453 non
943 388 1132 455 comeditur.
1185 387 1340 469 inpane,
1368 386 1573 470 spiritualem
1598 405 1671 451 esse
1692 385 1810 450 edendi
1833 384 1980 463 modum,
2009 386 2088 468 quia
2109 395 2161 450 est

156 477 297 543 Duobus
325 477 412 541 enim
442 474 521 540 locis
557 474 639 540 haee
681 474 855 540 antithesis
893 474 1014 558 legitur
1047 472 1135 557 apud
1184 471 1367 538 invisibilis.
1398 472 1568 556 Nimisque
1585 472 1718 537 infirma
1737 473 1885 554 exceptio
1896 480 1955 550 est,
1978 470 2161 538 secundum

153 583 230 628 eum
252 583 416 644 expressa.
449 559 547 628 Unde
570 568 658 626 certo
680 560 845 645 colligitur
862 559 1132 625 sacramentalem
1185 557 1366 642 Augustini
1394 557 1630 635 definitionem,
1658 556 1835 623 carnaliter
1862 579 1916 622 eos
1944 556 2078 623 demum
2106 577 2161 622 sa·

153 669 252 714 usum
274 646 470 712 tantundem
496 646 610 711 valere
638 654 735 730 atque
756 644 919 711 visibilem
946 645 1001 710 vel
1024 652 1132 710 exter-
1185 663 1272 727 pere,
1294 644 1350 725 qui
1371 651 1528 727 tanquam
1557 644 1591 708 in
1619 643 1754 708 macello
1780 642 1968 708 laniandum
1997 664 2068 708 esse
2097 664 2160 726 pu·

150 754 244 814 num,
267 732 323 798 ubi
345 733 479 798 veritati
500 730 626 798 aditum
646 731 768 797 claudit
788 732 959 797 hominum
982 730 1133 797 incredu-
1185 737 1259 794 tant
1280 727 1406 794 Christi
1427 749 1553 811 corpus.
1603 729 1677 795 Etsi
1706 729 1795 793 enim
1822 730 1941 794 crassis
1968 728 2161 794 hominibus

150 818 236 885 litas.
270 817 386 902 Itaque
408 816 611 883 calumniose
632 817 802 882 insimulat
818 814 1034 900 Westphalus
1056 837 1132 881 uos·
1184 815 1277 879 venit
1299 813 1360 880 hoc
1382 816 1416 878 in
1438 822 1592 893 mentem,
1615 814 1786 880 Christum
1808 815 1892 880 velle
1914 837 1955 880 ex
1978 835 2077 880 came
2099 835 2162 879 sua

152 912 239 970 tram
268 902 308 967 de
335 904 497 987 spirituali
524 902 776 969 manducatione
808 902 1006 980 doctrinam,
1039 903 1131 986 quasi
1183 900 1382 983 oclopicam
1404 920 1539 965 coenam
1555 921 1685 982 parare,
1708 901 1851 965 tenenda
1869 900 1966 966 simul
1977 907 2091 965 tamen
2110 910 2163 966 est

152 989 260 1056 fallaci
295 997 470 1074 praetextu
510 1008 625 1054 veram
664 989 988 1055 communicationem
1027 986 1131 1065 tollat,
1217 994 1288 1051 tera
1305 983 1460 1064 definitio,
1479 986 1696 1068 spiritualiter
1712 985 1847 1065 comedi,
1870 987 2019 1069 quamvis
2030 986 2066 1050 in
2078 1006 2161 1049 ven·

152 1077 291 1159 quaein
309 1096 411 1140 coena
432 1075 622 1158 percipitur.
655 1074 742 1139 Nam
760 1075 788 1139 si
810 1074 851 1139 ab
868 1094 927 1139 esu
946 1093 1130 1140 sacramen-
1183 1077 1266 1136 trem
1290 1092 1355 1135 non
1377 1073 1629 1149 transmittatur,
1651 1072 1728 1156 quia
1744 1091 1864 1137 arcana
1879 1072 2015 1155 spiritus
2032 1072 2162 1136 virtute

152 1161 212 1226 tali
241 1159 444 1243 separandus
474 1167 525 1225 est
553 1159 747 1242 spiritualis,
778 1157 942 1244 quidhoc
969 1158 1030 1224 sibi
1058 1159 1131 1225 vult
1182 1177 1246 1222 uos
1265 1157 1419 1223 vivificat.
1451 1156 1521 1223 Nec
1542 1177 1621 1222 vero
1642 1156 1719 1222 fidei
1740 1158 1872 1222 nomine
1893 1156 2162 1223 elabiturwsst»

151 1246 332 1330 Augustini
358 1244 496 1312 dictum:
511 1246 535 1329 ¹)
563 1243 639 1310 Non
667 1244 728 1311 hoo
752 1265 870 1330 corpus
897 1243 983 1329 quod
1010 1244 1131 1310 videtis
1181 1242 1316 1391 Ehalus,
1345 1244 1421 1325 quia
1450 1264 1517 1309 uon
1544 1242 1639 1308 modo
1665 1244 1812 1328 prwoise
1833 1242 1932 1308 fidem
1955 1242 2064 1308 verbis
2088 1243 2161 1308 suis

150 1330 380 1398 manducaturi
409 1336 483 1412 [pag.
503 1336 557 1410 66]
579 1331 673 1409 estis,
702 1338 737 1397 et
762 1330 894 1396 bibituri
922 1331 1128 1414 sanguinem,
1205 1328 1295 1394 aberi
1318 1327 1614 1414 Christusexigit,
1654 1328 1711 1394 sed
1740 1350 1799 1394 nos
1825 1328 1866 1393 ad
1893 1350 2005 1393 eorum
2030 1329 2104 1393 vim
2125 1336 2161 1394 st

152 1438 250 1501 quem
269 1417 411 1482 fundent
432 1417 488 1499 qui
509 1437 564 1481 me
581 1417 787 1501 crucifigent:
811 1425 1052 1483 sacramentum
1070 1415 1129 1480 ali·
1181 1422 1333 1479 naturam
1354 1435 1511 1480 rovocans
1540 1414 1725 1498 spiritualia
1748 1419 1822 1495 [pag.
1841 1420 1896 1494 69]
1918 1434 1989 1487 esse
2009 1435 2161 1498 pronun-

152 1502 239 1585 quod
260 1500 486 1569 commendavi
497 1500 599 1579 vohis,
623 1502 839 1585 spiritualiter
857 1502 1063 1567 intellectum
1080 1502 1129 1566 vi-
1181 1499 1254 1564 ciat
1299 1499 1393 1581 Quae
1409 1498 1479 1564 tluo
1499 1520 1565 1565 non
1587 1500 1698 1566 minus
1724 1500 1932 1566 dissentanea
1956 1521 2028 1566 esso
2055 1521 2158 1584 appa-

151 1587 301 1654 vificabit
321 1608 389 1654 vos.
440 1587 511 1652 Iam
540 1587 631 1652 siin
660 1606 761 1654 coena
788 1597 918 1672 praeter
943 1589 1042 1652 inane
1070 1609 1129 1652 va·
1182 1596 1241 1664 ret,
1265 1607 1363 1670 quam
1385 1586 1482 1670 longe
1500 1584 1601 1650 distat
1622 1587 1746 1654 coelum
1773 1594 1911 1651 aterra.
1955 1585 2046 1650 Vere
2066 1587 2159 1654 enim

151 1693 316 1755 auumque
344 1672 476 1757 signum
506 1672 589 1737 nihil
618 1673 762 1757 relinqui
796 1681 940 1748 constat,
974 1671 1031 1738 uhi
1062 1694 1130 1738 non
1182 1681 1215 1734 et
1236 1672 1367 1754 proprie
1397 1670 1521 1737 comedi
1543 1670 1669 1737 Christi
1695 1692 1813 1755 corpus
1834 1671 2050 1754 Westphalus
2079 1693 2159 1737 con·

149 1758 367 1841 spiritualiter
387 1758 497 1823 aditur
518 1777 656 1841 corpus,
677 1767 711 1823 et
732 1780 773 1824 ex
795 1759 906 1825 verbis
923 1757 1047 1825 Christi
1065 1759 1130 1824 col·
1181 1756 1296 1837 tendit,
1308 1760 1334 1839 ¹)
1356 1757 1433 1841 quia
1454 1757 1573 1842 planas
1600 1767 1634 1823 et
1661 1757 1781 1823 literali
1808 1757 1990 1824 sententiae
2016 1756 2157 1823 creden·

147 1842 281 1928 ligimus
302 1843 508 1926 spiritualem
537 1865 609 1909 esse
636 1866 744 1921 esum,
772 1844 828 1910 uhi
858 1844 939 1910 fides
967 1844 1127 1928 mysticae
1181 1841 1258 1907 dum
1288 1854 1351 1921 est,
1383 1863 1466 1925 quae
1494 1844 1635 1928 figuram
1661 1843 1787 1909 nullam
1812 1842 1968 1909 admittit:
2002 1843 2077 1908 Hoc
2104 1851 2158 1908 est

149 1936 183 1995 et
204 1929 369 2013 spirituali
398 1928 565 1995 doctrinae
587 1929 776 2013 respondet,
805 1951 874 1995 non
895 1938 945 1996 est
967 1929 1053 2012 quod
1075 1950 1128 1996 res
1181 1948 1297 2011 corpus
1318 1949 1443 1994 meum:
1466 1935 1562 2012 atque
1583 1930 1630 1994 ita
1651 1929 1804 2013 spiritum
1824 1930 1861 1993 in
1882 1928 1952 1995 sola
1972 1928 2037 1994 fide
2058 1929 2156 2006 locat,

148 2013 338 2080 individuas
360 2013 519 2080 divellere
540 2023 648 2081 tentet
668 2014 893 2098 Westphalus.
942 2014 1051 2094 Idem,
1079 2017 1127 2081 fa·
1180 2034 1277 2096 quem
1300 2013 1454 2080 Christus
1476 2014 1598 2080 diserte
1620 2016 1652 2080 in
1675 2016 1786 2081 verbis
1807 2015 1876 2080 suis
1897 2015 2020 2080 statuit
2053 2015 2156 2080 Eius·

148 2107 228 2179 teor,
251 2100 378 2166 Christi
400 2120 518 2184 corpus
540 2099 628 2184 quod
649 2101 685 2164 in
707 2101 903 2168 sacrificium
921 2101 1076 2167 Christus
1092 2100 1129 2166 in
1180 2099 1255 2164 dem
1276 2107 1327 2165 est
1347 2100 1506 2177 licentiae,
1527 2099 1612 2184 quod
1653 2109 1743 2166 ostea
1752 2100 1914 2184 duplicem
1932 2101 2070 2167 fabricat
2088 2101 2156 2184 spi·

148 2205 244 2252 cruce
266 2184 394 2262 obtulit,
416 2184 609 2253 manducari
631 2193 757 2252 certum
778 2187 934 2271 estquis
955 2188 1126 2270 nequebi-
1180 2184 1333 2249 ritualem
1357 2206 1458 2265 esaim,
1481 2208 1600 2270 nempe
1613 2123 1754 2252 alborum
1777 2186 1989 2265 substantiae,
2012 2186 2158 2251 alterum

148 2291 318 2355 carperem
346 2271 392 2335 tin
418 2271 504 2337 ‘mus
526 2270 715 2351 Christum,
744 2293 850 2354 neque
877 2272 1008 2338 aliunde
1029 2294 1127 2356 quam
1179 2271 1315 2349 fructus,
1339 2272 1433 2355 quasi
1454 2271 1509 2338 hio
1530 2272 1814 2355 secundusposset
1831 2292 1851 2336 a
1871 2273 1980 2355 priore
1998 2273 2155 2355 separari.

147 2378 189 2421 ex
211 2356 349 2423 victima
369 2356 428 2420 ila
449 2356 640 2422 alimentum
660 2356 702 2422 ad
724 2358 926 2442 spiritualem
948 2360 1053 2424 vitam
1070 2380 1128 2442 pe-
1179 2356 1287 2422 Iactat
1307 2358 1360 2422 Au
1408 2359 1548 2435 stinum,
1578 2356 1634 2423 ubi
1657 2357 1697 2423 de
1719 2358 1880 2440 spirituali
1902 2357 2156 2423 manducatione

147 2441 286 2507 tendum
308 2449 368 2507 est.
419 2439 592 2522 Quomodo
619 2441 706 2509 idem
735 2464 805 2510 esse
832 2463 950 2527 corpus
971 2445 1127 2529 Augusti·
1179 2442 1318 2520 disserit,
1382 2444 1430 2508 ias
1451 2451 1626 2527 utramque
1647 2463 1717 2509 com
1740 2443 1817 2509 lecti
1839 2443 2050 2522 coniunctim,
2074 2443 2157 2510 alias

147 2547 212 2593 nus
233 2534 344 2612 negat,
364 2526 429 2592 nisi
451 2528 528 2610 quia
547 2528 582 2592 in
604 2529 778 2595 coelestem
799 2530 937 2631 gloriam
958 2538 1127 2614 receptum
1179 2549 1324 2593 seorsum
1347 2528 1540 2596 alterutram
1558 2537 1680 2595 notare.
1715 2465 1741 2595 ἕ

1742 2529 1940 2613 piritualiter
1951 2528 2031 2595 dicit
2049 2527 2157 2613 quoad

148 2632 270 2678 arcana
298 2612 436 2696 spiritus
464 2613 588 2678 virtute
616 2616 719 2680 vitam
742 2615 836 2682 nobrs
856 2615 1020 2699 inspirat?
1065 2617 1125 2682 Di·
1178 2613 1323 2680 fructum
1346 2635 1407 2680 nos
1428 2614 1598 2681 comedero
1620 2615 1745 2682 Christi
1767 2636 1900 2698 corpus,
1930 2614 2010 2680 dum
2038 2616 2156 2680 remis·

147 2718 265 2764 versus
286 2718 366 2783 ergo
387 2697 505 2763 edendi
527 2698 643 2765 modus
660 2706 810 2766 notatur:
844 2702 922 2785 quia
942 2701 1020 2767 licet
1040 2702 1127 2768 inte-
1166 2700 1304 2764 sionem
1325 2709 1532 2783 peccatorum
1560 2708 1665 2767 morte
1686 2702 1756 2767 eius
1776 2709 1906 2786 partam
1928 2700 1993 2766 fide
2013 2702 2156 2785 percipi·

148 2804 247 2869 grum
257 2790 393 2850 maneat
410 2784 445 2848 in
463 2784 552 2850 coelo
564 2783 691 2851 Christi
708 2806 836 2870 corpus,
854 2787 998 2853 mirabili
1014 2794 1126 2854 tamen
1177 2806 1252 2850 mus
1274 2786 1308 2849 iu
1331 2785 1481 2852 salutem.
1531 2787 1646 2870 Neque
1672 2794 1785 2852 tamen
1812 2786 1874 2853 hoc
1901 2784 2019 2852 edendi
2048 2808 2157 2872 genus

148 2877 183 2934 et
204 2869 336 2936 coelesti
358 2870 481 2935 virtute
502 2890 564 2937 nos
591 2871 746 2939 vivificat
797 2870 951 2956 Denique
972 2893 1040 2938 uon
1062 2874 1128 2939 alia
1178 2871 1309 2937 obstare
1339 2892 1403 2955 quo
1434 2873 1546 2938 minus
1578 2872 1793 2957 spiritualiter
1818 2872 2015 2939 invisibilem
2045 2873 2157 2938 carnis

149 2954 189 3021 de
218 2975 317 3022 causa
337 2963 438 3041 negat
458 2961 532 3035 [pag.
552 2961 606 3036 67]
628 2958 836 3042 Augustinus
863 2957 934 3031 dari
961 2959 996 3024 in
1025 2979 1127 3026 coena
1178 2957 1394 3023 substantiam
1416 2979 1569 3025 voremus
1590 2958 1627 3024 in
1649 2979 1757 3025 coena
1807 2957 1905 3025 Unde
1932 2957 2058 3043 colligit
2080 2963 2157 3037 [pag.

148 3061 266 3125 corpus
284 3040 383 3120 illud,
413 3040 496 3125 quod
526 3040 682 3109 videbant
703 3041 869 3126 discipuli,
897 3045 962 3109 nisi
984 3052 1024 3110 ιιι
1045 3046 1126 3111 scia·
1179 3048 1234 3123 ⁷0]
1254 3043 1428 3126 sophistice
1450 3062 1511 3110 nos
1533 3065 1639 3129 agere,
1662 3044 1741 3109 dum
1758 3051 1932 3130 praetextu
1949 3044 2076 3110 tructus
2092 3043 2157 3109 tol·

147 3147 223 3193 mus
244 3128 381 3193 minime
398 3127 564 3194 carnalem
576 3130 958 3196 esse-communicationis
974 3130 1125 3196 modum:
1176 3127 1276 3194 limus
1297 3126 1525 3195 substantiam.
1558 3128 1661 3211 Quasi
1682 3149 1761 3196 vero
1781 3130 1863 3196 alios
1884 3128 2031 3196 dicamus
2052 3129 2155 3195 bono·

150 3212 208 3279 sed
236 3213 271 3278 in
294 3213 452 3299 mysterio
470 3234 529 3278 nos
550 3214 623 3279 fieri
645 3215 754 3281 carnis
776 3224 809 3281 et
831 3217 1002 3301 sanguinis
1022 3218 1126 3301 parti·
1177 3235 1252 3279 rum
1274 3213 1400 3281 Christi
1427 3236 1499 3282 esse
1521 3217 1709 3301 participes,
1739 3215 1803 3282 nisi
1829 3215 1886 3300 qui
1908 3216 1999 3281 carni
2027 3216 2101 3282 eius
2122 3226 2157 3282 et

148 3300 252 3383 cipes,
281 3306 321 3363 ut
342 3299 483 3384 gratiam
511 3299 602 3364 illam
628 3321 756 3366 morsus
783 3302 889 3368 nostri
915 3323 980 3367 non
1007 3324 1126 3368 cousu-
1178 3301 1330 3385 sanguini
1353 3300 1559 3384 participant.
1605 3299 1771 3385 Quidquid
1794 3302 1882 3368 euim
1899 3301 2074 3367 conferunt
2095 3322 2157 3366 no·

149 3392 253 3464 mant,
275 3392 317 3450 ιιι
337 3385 416 3451 alibi
437 3384 592 3468 loquitur.
641 3384 784 3470 Ideoque
806 3388 1054 3472 tergiversando
1073 3388 1125 3453 ni·
1180 3383 1231 3450 bis
1252 3406 1342 3451 mors
1361 3394 1394 3452 et
1411 3388 1607 3454 resurreetio
1630 3386 1765 3467 Christi,
1792 3388 1895 3453 fluere
1917 3387 1957 3453 ab
1979 3387 2044 3452 hoc
2064 3388 2158 3454 fonte

148 3469 197 3535 hil
229 3470 358 3556 proficit
378 3470 461 3536 Wes
500 3469 607 3536 halus.
663 3470 705 3536 In
739 3472 915 3539 manifesta
946 3474 1044 3539 etiam
1072 3496 1126 3542 ca·
1176 3469 1353 3537 tradimus:
1376 3471 1553 3556 quodvere
1574 3479 1686 3539 noster
1704 3474 1756 3553 sit,
1778 3481 1898 3539 etcaro
1917 3473 2158 3557 eiusspiritua-

148 3555 278 3621 lumnia
301 3554 465 3640 deprehen
488 3557 566 3636 itur,
585 3555 694 3622 locum
716 3557 804 3625 hunc
826 3580 846 3624 a
866 3558 960 3625 nobis
981 3561 1126 3643 torqueri
1177 3555 1218 3622 lis
1240 3557 1285 3623 sit
1305 3556 1405 3623 cibus.
1450 3558 1583 3624 Interea
1604 3578 1665 3624 nec
1686 3578 1832 3626 crassum
1860 3557 1996 3625 vorandi
2018 3558 2157 3625 modum

149 3641 358 3721 insimulans,
380 3652 421 3708 ut
440 3641 525 3707 nihil
546 3641 752 3709 nohiscocna
773 3644 890 3710 afferat
907 3654 1038 3729 praeter
1055 3645 1126 3711 ina·
1178 3641 1367 3726 recipimus,
1399 3663 1460 3709 uec
1492 3643 1679 3711 divellimus
1705 3664 1789 3729 quae
1815 3644 1979 3710 Dominus
2010 3665 2069 3710 ore
2096 3666 2158 3712 suo

150 3748 227 3791 nem
250 3728 401 3810 figuram.
452 3726 520 3794 Sed
548 3747 676 3795 vocem:
710 3729 938 3814 spiritualiter,
966 3729 1127 3815 quomodo
1178 3727 1358 3795 coniunxit.
1402 3728 1516 3813 Neque
1542 3731 1631 3796 enim
1658 3751 1776 3815 corpus
1800 3730 1898 3795 iussit
1919 3731 2068 3813 accipere
2091 3732 2160 3797 nisi

149 3823 287 3878 excusat
307 3811 546 3897 Westphalus?
576 3815 701 3880 ratione
729 3814 820 3895 fidei,
847 3816 962 3900 inquit.
1012 3815 1050 3883 Si
1078 3817 1127 3882 ita
1178 3814 1213 3879 in
1236 3834 1332 3880 cruce
1350 3812 1497 3880 oblatum
1519 3814 1561 3881 ad
1582 3814 1915 3895 nosreconoiliandos,
1938 3835 1998 3881 nec
2020 3820 2162 3902 sangui·
2316 3877 2333 3893 ,

150 3905 210 3976 est,
233 3897 395 3982 quomodo
423 3898 545 3982 absque
566 3898 632 3967 tide
657 3901 847 3967 manducari
870 3901 995 3987 garrit?
1039 3903 1126 3968 Nam
1178 3920 1255 3965 nem
1277 3899 1387 3965 bibere
1407 3900 1474 3966 nisi
1495 3902 1550 3986 qui
1571 3901 1609 3966 in
1634 3902 1860 3987 remissionem
1880 3910 2089 3985 peecatorum
2112 3904 2175 3969 ef·
2259 3909 2344 3932 “⁸

150 3982 246 4049 utin
266 4003 376 4048 crasso
399 4004 458 4050 suo
479 3995 663 4052 commento
690 3986 775 4052 nihil
802 4009 873 4053 esse
898 3988 1029 4054 carnale
1050 4010 1126 4073 pro-
1178 3986 1269 4052 iusus
1291 3994 1349 4051 est
1393 3985 1491 4053 Hanc
1512 3989 1746 4054 connexionem
1775 3988 1978 4054 substantiae
2005 3996 2041 4053 et
2068 3989 2176 4056 fruc-
2254 3993 2346 4016 “’

146 4067 221 4147 het,
250 4078 351 4153 negat
372 4069 550 4136 carnaliter
570 4070 761 4139 manducari
783 4072 970 4153 Christum,
998 4075 1062 4140 nisi
1090 4076 1126 4140 in
1178 4079 1235 4136 tus
1255 4092 1409 4155 perverse
1430 4081 1464 4137 et
1485 4071 1622 4140 barbare
1643 4073 1782 4157 discerpi
1804 4080 1943 4151 constat,
1958 4074 2016 4139 ubi
2038 4071 2174 4141 dicun·
2258 4077 2345 4100 “

149 4157 257 4221 frusta
284 4154 433 4221 concisus
462 4156 567 4221 instar
590 4157 758 4225 cadaveris
780 4158 933 4225 dentibus
950 4159 1060 4242 palam
1077 4169 1126 4226 te·
1178 4164 1233 4222 tur
1253 4157 1346 4240 impii
1368 4159 1439 4224 sine
1459 4159 1526 4224 fide
1546 4161 1750 4225 mortiferum
1772 4161 1917 4244 accipere
1938 4156 2066 4226 Christi
2085 4182 2178 4228 cor-
2254 4151 2346 4186 θ’

149 4249 254 4316 ratur.
298 4239 366 4306 Ubi
387 4248 496 4306 autem
519 4243 727 4310 invisibiliter
753 4243 999 4329 deglutiendum
1020 4247 1126 4329 porri·
1178 4263 1249 4327 pus.
1285 4242 1358 4308 Imo
1379 4263 1439 4309 cur
1461 4244 1538 4310 alihi
1559 4245 1646 4330 apud
1668 4244 1807 4311 eundem
1830 4245 2058 4329 Augustinum
2083 4268 2177 4331 spc-
2255 4242 2344 4320 T?

150 4328 242 4413 gitur
253 4326 325 4392 eius
336 4345 464 4410 corpus,
486 4328 699 4409 spiritualiter
715 4329 849 4409 comedi,
871 4332 950 4414 quia
969 4330 1035 4396 fide
1052 4352 1127 4416 per·
1179 4329 1244 4397 cies
1266 4326 1405 4395 visibilis
1427 4351 1468 4414 op
1491 4331 1777 4414 oniturspirituuli
1799 4331 1912 4398 virtuti
1933 4331 1968 4396 iu
1990 4351 2109 4410 coena,
2134 4336 2184 4400 si
2248 4317 2343 4373 μ’

149 4414 279 4498 cipitur.
324 4410 400 4493 Quo
421 4412 527 4497 magis
549 4413 611 4480 hoo
637 4413 754 4499 laqueo
780 4438 815 4482 se
844 4416 999 4500 expedire
1020 4424 1126 4482 tenta·
1178 4415 1304 4481 virtute
1332 4413 1395 4482 hac
1430 4352 1559 4482 sublate
1587 4437 1664 4482 vere
1692 4416 1799 4482 adhuc
1831 4425 1866 4482 et
1896 4415 2191 4485 substantialiter
2239 4403 2341 4458 Τ

149 4499 207 4578 bit,
231 4519 266 4564 se
289 4498 404 4564 fortius
427 4503 501 4579 [pag.
521 4504 574 4578 68]
596 4503 741 4566 constrin
784 4512 810 4568 t:
846 4503 1000 4587 profanos
1021 4502 1127 4568 homi-
1178 4498 1362 4567 comeditur.
1383 4499 1508 4566 Christi
1530 4502 1668 4587 corpus?
1712 4503 1828 4587 Longe
1849 4509 1938 4571 certe
1955 4501 2054 4568 aliter
2078 4504 2187 4572 defi-
2239 4504 2333 4533 ‘⁴'

149 4606 220 4665 nes,
244 4585 300 4668 qui
320 4585 388 4650 solo
410 4584 519 4650 carnis
540 4605 641 4650 sensu
660 4523 811 4669 praediti,
834 4587 876 4653 ad
887 4588 1014 4655 Christi
1033 4608 1127 4654 men·
1177 4586 1230 4650 nit
1250 4584 1330 4669 ipse,
1359 4584 1730 4671 dumfpag.⁷1]paulo
1757 4596 1830 4671 post
1856 4587 2014 4671 tradit22)
2044 4589 2188 4658 Huius
2234 4577 2327 4632 θ’

150 4692 222 4736 sam
244 4680 369 4735 temere
378 4667 577 4754 indigneque
587 4671 783 4755 irrumpunt,
806 4674 1021 4757 spiritualiter
1030 4674 1128 4741 edere
1178 4672 1226 4738 rei
1247 4680 1498 4753 sacramentum,
1521 4673 1583 4740 hoc
1602 4682 1666 4754 ost,
1695 4674 1832 4739 unitatis
1856 4673 2000 4772 corporis
2022 4683 2059 4741 et
2081 4699 2184 4744 sana
2231 4679 2314 4705 ‘²

150 4756 276 4839 absque
305 4754 386 4834 fide,
418 4754 506 4839 quod
526 4755 604 4822 fidei
631 4766 781 4840 respectu
809 4760 882 4825 fieri
907 4769 1127 4829 necesseeet
1167 4757 1289 4842 guinis
1311 4757 1437 4824 Christi
1459 4756 1534 4823 alibi
1557 4759 1716 4843 quotidie,
1742 4758 1820 4825 alibi
1846 4768 1944 4826 certrs
1969 4760 2183 4830 intervallis
2222 4751 2305 4805 Β

150 4839 266 4923 Neque
278 4850 389 4907 tamen
399 4842 526 4909 interea
547 4842 689 4909 concedo
710 4841 795 4926 quod
815 4845 887 4928 ipse
907 4866 974 4912 non
994 4847 1131 4913 nisisua

150 4952 358 4976 “—
1248 4962 1279 5030 1)
1297 4965 1316 5019 il
1332 4965 1474 5020 maintient
1490 4965 1507 5020 A
1524 4981 1586 5021 cors
1604 4973 1632 5021 et
1649 4966 1666 5022 t
1681 4982 1736 5036 cry.

220 5026 251 5093 1)
268 5027 299 5082 In
316 5029 388 5085 Psal.
406 5027 448 5085 98
1248 5031 1278 5100 A)
1297 5033 1387 5088 Tract
1405 5033 1432 5088 iu
1448 5031 1541 5089 Ioann.
1558 5032 1600 5090 26.
