4724 5886
216 268 269 362 n
732 285 1710 361 nnnnuereneernrusnnnsronnmnrrs.
2188 291 2233 353 ea

227 480 335 548 sebit?
380 479 493 561 Quum
521 482 557 545 in
583 478 770 563 quaerendo
796 478 974 545 verberum
1001 499 1102 544 sensu
1134 477 1209 543 dis-¹
1253 496 1342 541 nune
1363 476 1527 558 suscipere
1548 496 1665 559 operae
1691 477 1834 559 pretinm
1860 496 1927 543 nen
1948 486 2013 556 est,
2040 497 2144 543 unum
2166 476 2235 544 hoe

229 567 380 644 eudmus,
401 565 540 648 qualiter
561 565 601 630 de
623 567 834 632 moramentis
856 565 944 648 loqui
964 567 1129 648 scriptura
1149 583 1202 628 so-
1254 582 1361 627 sumo:
1383 581 1503 643 panem
1524 562 1582 627 nbi
1603 560 1760 627 dixerunt
1769 583 1842 628 esse
1852 584 1981 647 eorpus,
2003 563 2098 654 fateri
2117 572 2234 628 tamen

228 652 303 731 leat,
326 650 440 715 audire
461 672 526 716 non
548 652 726 728 sustinent,
759 651 837 733 qnia
863 650 965 718 semel
990 649 1115 715 dietum
1136 655 1202 713 est:
1255 646 1354 712 simul
1376 654 1539 730 eoguntur
1560 648 1694 733 signnm
1716 668 1788 713 esse
1808 650 1961 733 corperis.
2011 647 2108 714 Unde
2129 667 2233 732 perro

228 736 301 802 Hoc
323 745 375 802 est
395 755 513 818 cerpus
534 757 654 801 meum.
699 734 811 816 Quid?
851 738 909 801 An
929 757 996 801 nen
1018 736 1118 801 etiam
1135 732 1203 798 die-
1255 732 1316 797 heo
1338 751 1373 796 se
1395 732 1516 797 habere
1538 731 1655 811 dicent,
1678 734 1743 798 nisi
1764 755 1807 799 ex
1823 734 1950 802 christi
1971 733 2103 801 verbis?
2135 735 2234 818 Ergo

229 833 301 886 tum
330 827 395 886 est:
427 822 530 887 Petra
556 827 629 886 erat
656 820 811 888 Christus
840 825 870 906 (l
892 820 966 887 θοι.
988 826 1035 901 10,
1054 818 1111 906 4)?
1157 820 1204 884 Et
1255 819 1341 901 signi
1363 838 1491 896 nemen,
1516 817 1906 903 [pag.t1]doquetam
1927 820 2038 885 odiose
2058 819 2235 886 nobiscnm

230 927 294 991 que
322 927 437 985 sensu,
470 908 534 972 nisi
563 908 639 1006 quia
654 905 770 1007 uidem·
790 915 861 1006 erat
893 905 1076 990 spiritualis
1107 912 1204 988 potus
1255 904 1421 1003 rixantur,
1449 904 1563 1003 furtim
1592 903 1725 1004 eliciunt
1749 926 1792 971 ex
1819 925 1858 970 eo
1880 906 1964 985 loeo,
1992 927 2091 989 quem
2111 905 2235 971 nolunt

230 990 1087 1161 ttn.l”tt¹.l⁰⁶t.z”tt¹¹.ttllt²..t
1108 1010 1205 1142 tlt.
1255 988 1512 1139 tffisstzlzt
1525 988 1923 1163 affluentiori
1943 989 2127 1160 {lustu
2141 1011 2237 1141 ili}

111 1239 116 1249 ,
191 1220 193 1223 .
231 1164 423 1230 coniunctas
442 1163 602 1246 sacrilega
622 1164 759 1228 vesania
779 1163 977 1246 discerpunt.
1021 1162 1148 1227 Verum
1167 1168 1207 1228 ιιι
1256 1160 1435 1244 figuratum
1462 1181 1534 1225 esse
1560 1159 1717 1243 loquendi
1743 1161 1877 1227 medum
1908 1164 2052 1248 ingenue
2080 1160 2236 1229 coneedi-

231 1258 356 1315 meeum
386 1249 467 1314 haee
496 1253 569 1328 [pag.
594 1252 648 1328 ιο]
682 1250 793 1313 emnia
823 1257 857 1314 et
882 1247 1101 1313 dissimulem:
1139 1268 1205 1330 que
1256 1266 1338 1324 mus,
1360 1265 1428 1309 non
1449 1245 1657 1330 confugimus
1677 1268 1784 1330 neque
1805 1247 1847 1313 ad
1867 1247 2039 1333 allegorias
2060 1245 2236 1331 nequead

230 1333 364 1401 tandem
383 1334 455 1399 iure
472 1334 533 1399 sibi
544 1335 739 1417 permittunt
756 1354 854 1399 auum
870 1332 954 1398 illud
970 1333 1064 1412 Esse,
1086 1335 1123 1397 in
1140 1352 1204 1415 que
1255 1329 1438 1412 parabolas,
1471 1329 1529 1396 sed
1561 1332 1693 1397 axioma
1722 1333 1891 1412 sumimus,
1932 1333 2018 1417 qued
2048 1339 2120 1399 sine
2151 1353 2235 1402 eon·

230 1427 400 1502 tantopere
421 1419 588 1498 insistunt,
610 1420 646 1483 in
668 1417 815 1485 divomas
836 1416 988 1502 loquendi
1009 1419 1132 1484 formas
1152 1438 1205 1483 re-
1255 1415 1416 1481 troversia
1437 1423 1606 1499 receptum
1628 1425 1679 1482 est
1695 1418 1785 1483 inter
1800 1440 1914 1485 omnes
1935 1421 2020 1502 pies:
2043 1420 2171 1503 quoties
2188 1417 2235 1485 de

229 1504 378 1570 solvere?
394 1502 418 1588 ¹)
478 1504 590 1585 Quum
622 1504 727 1569 velint
757 1525 879 1587 punem
918 1525 991 1570 esse
1023 1503 1203 1582 Christum,
1256 1502 1469 1567 sacramentis
1491 1503 1615 1584 agitur,
1643 1504 1692 1569 rei
1719 1504 1870 1587 signatae
1891 1526 2012 1570 nemen
2032 1505 2074 1571 ad
2096 1505 2234 1589 signum

229 1611 287 1663 eur
308 1599 423 1674 postea
443 1591 653 1655 transsiliunt
673 1587 715 1654 ad
737 1611 799 1655 sua
820 1599 1013 1667 commenta,
1036 1610 1107 1655 esse
1128 1609 1204 1654 cum
1255 1587 1473 1670 metonymice
1494 1587 1599 1652 solere
1620 1589 1798 1654 transferri.
1843 1590 2007 1673 Exempla
2027 1591 2236 1673 frequentius

228 1695 323 1758 pune,
346 1675 383 1739 in
404 1696 498 1758 pane,
528 1683 562 1739 et
582 1676 643 1740 sub
664 1675 770 1758 pane?
815 1673 913 1741 Unde
933 1674 1023 1740 istud
1044 1675 1110 1739 illis
1132 1695 1202 1739 ma·
1254 1673 1289 1737 in
1313 1673 1483 1755 seripturis
1499 1684 1685 1752 occurrunt,
1707 1695 1806 1757 quam
1824 1684 1863 1740 ut
1879 1697 2000 1760 negare
2011 1676 2155 1742 eudennt
2175 1677 2236 1742 vel

228 1760 409 1843 gisterinm,
439 1766 477 1824 ut
497 1767 682 1825 commenta
704 1781 764 1826 sna
785 1781 852 1826 nen
873 1761 985 1825 minus
1007 1761 1130 1826 abusu
1150 1781 1202 1824 re·
1256 1758 1377 1823 summi
1399 1756 1595 1837 adversarii,
1625 1759 1715 1825 hune
1741 1781 1838 1825 usum
1864 1763 1970 1826 instar
1991 1761 2155 1844 generalis
2176 1782 2235 1827 re-

228 1854 318 1911 mota
353 1866 452 1929 quam
486 1846 573 1910 inter
609 1866 644 1910 se
666 1847 830 1912 contraria
861 1846 1000 1910 futiliter
1033 1852 1203 1912 vementes
1255 1844 1352 1926 gulae
1372 1842 1569 1908 habendum.
1614 1845 1704 1929 Ergo
1725 1846 1821 1910 sieuti
1838 1867 1961 1912 manna
1977 1847 2057 1912 elim
2073 1848 2236 1931 spiritua·

229 1931 311 1996 alios
330 1952 350 1994 a
372 1951 452 1996 sana
473 1931 690 2015 intelligentia
712 1930 866 1996 arceant?
911 1929 950 1997 Si
971 1930 1104 2015 pauisa)
1126 1949 1203 1996 oen·
1256 1928 1297 1993 lis
1319 1928 1411 1994 cibus
1432 1928 1504 2006 fuit,
1533 1929 1620 1994 sieut
1641 1951 1725 2013 aqua
1746 1939 1819 1995 erat
1840 1932 2004 2011 (lhristus,
2027 1933 2112 2010 sieut
2134 1933 2238 2016 spiri·

228 2017 292 2081 seri
314 2015 539 2099 eorpusdobet
559 2017 637 2100 quia
656 2018 703 2082 sic
720 2024 865 2093 vocatur,
887 2036 955 2081 non
976 2016 1097 2094 miuus,
1119 2022 1203 2082 teste
1256 2020 1309 2079 tus
1330 2023 1463 2079 sanetus
1483 2013 1649 2094 columba,
1677 2016 1764 2082 sient
1785 2016 1968 2101 baptismus
1989 2016 2157 2084 lavacrum
2179 2039 2238 2083 re·

228 2101 349 2180 Panlo,
379 2103 442 2166 erit
468 2101 718 2167 communicatio
747 2102 900 2185 eorporis.
949 2101 1022 2166 Ime
1047 2102 1075 2166 ai
1097 2099 1204 2167 dieam
1257 2100 1500 2184 generationist'
1526 2100 1574 2164 sic
1602 2109 1635 2165 et
1663 2103 1758 2183 panis
1786 2124 1922 2186 eorpus,
1954 2104 2069 2169 vinum
2096 2104 2239 2187 sangnis

228 2187 370 2252 Paulum
389 2188 509 2254 elarius
531 2187 593 2252 hoc
614 2186 684 2253 loeo
702 2207 874 2269 exponere,
897 2186 983 2270 qued
1006 2186 1204 2253 subobscure
1256 2184 1382 2250 Christi
1403 2193 1548 2250 vocatur.
1590 2183 1629 2250 si
1646 2186 1777 2252 malunt
1793 2187 2023 2271 synecdochen
2046 2209 2144 2271 quam
2162 2209 2238 2253 me-

228 2292 249 2335 a
270 2272 402 2338 Christo
425 2272 550 2338 dictum
572 2280 657 2350 erat,
685 2272 760 2355 quis
788 2272 915 2337 sobrius
936 2271 1018 2336 mihi
1040 2292 1204 2356 repugna·
1256 2271 1446 2354 tonymiam,
1467 2277 1564 2419 aigne
1585 2271 1633 2335 ita
1650 2272 1678 2337 si
1701 2271 1741 2336 de
1759 2274 1877 2338 vecula
1895 2280 2025 2339 tuntum
2047 2295 2115 2339 una
2136 2273 2239 2338 dimi·

229 2357 297 2423 bit?
343 2357 509 2423 Dominus
536 2358 734 2440 pronunciat
760 2378 880 2440 panem
907 2377 979 2423 esse
1007 2379 1104 2422 suum
1132 2377 1204 2422 cor·
1256 2365 1343 2433 cant,
1366 2355 1505 2438 ablegan
1530 2378 1584 2420 um
1607 2366 1678 2421 erat
1697 2357 1759 2424 hoe
1782 2367 1946 2424 certamen
1968 2358 2010 2423 ed
2028 2361 2239 2426 Grammati-

229 2464 300 2525 pus.
345 2441 505 2525 Sequitur
527 2441 715 2526 discipulus,
739 2442 791 2508 cui
809 2449 897 2508 certe
916 2443 1119 2526 propesitum
1136 2463 1208 2524 non,
1257 2439 1358 2526 ees.²)
1402 2438 1492 2521 Quid
1519 2449 1629 2506 autem
1655 2443 1724 2508 illie
1751 2445 1938 2526 proficient,
1966 2446 2030 2510 nisi
2054 2453 2094 2508 ιιι
2119 2447 2239 2529 pueris

228 2535 278 2593 est
316 2527 383 2592 luci
410 2526 547 2592 nebulas
575 2527 752 2607 obducere,
781 2547 819 2592 ae
861 2548 981 2611 panem
1010 2528 1204 2610 explicatius
1257 2545 1386 2609 quoque
1406 2525 1568 2592 iudicibus
1586 2527 1727 2593 ludibrio
1750 2530 1794 2594 sit
1815 2550 1928 2594 eorum
1949 2530 2103 2596 inscitia?
2149 2530 2239 2596 an-

229 2613 372 2695 eerporis
394 2614 721 2678 communicationem
749 2634 821 2680 esse
842 2613 944 2679 docet
989 2613 1055 2678 Hie
1076 2614 1105 2679 si
1127 2633 1205 2678 con·
1257 2619 1367 2677 terum
1388 2619 1426 2675 ut
1448 2611 1509 2677 hee
1531 2613 1697 2678 emittam:
1728 2615 1875 2696 quisquis
1897 2636 1917 2679 a
1939 2613 2145 2698 logomachia
2166 2637 2240 2681 nen

229 2697 373 2763 sentiant
394 2696 572 2777 nobiscnm,
595 2698 708 2763 statim
725 2697 766 2763 lis
784 2698 948 2781 dirempta
969 2698 1049 2764 erit:
1072 2699 1149 2781 quia
1168 2700 1204 2763 in
1257 2695 1421 2774 abhorret,
1443 2717 1479 2760 se
1500 2717 1707 2780 nequaquam
1719 2699 1845 2764 Christi
1862 2720 1998 2765 servum
2020 2721 2093 2767 esse
2114 2699 2239 2783 prodit.

228 2783 324 2867 panis
353 2783 511 2849 fractione
538 2804 597 2849 nes
630 2805 756 2867 quoque
783 2790 945 2849 testamur
973 2785 1205 2850 communicari
1257 2782 1310 2846 De
1337 2802 1375 2846 re
1402 2781 1492 2845 enim
1519 2803 1623 2864 quum
1650 2784 1772 2867 optime
1799 2786 1990 2863 conveniat,
2019 2786 2097 2868 quid
2127 2787 2241 2870 magis

229 2868 381 2935 fidelibus
408 2890 526 2953 corpus
554 2869 687 2934 Christi.
737 2869 852 2934 Placet
878 2869 943 2935 illis
965 2869 1103 2935 verbum
1125 2869 1205 2935 reti-
1257 2874 1514 2950 praeposterum,
1531 2889 1630 2950 quum
1648 2869 1754 2934 scindi
1772 2871 1933 2950 ecelesias,
1963 2879 1997 2936 et
2013 2880 2141 2938 atroces
2164 2892 2241 2936 me-

230 2953 357 3040 nore.²)
407 2953 576 3038 Agedum,
605 2975 709 3038 quum
736 2954 825 3038 apud
853 2955 978 3021 Lucam
1009 2962 1043 3020 ct
1062 2954 1205 3020 Paulum
1258 2953 1328 3017 veri
1347 2950 1521 3030 tumultus,
1545 2955 1620 3035 quia
1641 2955 1697 3018 alii
1718 2976 1839 3038 panem
1860 2957 1969 3022 vocari
1991 2978 2109 3041 eorpus
2131 2958 2241 3023 inter-

231 3039 383 3106 (lhristus
411 3040 545 3106 calicem
580 3047 676 3127 vocet
704 3047 939 3105 testamentum
970 3042 1006 3105 in
1038 3061 1097 3106 suo
1129 3061 1205 3108 snn-
1257 3045 1446 3120 pretantnr,
1478 3038 1564 3121 quod
1593 3038 1655 3104 sub
1681 3041 1753 3123 ipso
1780 3049 1812 3105 et
1840 3063 1916 3108 eum
1946 3043 2017 3124 ipso
2045 3041 2238 3109 exhibetur:

231 3126 344 3211 guino:
368 3126 495 3208 quoties
516 3124 635 3209 panem
653 3146 724 3191 esse
741 3146 861 3209 eorpus
883 3133 917 3190 ot
936 3127 1052 3191 vinum
1071 3127 1206 3210 sungui-
1257 3123 1314 3187 alii
1332 3143 1410 3189 vere
1421 3123 1498 3205 quia
1508 3123 1694 3207 symbolum
1713 3135 1847 3191 estnon
1866 3126 2028 3193 lusorium
2046 3150 2108 3194 noe
2125 3128 2240 3209 inane,

231 3232 307 3276 nem
326 3211 532 3290 clamabunt,
560 3214 620 3296 e‘go
643 3212 765 3295 optime
786 3211 858 3276 iure
879 3212 1024 3277 vicissim
1045 3231 1205 3294 regerem,
1258 3207 1316 3274 sed
1337 3209 1391 3272 cui
1412 3229 1543 3273 annexa
1564 3209 1646 3292 sitss)
1669 3231 1728 3276 sua
1750 3213 1881 3290 veritas,
1904 3221 1943 3277 ut
1964 3234 2041 3279 vere
2058 3215 2241 3297 participes

231 3317 302 3362 esse
322 3303 522 3363 testamenta
547 3298 583 3361 in
611 3317 744 3380 corpere
766 3305 800 3361 ot
820 3297 989 3380 sanguine.
1036 3296 1208 3363 Desistant
1257 3296 1340 3359 fiant
1361 3293 1503 3372 Christi,
1532 3295 1589 3377 qui
1610 3305 1644 3359 et
1664 3315 1721 3360 ere
1739 3297 1766 3362 si
1814 3318 1880 3375 um,
1908 3305 1941 3362 et
1961 3297 2026 3364 fide
2047 3301 2246 3382 promissio--

231 3383 333 3467 igitur
352 3381 476 3448 indocti
497 3381 647 3448 homines
668 3383 710 3447 ab
731 3403 771 3447 ea
791 3383 981 3465 pertinacia,
1010 3382 1047 3446 in
1068 3403 1141 3465 qua,
1164 3403 1207 3446 ne
1258 3400 1335 3445 nem
1353 3378 1540 3462 recipiunt?
1590 3378 1689 3461 Quod
1710 3382 1773 3448 sii
1802 3383 1829 3447 's
1850 3390 2013 3448 statutum
2035 3391 2088 3450 ost
2106 3385 2241 3452 nullum

232 3467 312 3550 quid
345 3469 480 3552 gravius
513 3467 634 3546 dicam,
668 3467 809 3534 contorti
833 3467 972 3533 subinde
1005 3474 1039 3532 et
1059 3467 1208 3550 perplexi
1260 3466 1365 3531 faeere
1392 3464 1608 3530 maledicendi
1634 3468 1749 3547 finem,
1780 3469 1947 3533 neminem
1968 3470 2026 3551 qni
2052 3490 2072 3534 a
2101 3478 2241 3537 eonten-

233 3553 407 3632 haereant,
436 3575 569 3620 necesse
592 3561 650 3619 est.
700 3551 788 3634 Quia
809 3553 932 3619 iustam
954 3552 1209 3636 disputationem
1260 3552 1348 3615 tiene
1371 3554 1446 3648 [pag.
1465 3555 1520 3629 ea]
1542 3551 1672 3634 integer
1693 3553 1771 3632 erit,
1799 3561 1869 3618 tam
1896 3555 2047 3637 iniquum
2067 3556 2139 3621 fere
2161 3577 2241 3622 con·

236 3694 436 3702 *m
1260 3636 1569 3732 fido,qu1non·et
1596 3643 1686 3702 reeta
1712 3659 1772 3704 nes
1800 3638 1929 3717 decere,
1958 3640 2242 3738 etcinesritatem

234 3773 1017 3912 „,3>,‡22r,·,3,u,¹,22,r,12,0g3puggurerer
1035 3791 1087 3844 ue
1104 3789 1135 3829 ι
1152 3781 1210 3829 ....
1260 3720 1694 3887 illiciuntur,
1709 3725 2078 3893 suunt-..tun
2093 3733 2243 3878 funt

304 3911 334 3974 a)
352 3908 476 3989 Siparis
495 3920 544 3965 etc.
564 3927 648 3980 unque
666 3911 701 3965 ad
719 3912 787 3965 haee
804 3911 904 3991 verba:⁸
928 3911 1023 3965 Placet
1038 3911 1161 3991 illis'etc.
1180 3917 1208 3990 ct
1261 3890 1472 3990 elamoribuS,
1499 3892 1565 3990 nisi
1590 3891 1704 3958 eodem
1733 3896 1803 3977 ipse
1829 3915 1959 3980 quoque
1981 3896 2104 3961 furoris
2132 3906 2244 3963 oestro

235 3979 979 4116 tenuetur.unuln...¹zuuu.⁰0
1259 3986 1412 4059 ...uu
1436 3976 1667 4065 ......1....⁴,

398 4114 404 4126 .
837 4117 843 4128 .
945 4089 973 4128 ι.
999 4116 1030 4127 ..
1068 4115 1073 4126 .

237 4114 897 4238 Ἑιξιῐιιδιοᾞιῖἷῆεἰξξίξπξιῗίἳξὲῗᾞέωῗῗιῖῗ
914 4131 957 4238 iiis
977 4115 1209 4247 riiaffciireanitifiil.
1330 4181 1360 4243 ll
1380 4180 1518 4262 conforme
1537 4183 1554 4236 a
1571 4181 1600 4242 lt
1616 4183 1700 4251 reigle
1720 4182 1754 4237 de
1773 4184 1826 4254 foy.

239 4249 302 4332 120,
317 4247 376 4316 1⁶21,
394 4248 472 4315 129),
495 4252 573 4319 quasi
596 4267 613 4304 a
635 4252 714 4333 nobis
735 4252 802 4373 ipsis
826 4260 854 4307 et
877 4252 912 4306 ab
933 4200 981 4305 ilis
1003 4251 1083 4332 longe
1101 4251 1209 4330 lateque
1299 4319 1306 4333 .
1331 4248 1363 4316 2)
1382 4249 1438 4304 s’rls
1456 4257 1558 4304 arment
1582 4251 1672 4306 mieux
1694 4268 1746 4306 une
1773 4259 1850 4306 anns
1867 4251 1953 4321 figure
1971 4253 2131 4333 oeeembat
2149 4268 2179 4308 se
2198 4253 2244 4308 de·

237 4316 423 4373 dissideamus.
458 4318 534 4398 Quae
551 4334 616 4372 vere
636 4327 746 4373 omitten
766 4337 783 4374 a
800 4319 951 4387 suademus,
979 4318 1132 4374 huiusmodi
1149 4333 1210 4374 esse
1262 4326 1321 4373 voit
1338 4319 1460 4398 plustost
1476 4334 1609 4398 renveyer
1632 4336 1686 4375 aux
1708 4321 1816 4375 escoles
1838 4320 1873 4375 de
1890 4336 2064 4389 grammsure:
2095 4326 2158 4375 tant
2184 4321 2245 4376 s’en

237 4386 379 4453 videnter,
401 4393 433 4440 ut
451 4400 551 4440 omissa
574 4386 762 4442 detrimentum
786 4388 889 4443 nullum
910 4389 997 4444 boum
1021 4402 1119 4443 cauam
1137 4386 1212 4442 adfe-
1262 4387 1323 4442 faut
1339 4385 1404 4454 qu'd
1421 4393 1514 4441 mente
1532 4385 1614 4455 qu'on
1631 4403 1665 4442 en
1682 4390 1789 4444 trouble
1806 4396 1884 4444 tonte
1902 4389 1930 4444 la
1947 4388 2127 4445 Chrestientt.

238 4452 426 4589 necmngtti..
442 4520 584 4591 puisqu'ils
601 4537 631 4577 as
649 4522 759 4576 veulent
776 4529 836 4577 tant
853 4530 972 4580 arrester
989 4523 1042 4580 aux
1059 4529 1144 4590 mets,
1167 4538 1212 4576 en·
1332 4453 1363 4584 {i
1382 4453 1675 4579 {meritum
1683 4522 1928 4579 Amneledemcaer'
1943 4523 2088 4580 mifiritar
2105 4524 2254 4593 mboerip·

239 4606 317 4647 eeres
335 4606 435 4647 aurona
452 4606 522 4644 nous
539 4589 610 4645 belle
629 4597 763 4658 avantags
780 4607 827 4646 sur
844 4605 904 4646 eux.
1265 4592 1321 4647 tn:
1338 4591 1455 4647 Ioannes
1473 4591 1607 4647 calvinus
