4620 5828
818 227 882 293 AD
905 224 1229 310 connectebas
1250 226 1423 294 IUDAEI.

493 534 737 603 OALVINUS.

215 703 345 787 Quaere
363 707 515 784 vicinum,
534 707 694 790 quomodo
713 729 808 791 saepe
827 715 932 772 totum
949 707 1106 791 populum

129 791 261 856 nemine
289 802 423 874 excepto
450 791 604 875 perfidiae
631 804 665 857 et
691 795 811 875 impiae
843 791 1030 858 defectionis
1052 813 1104 859 ac·

129 884 244 942 eusent
264 877 465 959 prophetae?
508 878 596 942 'Nam
625 879 652 943 si
680 880 726 943 ita
758 888 816 956 est,
845 879 901 943 ubi
937 879 1105 944 residuum

129 960 262 1026 semen?
290 961 450 1046 quomodo
484 963 611 1029 dicatur
642 974 734 1049 totus,
762 963 899 1048 populus
932 965 1105 1029 Ieremiam

128 1047 294 1131 flagitasse
316 1048 357 1113 ad
379 1068 501 1130 necem,
523 1071 622 1132 quum
645 1060 755 1114 tamen
777 1059 900 1116 certum
930 1052 982 1127 sit,
1005 1049 1105 1115 finisse

131 1132 246 1198 saltem
268 1133 443 1199 nonnullos
465 1137 520 1217 qui
543 1136 673 1201 salvum
694 1144 855 1218 optarent.

212 1218 267 1284 Ad
287 1221 508 1302 quaestionem
531 1220 639 1286 brevis
661 1232 711 1286 est
732 1242 769 1288 ac
797 1221 949 1304 expedita
970 1240 1104 1303 respon·

129 1303 185 1368 sio.
230 1302 320 1370 Satis
342 1316 456 1371 notum
480 1314 529 1371 est
548 1326 645 1389 quam
674 1307 753 1371 trita
779 1309 821 1371 sit
843 1309 941 1373 ctiam
972 1308 1006 1371 in
1028 1307 1104 1390 'lege

128 1398 161 1453 et
185 1391 355 1473 prophetis
386 1391 599 1474 synecdoche,
625 1391 703 1456 dum
729 1414 806 1476 pars
840 1415 899 1478 pro
932 1402 1016 1471 toto,
1050 1392 1106 1456 vel

126 1483 232 1539 totum
254 1496 314 1558 pro
333 1487 426 1559 parte
455 1477 602 1542 sumitur.
654 1479 705 1542 De
733 1499 870 1543 numero
903 1477 1032 1543 dierum
1062 1499 1104 1542 ne

125 1560 190 1644 ipsi
212 1561 342 1643 quidem
364 1561 476 1627 Iudaei
491 1560 588 1628 ‘litem
611 1562 704 1629 nobis
732 1585 864 1629 movere
886 1563 1016 1628 audent.
1062 1563 1105 1627 In

126 1646 277 1713 noctibus
299 1656 416 1731 putant
438 1649 542 1733 magis
563 1647 768 1732 plausibilem
797 1671 867 1716 esse
895 1649 1103 1728 calumniam,

126 1731 203 1884 guia
225 1741 300 1798 ante
322 1734 455 1798 initium
479 1736 594 1799 tertiae
615 1736 721 1801 noctis
743 1735 923 1800 resurrexit
939 1734 1102 1800 Christus.

154 1816 195 1882 ed
217 1839 318 1902 quum
341 1841 406 1884 nox
429 1821 472 1886 sit
493 1821 585 1902 quasi
604 1820 666 1885 diei
685 1823 832 1899 accessi0,
854 1842 921 1885 non
944 1820 1105 1885 dubitavit

126 1902 282 1969 Christus
304 1916 370 1970 tres
394 1905 471 1982 dies,
494 1915 527 1969 et
550 1904 683 1970 totidem
706 1916 816 1972 noctes
839 1928 897 1990 pro
915 1905 1024 1970 triduo
1046 1928 1101 1989 po·

125 2010 214 2067 nere,
237 2011 300 2072 quo
322 1992 438 2056 melius
457 2002 585 2073 aptaret
613 1993 798 2077 erem'plum
820 1993 919 2057 Ionae
949 1990 988 2054 ad
1008 2013 1101 2074 prae-

125 2088 251 2140 sentem
274 2098 416 2142 causam.
461 2077 501 2141 In
524 2099 559 2142 re
582 2086 690 2142 autem
713 2100 815 2161 quum
843 2078 935 2142 nulla
963 2079 1006 2141 sit
1032 2097 1101 2142 am-

123 2161 276 2245 biguitas,
300 2162 340 2226 de
362 2164 471 2228 verbis
490 2163 638 2228 cavillari
660 2164 938 2246 nugatoriumest.
984 2160 1022 2228 Si
1045 2184 1102 2226 ex·

124 2245 248 2328 cipiant
280 2270 344 2312 non
378 2245 537 2329 quadrare
569 2247 825 2328 similitudinem,
861 2251 936 2331 quia
968 2247 1102 2313 dimidio

122 2331 192 2396 fere
215 2332 288 2414 plus
306 2335 462 2417 temporis
479 2335 676 2419 transegerit
693 2335 790 2400 Iones
808 2337 841 2399 in
861 2342 975 2400 ventre
993 2335 1100 2418 piscis,

123 2438 222 2499 quam
245 2417 398 2484 Christus
419 2419 454 2483 in
476 2420 637 2502 sepulcro:
661 2423 825 2504 responsio
852 2421 971 2485 iterum
998 2419 1101 2485 facilis

124 2514 183 2580 est,
211 2504 247 2567 in
274 2504 432 2654 exemplis
461 2505 591 2587 plenam
615 2507 875 2572 conformitatem
898 2513 1011 2571 exacte
1034 2527 1100 2569 non

123 2589 254 2671 requiri,
277 2611 337 2655 nec
357 2612 375 2654 a
398 2591 532 2655 surdum
545 2613 624 2667 csse,
648 2592 763 2675 siquid
783 2592 939 2658 dissimile
959 2599 1097 2656 notetur.

501 2873 717 3029 IUDerIllUS.

211 3130 346 3210 Quaere:
382 3130 483 3212 Quaen
513 3133 662 3212 serapium
695 3134 754 3199 cit:
800 3133 874 3197 Nou
905 3132 1018 3198 admit
1049 3153 1097 3197 me

119 3213 209 3281 bomo
230 3221 257 3280 et
277 3216 366 3296 vivet,
386 3218 533 3297 quomedo
556 3216 631 3282 Iesu
650 3218 715 3300 fuit
735 3218 834 3299 Deus,
852 3223 887 3282 ut
905 3239 976 3285 eum
995 3239 1098 3284 emotas

119 3299 259 3366 homiues
279 3301 433 3366 viderint:
453 3307 481 3366 et
501 3324 539 3367 ue
560 3322 643 3368 uuus
670 3305 796 3385 quidem
821 3310 964 3371 mortuus
993 3309 1037 3370 eat
1059 3325 1097 3369 ec

20 3471 32 3477 ,
119 3384 172 3450 bie
192 3385 335 3451 cunibus
355 3389 410 3470 qui
430 3388 577 3454 uiderunt
598 3390 691 3454 cum?

2056 234 2132 312 ,6,66

1157 435 1218 482 nec
1230 423 1340 482 tamen
1350 417 1449 501 pleno
1460 415 1568 482 adhue
1578 424 1710 500 aspectu
1721 418 1896 502 potiantur.
1940 419 1982 485 In
1999 420 2134 492 Christo

1158 507 1267 570 autem
1288 504 1365 568 viva
1384 523 1446 568 sua
1466 503 1608 586 imagine
1629 502 1789 587 apparuit,
1812 512 1972 588 quatenus
1994 514 2063 574 tam
2084 511 2133 576 fa·

1157 586 1262 654 cultas
1283 609 1382 671 quam
1404 587 1492 654 salus
1514 588 1643 671 piorum
1663 589 1795 655 ferebat.
1838 589 1932 658 'func
1953 600 2062 659 autem
2082 597 2132 663 vi·

1157 671 1281 740 debunt
1301 696 1376 741 eum
1400 671 1504 757 qualis
1524 683 1583 752 est,
1606 674 1683 738 dum
1707 676 1737 738 ei
1758 675 1881 741 similes
1895 689 2013 747 erunt.
2056 680 2131 748 Hoc

1157 778 1235 824 vero
1255 758 1388 825 brutum
1410 770 1575 843 stuporem
1594 760 1706 843 spirat,
1726 760 1811 843 quod
1828 763 1936 827 Deum
1953 763 1989 828 iu
2007 764 2131 846 Christi

1134 886 1143 911 2
1156 865 1298 945 persona
1324 846 1432 911 visum
1469 845 1569 913 fuisso
1611 847 1769 929 garriunt,
1797 869 1836 913 ac
1865 849 1893 914 si
1921 848 2032 917 divina
2060 853 2131 920 eius

1157 940 1300 1002 essentia
1321 931 1447 998 carneis
1470 930 1572 996 oeulis
1594 933 1767 1014 conspicua
1787 934 1908 1000 fuisset.

1612 1222 1672 1277 ΧΠ.

1508 1388 1511 1395 ,
1538 1304 1752 1376 maanus.

1245 1479 1378 1560 Quaere:
1402 1478 1562 1559 Scriptum
1582 1484 1633 1558 est,
1656 1479 1736 1561 quod
1763 1481 1938 1562 quicunque
1961 1482 2054 1562 fidem
2075 1483 2130 1549 do·

1156 1563 1256 1629 buerit
1278 1565 1311 1628 tu
1335 1562 1419 1643 lesu,
1440 1566 1535 1629 etiam
1555 1569 1677 1629 tautum
1697 1571 1847 1646 quantum
1869 1572 1942 1632 suut
1960 1589 2065 1650 praua
2085 1571 2129 1634 si-

1154 1649 2086 1803 tblfef'f'lollffleffrrtflfmarlfifdtr'lf‘m
2112 1676 2129 1722 ⁶

1154 1823 1211 1903 qui
1232 1842 1269 1885 ue
1288 1821 1381 1887 leucu
1391 1823 1515 1904 quidem
1524 1842 1590 1885 rem
1609 1822 1712 1904 fecere
1724 1828 1864 1905 poscuut
1908 1822 1958 1887 Er
1976 1845 1993 1888 o
2014 1759 2128 1906 doubudtnd

1154 1908 1421 1988 mtuuaceb‘quum
1436 1907 1578 1990 ,culpusf
1626 1908 1713 1990 Quod
1734 1908 1825 1973 sa'c'te
1844 1914 1896 1988 cst,
1917 1930 1938 1973 u
1984 1918 2071 1976 uest
2092 1914 2128 1978 tu

1153 2014 1259 2058 eorum
1291 2014 1387 2057 mortu
1412 2014 1508 2075 aeque
1542 1995 1723 2073 dominatio,
1756 2014 1853 2075 aeque
1877 1996 2031 2075 potentie,
2064 2020 2128 2080 quc

1148 2081 1272 2160 possint
1293 2081 1466 2161 quidquam
1483 2084 1655 2161 pacare,
1673 2081 1816 2162 quemvis
1843 2081 1968 2145 cedunt
1992 2083 2028 2146 iu
2048 2103 2125 2148 eum.

1517 2385 1761 2453 OALVINUS.

1237 2559 1380 2642 Quaere,
1409 2581 1509 2643 quum
1543 2559 1699 2641 scriptum
1738 2560 1780 2623 sit
1814 2559 1854 2624 de
1887 2571 1996 2625 monte
2028 2562 2125 2628 Zion:

1150 2646 1242 2712 Haec
1264 2649 1390 2728 requies
1408 2667 1481 2710 mea
1498 2646 1533 2709 in
1555 2643 1720 2710 saeculum
1743 2645 1872 2723 saeculi,
1895 2645 1949 2711 hic
1970 2646 2124 2714 habitabo

1149 2732 1303 2815 quoniam
1325 2732 1408 2814 elegi
1431 2753 1512 2807 eam,
1535 2728 1613 2813 quid
1634 2729 1695 2794 sibi
1718 2729 1797 2794 velit
1817 2732 1955 2798 vastitas
1977 2739 2011 2798 et
2032 2734 2125 2800 desc·

1149 2817 1236 2894 latio,
1254 2838 1336 2902 quae
1355 2816 1483 2881 tetiam
1499 2815 1636 2881 saeculis
1654 2813 1806 2880 durarit?
1845 2816 1976 2897 Quaere
1993 2819 2125 2900 iterum,

1150 2902 1226 2986 quiid
1248 2902 1307 2968 sibi
1321 2902 1410 2980 velit,
1422 2902 1508 2985 quod
1527 2903 1643 2966 misere
1661 2901 1809 2984 dissipati
1820 2924 1878 2985 per
1897 2912 2003 2967 totum
2014 2905 2125 2971 orbem

1149 2999 1322 3074 vagantur,
1356 2996 1388 3052 et
1409 2987 1565 3070 prostrati
1586 2986 1621 3051 in
1654 2988 1759 3051 ruinis
1781 2991 1848 3053 suis
1875 2989 2000 3067 iacent,
2023 3013 2126 3072 quum

1148 3076 1252 3141 Isaias
1274 3077 1467 3156 pronunciet
1487 3073 1671 3156 redemptos
1694 3094 1764 3138 esse
1786 3074 1826 3140 ab
1848 3075 1962 3140 exsilio
1989 3075 2125 3160 babylo-

1149 3161 1232 3239 nico,
1254 3171 1292 3225 ut
1312 3160 1425 3225 ruinas
1444 3158 1557 3223 mundi
1574 3161 1673 3223 totius
1690 3159 1886 3238 instaurent,
1904 3170 1938 3226 et
1954 3163 1989 3225 in
2007 3183 2124 3245 corpus

1149 3268 1245 3311 suum
1267 3246 1421 3330 colligant
1442 3266 1555 3309 omnes
1578 3244 1760 3328 dispersos?

1234 3332 1272 3397 ci
1295 3352 1434 3415 granum
1456 3332 1533 3396 salis
1554 3331 1607 3396 vel
1626 3350 1725 3395 sanae
1745 3331 1980 3414 intelligentiae
1997 3332 2033 3396 in
2052 3334 2125 3399 istis

1147 3416 1325 3502 pecudibus
1347 3427 1446 3492 esset,
1476 3418 1545 3481 sine
1573 3418 1793 3482 controversia
1820 3417 2026 3483 verissimum
2054 3440 2125 3484 esse

1148 3512 1380 3589 cognoscerent
1407 3502 1534 3568 Christi
1567 3502 1704 3580 dictum,
1739 3504 1773 3567 in
1801 3523 1864 3585 quo
1891 3502 2124 3570 absurditatem

1081 3640 1089 3659 .
1148 3597 1320 3655 venantur.
1371 3587 1469 3669 Quod
1497 3589 1662 3665 obiiciunt,
1692 3609 1750 3653 cur
1778 3587 1933 3654 Christus
1962 3589 2031 3653 suis
2058 3588 2124 3659 dis·

479 3670 725 3743 OALV'INUS.

144 3843 150 3854 ’
204 3845 333 3926 Quaere
355 3842 506 3916 vicissim,
530 3846 689 3926 quomodo
720 3845 839 3913 viderit
867 3844 964 3912 Iacob
984 3846 1094 3910 Deum

115 3931 200 3998 facie
227 3930 267 3995 ad
295 3929 426 4007 faciem,
455 3949 516 3994 neo
541 3939 690 3997 mortuus
723 3931 787 3996 sit?
816 3930 974 4014 quomodo
1003 3932 1093 3997 Deus

115 4037 250 4084 servum
267 4037 364 4082 suum
385 4016 500 4080 Mosen
521 4014 684 4082 discernat
706 4040 726 4082 a
754 4017 888 4101 reliquis
914 4016 1091 4101 prophetis,

116 4104 194 4187 quia
221 4102 424 4167 familiariter
444 4101 527 4166 facio
547 4100 589 4166 ed
606 4102 727 4169 facicm
750 4125 825 4170 cum
859 4124 897 4169 eo
923 4104 955 4169 lo
976 4112 1090 4168 uetur:

114 4210 183 4254 non
205 4195 312 4253 antem
335 4208 394 4271 per
421 4187 571 4265 visiones,
601 4195 634 4253 et
661 4188 810 4254 somnia?
839 4125 999 4272 quomode
1031 4189 1091 4253 toti

113 4273 235 4360 populo
256 4274 444 4356 apparuerit
463 4273 499 4336 in
521 4270 608 4338 nube
630 4282 664 4339 et
691 4275 843 4341 columna
869 4273 981 4359 ignis?
1012 4295 1090 4356 quo·

112 4360 212 4426 modo
257 4359 421 4425 visibilem
453 4358 575 4443 gloriae
614 4380 691 4425 suae
729 4362 867 4428 formam
910 4358 1091 4424 ostenderit

111 4445 281 4512 Ezechieli
293 4454 327 4512 ct
348 4444 462 4525 Isaiae,
485 4446 541 4528 qui
553 4453 664 4511 tamer
685 4446 794 4512 subita
810 4456 914 4513 morte
936 4444 1009 4509 ideo
1032 4466 1089 4510 ex·

111 4532 227 4600 stincti
247 4552 315 4596 non
338 4530 437 4596 sunt?

200 4615 239 4684 Si
280 4639 344 4700 qua
375 4615 511 4702 perditis
544 4619 617 4685 istis
659 4617 846 4684 hominibus
879 4626 964 4684 esset
998 4619 1090 4703 inge·

1148 3675 1263 3758 cipulis
1289 3673 1411 3739 dixerit
1442 3675 1623 3739 notandum
1658 3682 1716 3752 est,
1750 3694 1868 3757 nempe
1899 3675 1980 3739 vitio
2011 3694 2124 3741 comm

1146 3762 1218 3826 fieri
1240 3760 1450 3843 exprobrans,
1474 3768 1511 3825 ut
1521 3759 1679 3826 miracula
1697 3758 1793 3824 edere
1810 3760 1932 3824 frustra
1947 3767 2123 3827 tentarent.

1147 3846 1236 3928 Quid
1259 3869 1336 3931 ergo
1358 3847 1385 3911 si
1408 3847 1570 3911 fateamur
1592 3845 1676 3932 dono
1697 3845 1938 3923 miraculorum,
1962 3866 2025 3928 quo
2047 3868 2123 3913 suos

1145 3933 1304 3999 instruxit
1320 3932 1482 4009 Ohristus,
1502 3952 1561 3996 nos
1584 3931 1715 4014 propria
1737 3931 1832 4013 culpa
1856 3930 2010 3996 destitui?
2054 3933 2122 3998 Pu·

1145 4017 1254 4084 denda
1275 4016 1405 4101 quidem
1427 4016 1520 4083 nobis
1543 4028 1593 4083 cst
1614 4013 1696 4082 haec‘
1715 4016 1884 4081 confessio:
1909 4016 1965 4082 sed
1988 4039 2047 4083 eur
2064 4039 2121 4103 po-

1143 4106 1208 4170 tius
1229 4105 1265 4168 in
1286 4105 1411 4170 crimen
1432 4102 1584 4168 trahetur
1603 4103 1667 4180 illo,
1690 4102 1744 4185 qui
1763 4110 1895 4166 aeterna
1912 4111 1963 4169 cst
1980 4103 2043 4169 Dei
2064 4126 2121 4171 ve-

1143 4192 1231 4269 ritas,
1254 4202 1287 4254 et
1308 4189 1484 4254 luculentis
1505 4188 1708 4254 documentis
1729 4210 1764 4253 se
1786 4190 1819 4251 in
1840 4188 1902 4253 hoc
1919 4188 2006 4255 dicto
2026 4210 2120 4257 vera-

1143 4297 1214 4343 cem
1241 4274 1391 4350 ostendit,
1420 4275 1527 4357 potius
1554 4288 1650 4357 quam
1679 4275 1775 4338 vanis
1804 4274 1964 4340 coloribus
1989 4282 2119 4359 tegatur

1142 4369 1254 4427 nostra
1274 4360 1461 4439 infidelitas,
1480 4381 1564 4443 quae
1574 4361 1637 4425 Dei
1660 4361 1785 4443 gratiae
1806 4360 1895 4425 uam
1916 4358 2117 4442 praecludit?

1142 4445 1340 4530 Quanquam
1363 4446 1451 4511 aliud
1473 4444 1572 4510 simul
1591 4444 1769 4510 tenendum
1790 4453 1849 4523 cst,
1871 4444 1968 4511 fidem
1996 4443 2036 4510 de
2054 4465 2120 4528 qua

1141 4554 1230 4598 nunc
1252 4534 1369 4618 agitur,
1392 4551 1458 4596 non
1480 4531 1570 4595 illam
1593 4552 1663 4598 esse
1685 4552 1904 4609 communem,
1934 4551 2033 4613 quam
2055 4529 2118 4612 piis

1142 4618 1294 4685 omnibus
1316 4625 1349 4683 et
1360 4617 1486 4684 Christi
1498 4618 1653 4683 membris
1664 4617 1759 4682 affert
1775 4615 1957 4700 adoptionis
1968 4616 2117 4699 spiritus:

109 4703 241 4782 auitas,
262 4704 401 4786 puderet
421 4705 509 4788 ipsos
536 4713 605 4770 tam
631 4706 749 4771 massis
775 4703 909 4770 obiectis
931 4724 1089 4790 pugnare,
1141 4704 1198 4769 sed
1227 4725 1292 4787 qua
1318 4705 1461 4787 oportuit
1495 4704 1657 4786 apostolos
1690 4705 1873 4768 iniunctum
1903 4699 1965 4767 sibi
1997 4723 2119 4769 munus

108 4792 177 4856 imo
207 4790 335 4854 effutire
363 4788 495 4874 putidas
522 4812 630 4876 nugas
658 4789 851 4856 refutatione
879 4811 1012 4873 prorsus
1036 4790 1087 4853 in·
1141 4789 1303 4873 amplecti,
1320 4810 1438 4873 nempe
1456 4798 1493 4854 ut
1510 4809 1629 4855 novam
1646 4787 1808 4873 evangelii
1826 4786 2017 4866 doctrinam,
2036 4808 2119 4870 quae

108 4876 237 4960 dignas.
282 4874 391 4961 Negat
406 4875 499 4941 Deus
520 4877 716 4943 immensam
737 4875 875 4960 gloriam
902 4897 982 4942 suae
1004 4875 1088 4940 divi·
1139 4875 1286 4941 nondum
1314 4874 1444 4959 publico
1478 4895 1637 4942 consensu
1658 4883 1800 4957 ,recepta
1834 4879 1918 4950 erat,
1952 4873 2118 4941 miraculis

106 4959 226 5028 nitatis
246 4960 392 5027 humane
410 4982 509 5027 sensu
528 4982 623 5044 posse
643 4963 731 5046 capi:
759 4962 846 5045 quod
866 4962 937 5028 sinc
959 4969 1087 5028 contro·
1140 4963 1313 5027 sancirent.
1356 4959 1450 5026 Idem
1471 4981 1549 5026 vero
1571 4961 1691 5026 donum
1713 4976 1917 5040 nequaquam
1934 4958 2118 5042 promiscue

105 5045 221 5114 versia
240 5045 382 5114 latentur
402 5068 523 5113 omnes.
568 5048 658 5132 Ergo
669 5049 821 5115 notitiam
842 5051 893 5115 sui
904 5048 946 5114 ad
956 5055 1087 5130 captum
1139 5045 1182 5113 ed
1202 5067 1315 5112 omnes
1333 5048 1483 5130 pertinet
1528 5045 1634 5114 Sicuti
1655 5046 1744 5111 enim
1766 5043 1929 5111 satisfuit
1949 5044 1985 5107 in
2005 5055 2118 5112 monte

105 5131 164 5200 vel
186 5151 373 5198 mensuram
391 5133 519 5216 piorum
536 5141 740 5216 attemperat,
756 5141 795 5199 ut
811 5136 919 5217 ipsum
937 5133 1085 5200 videant:
1139 5130 1234 5199 Sinai
1257 5133 1361 5217 signis
1383 5141 1416 5199 et
1432 5131 1587 5220 prodigiis
1605 5130 1705 5198 semel
1717 5129 1903 5195 confimari
1920 5128 2027 5213 legem
2039 5128 2117 5200 dum
