4748 5798
209 227 282 302 rea
731 326 733 329 ι
898 224 963 293 nn
985 224 1114 292 anna
1135 205 1529 292 ruentemrrroua
2148 210 2221 286 ree

210 421 357 494 varstan
383 404 523 486 'dirimat
558 404 634 500 quia
666 414 743 480 lndc
774 400 957 499 perspicere
994 412 1088 479 facile
1125 411 1189 478 erit
1239 411 1389 490 voluerit,
1402 404 2211 496 'saepiuspropriainquietu‘dinefuisseexcussum.

210 496 326 594 quales
348 527 390 572 ex
411 505 560 571 labrusca
581 500 728 585 staphyli
750 504 934 565 nascantur.
948 499 972 584 ¹)
1240 496 1296 564 Sic
1308 496 1486 576 Gesslaria
1498 496 1685 575 Rostochio,
1697 493 1931 579 'Heidelberga
1948 494 2071 561 Brema
2088 492 2211 575 pulsus,

298 593 406 657 Venio
433 608 521 656 nune
549 586 590 653 ad
619 585 771 665 Gallum,
798 585 852 652 vel
878 583 1104 665 Bubonem,²)
1132 584 1189 667 qui
1239 581 1503 668 Magdcburgum
1535 602 1641 665 nuper
1669 582 1837 648 concessit
1886 583 1936 648 Ae
1962 580 2052 646 laudi
2079 579 2212 664 quidem

210 699 266 744 me
285 678 427 743 infausto
446 696 505 742 sno
524 682 630 738 rostro
653 678 874 755 corruptorem
905 669 1100 770 pronunciat
1117 671 1187 734 Au·
1239 667 1346 756 danda
1367 677 1475 734 essent
1500 668 1624 745 exsilia,
1645 668 1673 732 si
1694 687 1754 752 pro
1776 668 1941 734 constanti
1965 666 2113 732 veritatis
2134 685 2212 730 eon·

212 770 373 848 gustanae
405 759 629 837 confessionis,
663 758 739 841 quia
766 778 883 842 negem
910 778 944 820 m
972 775 1065 821 sacra
1091 773 1190 819 coena
1239 755 1378 820 fossione
1405 754 1512 820 solnm
1538 761 1665 821 vertere
1692 754 1823 837 saepius
1856 762 1987 819 coactus
2019 760 2120 817 esset:
2155 751 2213 818 sed

212 850 284 915 fleri
305 870 367 914 nos
396 846 571 930 participes
596 843 798 910 substantiae
825 843 933 908 carnis
955 850 989 907 et
1015 840 1187 925 sanguinis
1239 860 1340 922 quum
1360 840 1458 906 homo
1474 839 1664 924 inexplebili
1688 840 1864 905 ambitione
1880 838 2008 922 plenus,
2031 839 2212 904 eontentio·

212 934 347 1002 Christi
383 933 486 1016 Atqui
507 931 580 1014 plus
602 929 724 994 centies
744 929 885 994 occurrit
901 924 1079 1010 inscriptis
1096 926 1187 1002 meis,
1238 925 1335 992 nibus
1356 933 1390 993 ct
1410 927 1493 992 rixis
1520 924 1658 1005 deditus,
1680 926 1816 991 immani
1842 946 1920 991 vcro
1946 923 2065 990 ferocia
2091 924 2212 1007 ubique

213 1019 293 1086 adeo
314 1041 368 1084 me
388 1039 457 1083 non
478 1016 611 1082 relicere
622 1014 824 1081 substantiae
836 1034 965 1091 nomen,
988 1022 1025 1077 ut
1045 1013 1187 1096 ingenue
1238 1011 1337 1077 inerit
1368 1009 1595 1092 intolerabilis,
1628 1032 1694 1078 non
1726 1020 1776 1078 est
1803 1032 1862 1078 eur
1888 1020 2043 1096 queratur
2071 1010 2212 1075 aliorum

212 1113 248 1172 et
267 1105 406 1170 libenter
425 1104 581 1188 profitear
602 1099 806 1182 spiritualem
824 1096 1187 1182 vitamincomprchen·
1238 1097 1361 1163 iniuria
1392 1119 1426 1164 se
1459 1098 1559 1163 firisse
1590 1105 1762 1176 vexatum,
1794 1099 1848 1181 qni
1876 1117 1936 1163 sua
1963 1095 2212 1180 importunitate

212 1190 300 1258 sibili
321 1190 457 1274 spiritus
478 1189 601 1254 virtute
621 1207 663 1252 er
685 1186 792 1251 carnis
804 1184 929 1250 Christi
949 1181 1130 1249 substantia
1150 1183 1187 1247 in
1239 1182 1405 1250 molestias
1427 1182 1552 1248 homini
1574 1183 1712 1250 delicato
1734 1202 1852 1268 moves
1879 1181 2037 1248 exhibuit.
2082 1180 2213 1247 Interea

212 1296 273 1342 nos
296 1274 444 1341 diffundi.
487 1273 617 1355 Ubique
639 1272 737 1337 ctiam
761 1270 906 1350 admitto,
930 1268 1188 1335 substantialiter
1238 1273 1311 1348 [pag.
1338 1273 1390 1349 13]
1424 1277 1535 1334 tamen
1565 1268 1700 1353 provide
1732 1269 1795 1335 sibi
1827 1270 1928 1346 cavit,
1961 1289 2003 1333 ne
2036 1266 2212 1333 damnosae

212 1383 273 1427 nos
295 1362 383 1444 pasci
406 1359 531 1426 Christi
553 1379 651 1424 carne
673 1364 707 1422 et
727 1357 900 1439 sanguine:
928 1354 1023 1420 modo
1049 1355 1188 1420 famssat
1238 1359 1348 1420 essent
1368 1354 1588 1439 migrationes.
1612 1354 1819 1437 Quinetiam
1837 1354 2094 1436 divitiaeipsum
2106 1355 2211 1438 magis

212 1466 358 1514 erassum
386 1443 426 1510 de
456 1443 552 1510 locali
582 1442 797 1527 permixtione
822 1448 1053 1509 commentum.
1098 1438 1186 1521 Quid
1239 1441 1421 1506 animosum
1448 1439 1598 1507 reddunt.
1647 1442 1767 1506 Postea
1795 1449 1920 1507 vasam
1948 1440 2133 1506 barbariem
2156 1439 2212 1504 de·

212 1531 335 1616 igitur?
384 1533 441 1596 An
475 1530 553 1613 quia
585 1528 707 1612 gallo⁸)
741 1528 873 1594 cristam
905 1526 942 1590 in
974 1546 1027 1596 me
1060 1526 1186 1610 erigere
1237 1525 1354 1611 plorat,
1383 1548 1466 1610 quae
1499 1524 1629 1593 videtur
1660 1526 1856 1609 impendere.
1901 1525 2005 1608 Quasi
2033 1547 2114 1591 vero
2142 1525 2212 1591 ulla

212 1616 323 1696 libuit,
353 1623 477 1682 terrore
505 1617 662 1679 attonitae
689 1620 787 1679 erunt
813 1613 959 1678 omnium
984 1618 1121 1689 mentes,
1150 1619 1187 1676 ιιι
1238 1613 1342 1678 maior
1362 1621 1420 1678 aut
1441 1612 1665 1694 truculentior,
1687 1635 1785 1697 quam
1803 1612 1871 1679 eius
1883 1624 1915 1678 et
1926 1611 2083 1679 similium
2104 1621 2211 1676 metu·

212 1703 296 1769 nihil
316 1700 485 1767 iudicent?
519 1701 591 1783 Ego
612 1720 692 1765 vero
713 1720 753 1764 ne
775 1697 837 1763 sim
858 1696 1024 1776 ridiculus,
1047 1718 1067 1762 a
1089 1696 1187 1782 longa
1238 1697 1324 1765 enda
1350 1698 1402 1764 sit.
1452 1697 1503 1763 Ne
1530 1698 1659 1787 longius
1691 1707 1822 1784 petatur
1853 1697 2015 1782 probatio,
2044 1696 2212 1780 paulisper

211 1789 405 1854 refutatione
437 1788 506 1853 eius
540 1786 652 1869 scripti
679 1782 891 1868 supersedeo,
923 1782 1009 1866 quod
1038 1790 1186 1863 autorem
1239 1783 1426 1867 expendant
1450 1784 1588 1850 lectores
1615 1807 1714 1871 quam
1741 1784 1895 1851 atrociter
1926 1783 2118 1867 Philippum
2141 1783 2213 1850 Me·

212 1895 309 1940 snum
331 1894 397 1939 non
417 1873 526 1938 minus
548 1871 709 1937 insulsum
730 1890 802 1935 esse
824 1868 931 1953 prodit
947 1890 1046 1953 quem
1069 1868 1188 1933 stolida
1237 1868 1472 1936 lanehthonem
1496 1891 1593 1935 suum
1619 1880 1872 1956 praeceptorem,
1899 1870 1992 1936 cuius
2020 1870 2213 1935 memoriam

212 1958 348 2026 audacia
368 1958 502 2024 ebrium.
547 1956 646 2023 Oerte
662 1975 729 2021 non
749 1956 940 2021 fuissetunc
962 1955 1081 2020 mentis
1098 1974 1186 2020 com·
1238 1966 1350 2022 sancte
1371 1957 1515 2022 revereri
1525 1955 1691 2037 debuerat,
1714 1956 2033 2041 sugilletaclaceret.
2057 1953 2214 2021 Abstinet

211 2051 359 2128 potema
381 2051 451 2110 erte
469 2043 623 2109 clamitat.
1238 2041 1370 2125 quidem
1398 2064 1418 2108 a
1442 2043 1588 2108 nomine:
1624 2043 1682 2110 scd
1710 2062 1792 2126 quos
1824 2041 1978 2127 intelligit
1992 2039 2018 2122 ¹)
2044 2038 2213 2121 doetrinae

284 2066 380 2211 Quid
385 2150 460 2195 vero
472 2124 964 2195 TilcmanoHeshnsiofaciam?
979 2126 1034 2209 qui
1046 2125 1186 2208 superba
1238 2129 1367 2194 nost'ree
1389 2128 1572 2212 suffragari,
1592 2130 1649 2213 qui
1671 2128 1819 2194 doctrina
1840 2134 1873 2193 et
1890 2126 2066 2193 autoritate
2087 2125 2214 2193 clarent

214 2222 247 2282 et
269 2235 388 2282 sonora
408 2215 581 2280 verborum
600 2213 693 2296 copia
707 2211 879 2296 magnifiee
895 2212 1084 2290 instructus,
1105 2213 1186 2277 flatu
1237 2215 1272 2278 in
1295 2213 1437 2291 ecelesia,
1460 2221 1494 2279 et
1515 2215 1570 2298 qui
1594 2216 1714 2280 summi
1732 2219 1812 2280 sunt
1826 2211 1991 2298 theologi?
2014 2211 2212 2296 Quanquam

212 2321 272 2367 suo
294 2306 492 2383 prostratum
513 2300 553 2363 iri
575 2297 709 2363 confidit
730 2295 887 2380 quidquid
908 2297 1067 2380 impetum
1090 2317 1186 2362 suum
1238 2321 1280 2364 ne
1306 2300 1500 2365 coniecturis
1527 2299 1690 2384 agendum
1717 2301 1773 2380 sit,
1802 2299 1966 2383 probrosis
1992 2296 2108 2382 elogiis
2132 2297 2212 2363 Phi·

211 2383 368 2452 morabur.
395 2383 631 2463 Dicuntetiam
645 2382 722 2448 boni
735 2382 927 2465 viriquibus
944 2383 1077 2466 propius
1090 2390 1186 2448 notus
1238 2384 1363 2469 lippum
1390 2385 1438 2451 ita
1463 2384 1565 2471 digito
1593 2394 1769 2465 monstrat,
1796 2394 1835 2450 nt
1861 2385 1967 2451 videri
1999 2384 2104 2468 possit
2138 2383 2214 2449 data

212 2479 272 2550 est,
294 2471 358 2536 alia
378 2468 497 2536 fidncia
519 2489 589 2535 esse
610 2469 776 2534 inflatum:
800 2466 886 2550 quod
903 2467 1042 2554 gloriam
1062 2466 1122 2534 sibi
1144 2488 1185 2533 ex
1238 2491 1336 2554 opera
1356 2470 1528 2547 materiam
1555 2475 1625 2539 eius
1651 2469 1842 2538 traducendi
1869 2472 1904 2536 in
1932 2468 2104 2537 scribendo
2130 2469 2213 2535 libro

211 2555 441 2719 {iiiiii
461 2553 1186 2723 liiidimdiiiiiiioediffiditis
1238 2560 1507 2726 amque,
1523 2556 2213 2710 trutinabantur

214 2748 290 2793 eum
323 2726 410 2810 rapit
441 2732 578 2790 naturae
608 2724 824 2808 intemperies,
852 2725 905 2790 vel
932 2725 1019 2807 quod
1041 2724 1187 2792 videtin
1237 2664 1345 2794 tphndo.
1399 2665 1523 2812 Nequeq
1545 2666 1797 2796 enimpedubitat
1829 2750 1904 2794 eum
1937 2664 2085 2793 fallhleiae
2118 2749 2212 2793 reum

211 2811 381 2883 moderata
401 2809 537 2876 docendi
554 2809 819 2875 rationenullum
841 2809 903 2876 sibi
922 2810 1028 2880 laudis
1046 2810 1186 2895 gradum
1238 2814 1352 2893 iacere,
1374 2813 1459 2897 quod
1477 2813 1785 2901 ambiguisvocibus
1805 2814 1907 2895 ludat,
1928 2822 1966 2879 ut
1978 2806 2065 2899 parti
2083 2816 2212 2898 utrique

212 2897 363 2981 relinqui,
386 2917 486 2980 quum
509 2901 620 2961 tamen
644 2895 818 2961 ambitione
844 2903 931 2962 totns
961 2894 1002 2960 ed
1024 2895 1186 2962 insaniam
1237 2902 1453 2984 gratificetur,
1483 2908 1516 2967 et
1543 2901 1788 2968 Theramenicis
1821 2901 1946 2967 artibus
1960 2901 1988 2982 ²)
2019 2919 2212 2985 componere

211 3003 314 3066 usque
346 2983 470 3065 flagret.
521 2980 618 3046 Certe
637 2981 703 3079 'in‘
719 3000 778 3079 suo
806 2980 921 3076 libello¹
942 2981 1124 3048 turbulenti
1151 3001 1187 3047 se
1238 2986 1408 3056 dissidium
1429 2988 1492 3054 hoc
1513 2995 1626 3054 tentet
1649 2987 1794 3053 Gravius
1815 2985 1901 3070 quod
1920 2995 2033 3070 postea
2054 2988 2211 3071 sequitur,

211 3069 337 3151 ingenii
347 3065 723 3150 hominem,praeciprtrs
736 3073 835 3130 etrum
846 3065 1000 3134 audaciae
1011 3076 1044 3132 et
1054 3067 1186 3132 temeri·
1237 3072 1511 3155 perniciosissimo
1533 3074 1669 3138 erimine
1691 3094 1726 3138 se
1749 3071 1935 3138 foedissimo
1963 3074 2212 3151 contaminasse,
2305 3125 2339 3142 ,

211 3155 289 3220 tatis
321 3173 393 3220 esse
430 3150 548 3238 p'rodit.
581 3151 653 3216 'Ex
691 3151 889 3235 praefatione
921 3173 1025 3235 panca
1057 3159 1185 3218 tantum
1237 3166 1275 3223 nt
1295 3160 1453 3225 confessio
1474 3159 1561 3239 fidei,
1583 3179 1666 3243 quae
1687 3159 1797 3224 lucere
1818 3159 1854 3223 in
1871 3157 2006 3224 ecelesia
2027 3156 2134 3238 debet,
2157 3181 2212 3224 ex·
2287 3193 2355 3207 -

212 3241 382 3324 attingam,
405 3259 488 3322 qnae
510 3242 644 3322 gustum
669 3235 842 3301 lectoribus
865 3237 1048 3321 praebeant.
1092 3237 1185 3304 Idem
1237 3244 1469 3329 stingueretnr.
1511 3245 1566 3311 En
1587 3244 1642 3328 pia
1664 3244 1812 3329 discipuli
1840 3243 2004 3328 gratitudo
2026 3265 2095 3309 non
2117 3243 2213 3310 modo
2271 3266 2366 3303 ο

210 3347 345 3410 prorsus
363 3325 441 3390 facit
461 3322 546 3408 quod
557 3320 673 3389 Cicero
684 3322 813 3404 ineptos
824 3322 876 3386 sui
890 3321 1185 3406 temporisrabulas
1237 3349 1317 3414 erga
1349 3352 1425 3398 eum
1453 3352 1495 3398 ex
1523 3352 1586 3415 qno
1614 3330 1726 3396 didicit
1753 3328 1884 3414 siquid
1911 3329 2024 3410 habet,
2054 3328 2114 3395 sed
2136 3351 2213 3416 erga

211 3411 325 3478 fecisse
346 3415 469 3488 narrat,
491 3417 531 3474 nt
549 3405 713 3492 plausibili
735 3406 843 3501 aliquo
864 3407 1007 3485 exordio,
1035 3407 1186 3492 qnodex
1237 3414 1404 3482 hominem
1425 3424 1493 3483 tam
1523 3416 1689 3501 praeclare
1717 3415 1758 3482 de
1785 3423 1854 3482 tota
1876 3414 2013 3482 eeclesia
2040 3415 2212 3482 meritum!
2256 3409 2368 3476 2

214 3497 318 3563 veteri
339 3497 448 3580 aliqua
465 3495 611 3560 oratione
627 3492 728 3558 iurati
745 3499 847 3572 erant,
870 3501 1186 3580 coronaeexspeeta·
1237 3501 1323 3567 Mihi
1348 3524 1446 3587 porro
1474 3524 1572 3587 quam
1606 3523 1684 3568 vere
1712 3502 1842 3569 obiioiat
1869 3501 1952 3568 meis
1977 3502 2119 3586 argutiis
2140 3524 2213 3587 per.

212 3583 336 3648 tionem
355 3589 534 3648 moverent.
578 3580 633 3644 Ita
653 3578 759 3644 bonus
779 3577 832 3644 hie
853 3579 1002 3663 scriptor,
1024 3581 1186 3664 occupatis
1237 3587 1367 3671 plexum
1393 3587 1487 3656 reddi
1514 3589 1600 3654 hanc
1629 3588 1894 3671 disputationem,
1922 3609 1965 3653 ex
1995 3588 2069 3671 ipsa
2097 3608 2214 3654 causae
2261 3606 2360 3637 «τ’

211 3666 372 3733 lectorum
394 3667 521 3746 animis,
546 3664 670 3748 &1158st
689 3684 730 3729 ⁰¹
752 3664 909 3748 1118811110
934 3683 996 3728 ⁸110
1018 3663 1185 3732 Melanch·
1237 3673 1364 3740 actione
1384 3675 1503 3740 melius
1513 3673 1644 3759 patebit
1668 3673 1867 3756 Epicureum
1878 3694 1958 3741 vero
1969 3671 2089 3758 dogma
2098 3695 2181 3741 voca
2204 3704 2216 3729 .„
2245 3689 2371 3722 ’ῤ’

216 3750 317 3819 thone
344 3759 438 3836 aptas
467 3760 500 3818 et
526 3751 704 3819 concinnes
729 3749 924 3828 sententias,
952 3748 1068 3832 quibus
1083 3769 1132 3844 ¹se
1152 3751 1188 3814 in
1237 3779 1300 3842 quo
1328 3780 1439 3826 caerae
1467 3780 1587 3826 coenae
1614 3758 1808 3844 mysterium
1834 3781 1900 3824 non
1927 3758 2037 3826 minus
2061 3760 2212 3847 religa„
2229 3774 2371 3810 ,τε

213 3837 354 3922 gratiam
374 3838 531 3917 insinuet,
552 3836 606 3903 vel
629 3834 752 3919 aliquid
772 3833 951 3909 maiestatis
967 3836 1126 3924 acquirat:
1150 3857 1187 3902 ae
1238 3865 1335 3928 quam
1368 3846 1491 3912 utiliter
1530 3845 1747 3928 explicamus,
1786 3843 1864 3928 quid
1903 3842 1990 3910 aliud
2029 3853 2082 3912 est
2114 3870 2152 3933 q·
2169 3878 2173 3905 ς
2191 3878 2207 3904 ..
2267 3860 2339 3892 .-

215 3923 247 3988 si·
265 3921 319 3988 vel
344 3943 525 4006 purpuram
553 3921 704 3988 indueret
729 3921 838 4000 simia,
866 3919 921 3985 vel
947 3920 1059 3986 asinus
1084 3919 1188 3985 leonis
1239 3929 1396 3998 obseoena
1426 3930 1642 3999 maledicendi
1673 3930 1806 3997 licentia
1837 3950 1911 3996 cum
1945 3932 2150 4015 ganconibus
2183 3919 2373 4000 effi*

215 4006 301 4092 pelle
323 4027 357 4072 se
379 4007 553 4093 obtegeret.
597 4008 818 4075 concionatur
845 4004 885 4072 de
911 4005 1099 4091 ingentibus
1119 4005 1189 4072 suia
1239 4014 1411 4085 lenonibus
1427 4015 1576 4085 certare?
1597 4017 1628 4082 Ε
1651 4015 1991 4099 ieuriemumquaerat
2005 4016 2077 4100 ipse
2093 4011 2134 4085 in
2149 4019 2371 4089 suiff

256 4092 378 4193 riculis,
399 4095 455 4176 qui
472 4112 600 4193 semper
619 4113 685 4158 non
703 4092 950 4194 minussecure,
972 4111 1070 4174 quam
1090 4091 1188 4169 laute,
1240 4105 1393 4171 moribus,
1445 4107 1519 4184 [pag.
1538 4107 1590 4184 14]
1620 4039 1719 4168 801oe
1752 4109 1786 4167 et
1816 4100 1987 4186 frugium
2019 4114 2151 4188 noim,
2185 4119 2275 4175 e.-
2288 4135 2297 4140 .
2310 4093 2369 4149 1

238 4178 445 4244 1111111111θὸ
466 4177 988 4277 (1011111Ρῐῦθᾶ1011111111111111011,
1006 4197 1188 4277 1611111911,
1241 4187 1362 4255 assidui
1406 4211 1442 4255 ro
1459 4188 1594 4262 eeclesia
1603 4187 1738 4266 labores,
1760 4193 1794 4253 et
1803 4187 1839 4251 in
1853 4183 2008 4271 periculis
2018 4197 2363 4260 constantina-r

215 4264 373 4348 quicum
404 4263 515 4364 1111ξο1
547 4263 718 4365 1111111301
752 4263 871 4330 11111111
903 4262 990 4327 (101111
1021 4271 1189 4363 16Ρ9811118,
1241 4281 1282 4339 et·
1302 4212 1458 4342 seduditas
1484 4274 1520 4340 in
1547 4273 1694 4341 obeundo
1721 4293 1866 4353 munere,
1893 4282 1927 4339 ct
1952 4274 2159 4345 indefessum
2183 4279 2358 4346 ira-⁶

216 4370 356 4450 semper
377 4349 495 4432 amplis
528 4350 698 4448 stipendus
739 4369 815 4449 suas
850 4368 966 4434 operas
997 4347 1189 4449 vendiderit,
1240 4361 1446 4446 propagando
1467 4355 1600 4445 christi
1614 4380 1717 4446 regno
1738 4355 1893 4439 studium,
1916 4365 1950 4425 et
1976 4361 2012 4429 in
2038 4365 2352 4431 asserenda

216 4455 327 4535 ⁰m¹¹¹.·²
358 4441 469 4499 tumen
502 4434 590 4533 ⁸9¹1¹⁸
621 4442 812 4521 lngurss'lissh
822 4436 852 4519 ⁴)
902 4433 1029 4535 V⁰PJ¹m
1058 4432 1190 4519 andem
1241 4445 1372 4530 pietatis
1393 4446 1539 4514 doctrina
1557 4445 1737 4532 integritas,
1759 4444 1997 4528 senadenique
2016 4445 2054 4511 in
2075 4450 2344 4516 medion-

215 4528 281 4601 611,
307 4541 410 4604 quum
435 4519 551 4586 11111111
585 4519 665 4587 10115
697 4520 912 4607 tranquillum
944 4520 1059 4585 mdllm
1089 4521 1190 4605 figere
1241 4532 1329 4597 tione
1348 4533 1434 4599 vitae
1455 4533 1600 4600 coelestis
1622 4532 1810 4599 exercitatio
1821 4529 1994 4598 testabitur
2014 4553 2076 4600 nos
2098 4557 2120 4601 a
2141 4553 2334 4621 pro-

1140 4641 1142 4645 ·
1241 4618 1317 4683 lano
1337 4618 1403 4684 Dei
1422 4627 1607 4703 contemptu
1628 4617 1818 4702 longissime
1831 4616 1958 4684 abesse:
1981 4618 2076 4684 ouius
2086 4614 2321 4686 utine-:m

353 4708 411 4764 ucls
428 4708 529 4789 nigreto
546 4706 668 4788 narrent
684 4706 762 4764 d’une
779 4710 858 4779 vigne
871 4709 894 4764 si
908 4723 1036 4777 servare·
1242 4704 1296 4771 hic
1317 4703 1474 4791 Thrasul)
1495 4726 1564 4771 non
1585 4704 1646 4771 sibi
1667 4710 1754 4771 esset
1770 4703 1926 4771 conscios
1948 4700 2017 4770 Sed
2029 4704 2311 4774 denomino

285 4774 366 4911 ἕξεί
380 4791 493 4900 mque
508 4781 673 4899 qqrnoeuaut
699 4791 735 4831 au
753 4777 812 4848 (loq
834 4793 869 4833 oo
890 4776 1010 4847 plustost
1029 4773 1190 4833 obothum.
1240 4788 1336 4874 plum
1356 4805 1453 4875 quam
1473 4799 1661 4858 statueram·

263 4912 358 4995 .*l.¹¹
374 4922 430 4967 met
447 4927 480 4967 en
498 4861 581 4968 evade
598 4927 643 4994 ses
661 4913 793 4967 courtier
809 4911 915 4994 infinies
937 4911 983 4982 luy
1001 4913 1054 4981 qni,
1078 4926 1191 4994 encoreno
1403 4980 1410 4995 ·
1589 4980 1595 4993 .

236 4980 282 5037 u’rl
308 4989 346 5036 att
373 4996 418 5037 scs
441 4980 544 5050 borges
566 4981 671 5052 plener
697 4996 731 5035 en
754 4995 787 5035 aa
807 4996 919 5051 muron,
941 4995 1012 5050 pour
1034 4978 1094 5036 celo
1116 4979 1191 5036 n’a‘·rl
1311 4980 1341 5046 1)
1359 4995 1426 5035 maru
1461 4994 1494 5036 ne
1512 4980 1608 5034 rent-il
1624 4991 1677 5049 que
1693 4975 1749 5033 l’on
1766 4977 1881 5033 enunde
1897 4991 1949 5048 per
1965 4992 2035 5034 ceux
2052 4982 2099 5036 de.

285 5048 301 5103 t
317 5048 353 5104 tc
368 5047 467 5105 eandm
484 5051 621 5106 musicum
643 5065 679 5105 au
701 5047 800 5105 double
817 5063 850 5105 aa
866 5048 1011 5118 besongne,
1027 5049 1104 5105 voire
1121 5064 1192 5120 pour
1309 5045 1340 5115 2)
1358 5063 1425 5103 arec
1442 4996 1490 5130 des
1507 5046 1635 5131 weride
1651 5061 1833 5118 passe-passe.

218 5117 349 5184 engonler
364 5124 426 5174 tout
442 5117 500 5174 cela
516 5118 563 5187 luy
580 5117 646 5176 seul
1309 5117 1340 5186 8)
1357 5131 1390 5174 ee
1406 5123 1514 5173 mutue
1530 5130 1661 5173 cmsmur.
