4748 5798
133 4684 140 4785 q

144 4827 153 4941 l

152 4945 160 5050 l

984 113 1242 181 VALEN'I'INI
1263 113 1494 185 emme.
2164 126 2234 191 370³

320 302 469 386 Longius
490 299 687 384 progrediar.
719 301 756 367 Si
775 301 953 367 Valentino
964 299 1116 379 ereditur,
1138 301 1206 383 epi·
1257 303 1323 368 imo
1344 304 1502 371 identitas
1522 308 1683 374 essentiae
1700 318 1733 372 et
1744 309 1964 393 generationis
1974 310 2073 395 origo.
2110 298 2228 377 Plebis-

237 387 352 452 thaton
365 385 822 470 areatorisinsolumpatrem
835 388 997 471 nompetit.
1023 385 1109 451 Nam
1121 387 1207 451 inter
1258 389 1367 456 buoeis
1400 389 1532 457 detonat
1564 393 1763 459 Valentinus
1799 395 2012 460 eminentiam
2050 397 2153 479 patris
2191 407 2226 462 θῖ

234 473 300 538 alia
320 480 404 555 quae
418 474 509 537 Deus
529 473 726 554 pronunciat
747 471 834 556 apud
844 472 983 538 Iesaiam
1002 473 1063 538 eibi
1074 472 1207 555 propria
1258 477 1473 553 autoritatem,
1507 479 1583 560 quia
1614 480 1755 545 alterum
1780 481 1841 546 sibi
1871 482 1978 546 Deum
2009 479 2223 564 adoptaverit

233 579 316 634 esse,
339 559 478 623 subinde
499 558 673 641 repetitur:
696 559 768 643 ligo
790 579 863 624 sum
885 559 978 625 euius
999 560 1205 623 mannsfun·
1257 559 1346 640 Quid
1368 582 1446 646 ergo
1468 563 1529 628 sibi
1550 563 1624 628 vult
1633 564 1714 631 illud
1726 565 1823 632 Pauli
1845 566 1945 642 (Phil.
1970 570 1998 645 2,
2012 568 2060 649 6):
2084 567 2224 633 Nonra-

237 644 327 709 davit
348 656 472 709 terram
493 654 526 708 et
547 644 703 726 expandit
724 643 839 709 ooolos.
885 642 983 710 Solus
1005 664 1083 727 ergo
1100 652 1203 725 pater,
1256 647 1367 728 pinam
1379 648 1556 714 arbitratus
1576 659 1670 728 esset,
1693 651 1765 716 Deo
1776 651 1942 734 aequalem
1959 652 2052 718 esse?
2075 653 2226 736 Respon-

235 731 293 795 filii
314 737 348 794 θῖ
375 730 508 812 spiritus
537 730 739 804 essentiatur,
767 731 954 795 oensebitur
987 729 1094 811 opifex
1122 729 1202 793 ooeli
1257 729 1332 796 deat
1358 733 1565 813 Valentinus,
1594 735 1634 801 de
1655 744 1791 818 patrone
1817 737 1972 819 primario
2004 736 2085 813 Deo,
2114 759 2156 803 an
2184 737 2226 804 de

232 824 269 879 et
288 825 404 880 terrae.
448 815 580 880 Interea
602 814 771 880 Christum
792 836 862 881 esse
876 817 991 892 Deum,
1015 815 1115 880 verbo
1137 836 1204 878 non
1256 812 1398 885 seeundo
1428 830 1462 883 et
1490 823 1665 886 essentiato
1699 823 1759 887 hoe
1786 821 1902 887 debeat
1929 823 2089 907 intelligi?
2124 824 2224 889 Certe

235 909 343 985 negat.
389 901 485 966 Nune
514 900 721 966 attendamus
744 901 784 965 ad
819 903 919 967 verba
946 900 1119 965 Ieremias:
1147 900 1204 963 Dii
1257 902 1355 969 nimie
1387 905 1565 987 insipidum
1592 917 1691 984 esset,
1720 907 1888 973 Christum
1922 907 2028 974 dioore
2060 910 2131 974 iure
2162 928 2223 974 suo

235 990 289 1071 qui
307 1009 373 1053 non
391 988 539 1052 fenerant
556 986 683 1053 eoelum
702 995 734 1050 et
744 996 875 1063 terram,
894 985 1203 1070 pereantemundo.
1257 990 1355 1054 fuisse
1376 991 1548 1070 laetarum,
1571 993 1601 1058 si
1621 1012 1656 1058 εθ
1676 1013 1755 1075 prae
1776 1016 1812 1059 se
1832 993 1962 1058 tulisset
1972 994 2139 1077 aequalem
2150 995 2222 1060 sibi.

236 1076 289 1139 An
311 1073 379 1138 lilio
401 1074 463 1137 Dei
486 1072 655 1138 maledixit
688 1072 870 1155 propheta?
916 1073 1015 1155 Atqui
1044 1070 1115 1134 dira
1141 1071 1203 1135 im·
1256 1073 1325 1138 Nee
1346 1096 1425 1140 sane
1446 1075 1580 1141 dubium
1602 1088 1653 1144 est
1672 1078 2070 1160 quinreferatPeulusad
2083 1091 2220 1162 patrem,

258 1160 380 1224 reeatio
401 1158 554 1224 interitus
577 1158 618 1223 ad
640 1180 714 1223 enm
737 1161 887 1241 pertinet,
911 1157 975 1223 nisi
1000 1168 1125 1223 creator
1152 1159 1202 1222 sit.
1256 1158 1297 1223 de
1317 1181 1381 1243 quo
1403 1162 1503 1227 etiam
1519 1182 1598 1226 mox
1625 1164 1768 1229 sublinit:
1786 1164 1863 1229 Ideo
1880 1164 2041 1230 exaltavit
2057 1164 2221 1231 illumeta

269 1266 307 1310 oe
324 1265 391 1309 uno
407 1243 508 1310 verbo
526 1243 745 1310 discutiuntur
761 1265 874 1320 omnes
889 1242 1057 1308 Valentini
1068 1243 1205 1307 nebulae
1341 1247 1446 1311 Porro
1478 1268 1520 1311 ne
1552 1249 1663 1314 funum
1690 1250 1787 1313 faeiat
1813 1248 1867 1315 hio
1900 1249 2017 1315 nabulo
2052 1251 2220 1333 imperitis,

234 1336 307 1410 [pag.
331 1336 384 1411 13]
406 1329 446 1395 de
468 1331 566 1394 unius
587 1331 689 1413 patris
711 1332 859 1394 essentia.
904 1330 973 1396 Cur
990 1337 1204 1412 ergooreator
1256 1331 1409 1397 monendi
1431 1339 1503 1410 [pag.
1528 1338 1581 1413 16]
1603 1342 1682 1398 sunt
1701 1335 1848 1413 leetores,
1871 1335 1927 1401 ubi
1945 1335 2031 1400 filius
2041 1336 2104 1400 Dei
2127 1357 2221 1402 voea-

236 1415 353 1482 diaitur
374 1424 476 1499 pater,
500 1425 532 1479 ot
554 1415 614 1481 hoo
632 1415 728 1479 titulo
739 1436 886 1481 seorsum
898 1413 1055 1480 ornatur?
1077 1414 1203 1495 Nempe
1255 1425 1311 1481 tur
1332 1417 1494 1497 Christus,
1517 1440 1583 1483 non
1605 1427 1672 1483 tam
1693 1418 1734 1482 ad
1756 1420 1816 1485 filii
1841 1441 2023 1503 personam,
2051 1441 2132 1502 quae
2159 1422 2222 1486 fuit

235 1503 359 1567 ratione
381 1500 514 1578 ordinis,
538 1501 614 1566 dum
637 1501 810 1583 respicitur
832 1501 872 1566 ad
921 1519 1063 1565 ersonas.
1107 1498 1203 1563 Unde
1255 1511 1331 1566 ante
1352 1502 1466 1568 mundi
1488 1504 1695 1581 creationem,
1717 1527 1814 1588 quam
1837 1505 2023 1570 mediatoris
2044 1506 2106 1571 hoe
2130 1529 2220 1590 spea-

236 1589 333 1653 etiam
366 1597 477 1670 aperte
510 1588 715 1653 eonvinoitnr
749 1590 868 1652 erroris
934 1586 1112 1658 alentinus,
1146 1586 1202 1667 qui
1254 1595 1333 1653 tare.
1378 1589 1442 1655 Ubi
1464 1601 1573 1653 autem
1601 1590 1693 1655 nohis
1721 1591 1858 1655 offertur
1878 1590 2037 1656 mediator
2058 1591 2220 1672 Christus,

236 1694 302 1737 non
334 1685 429 1756 putat
460 1673 584 1737 salvam
619 1674 702 1756 patri
735 1674 804 1737 fore
837 1693 927 1737 suam
969 1672 1139 1746 deitatem,
1174 1672 1200 1734 si
1254 1675 1329 1756 quia
1351 1674 1476 1741 medius
1497 1695 1569 1740 esse
1591 1697 1657 1741 non
1678 1686 1795 1758 potest,
1822 1677 1884 1741 nisi
1907 1675 1979 1741 Deo
2008 1679 2051 1743 sit
2076 1677 2220 1758 inferior,

237 1757 390 1826 Christus
411 1758 556 1824 eiusdem
577 1758 972 1841 essentiaesitpartieeps.
1017 1757 1101 1821 Nam
1114 1767 1202 1822 nerte
1254 1761 1338 1842 patri
1370 1761 1499 1844 integra
1531 1760 1627 1826 datur
1660 1763 1789 1827 deitatis
1822 1762 1933 1846 gloria
1984 1761 2053 1828 Nea
2085 1765 2221 1829 mirum:

236 1865 300 1909 uno
333 1864 496 1910 eonsensu
524 1845 664 1909 fatemur
690 1844 860 1910 Christum
887 1843 1064 1926 improprie
1094 1845 1200 1908 voeari
1254 1845 1330 1928 quia
1357 1856 1473 1928 sponte
1501 1844 1543 1911 ad
1570 1868 1630 1912 nos
1659 1846 1835 1926 deseendit,
1863 1856 1900 1912 ut
1927 1869 2059 1912 sursum
2092 1868 2152 1914 nos
2180 1848 2222 1915 ad

236 1938 413 1995 oreatorem
437 1929 518 1995 eoeli
540 1940 572 1994 et
600 1938 715 2007 terrae,
750 1928 856 2013 quoad
880 1949 1038 2012 personae
1067 1928 1202 1993 distine·
1253 1932 1362 1997 Deum
1383 1933 1554 1996 attolleret
1598 1932 1671 1997 Iam
1704 1935 1799 1999 sieuti
1831 1954 1886 1998 eos
1915 1933 2136 2017 repudiamus,
2166 1936 2222 2017 qui

235 2017 365 2080 tionem.
414 2016 527 2098 Neque
558 2017 646 2080 enim
679 2015 814 2082 dubium
850 2025 901 2080 θεῖ
934 2015 1012 2097 quin
1042 2015 1203 2097 scriptura
1254 2018 1352 2082 nimis
1374 2017 1538 2082 subtiliter
1564 2019 1739 2100 rapiuntur
1767 2017 1808 2083 ad
1835 2018 2066 2101 speculandam
2095 2018 2222 2085 Christi

234 2102 320 2252 patri
342 2123 460 2166 nomen
483 2102 638 2167 ereatoris
649 2102 826 2166 vendicans
840 2121 997 2184 personas
1010 2100 1199 2183 distinguat.
1253 2102 1416 2179 deitatem,
1439 2104 1530 2167 utin
1547 2103 1735 2169 mediatoris
1751 2123 1890 2187 persona
1907 2105 2014 2168 Deum
2032 2105 2223 2188 simplieiter

261 2188 272 2251 i
302 2210 380 2252 vere
411 2197 536 2253 creator
568 2199 618 2252 est
645 2187 809 2264 Christus,
842 2209 947 2270 neque
979 2184 1013 2250 id
1046 2206 1201 2268 personae
1252 2196 1427 2270 quaerant:
1450 2190 1497 2253 ita
1518 2190 1633 2254 merito
1655 2188 1898 2255 abhorremusa
1913 2189 2084 2254 Valentini
2095 2189 2220 2271 delirio,

234 2283 397 2355 respectu:
420 2274 566 2357 sequitur
587 2275 768 2338 necessario
790 2274 903 2337 referri
927 2273 988 2336 hoe
1021 2271 1062 2337 ad
1090 2292 1200 2335 essen·
1253 2274 1330 2338 dum
1351 2273 1411 2338 filii
1434 2272 1495 2338 Dei
1519 2293 1637 2338 nomen
1657 2274 1764 2339 instar
1785 2276 1919 2340 umbrae
1940 2274 2087 2340 obtendit
2107 2276 2148 2340 ad
2168 2297 2221 2342 oo·

235 2359 323 2436 tiana
353 2379 520 2441 quaeum
546 2357 743 2424 Valentinus
765 2358 891 2442 spoliat.
941 2359 987 2422 Et
1009 2355 1107 2421 audet
1128 2357 1200 2422 obs·
1253 2358 1439 2425 euitandam
1467 2360 1538 2424 eius
1565 2358 1728 2424 deitatem.
1772 2360 1927 2427 Christus
1955 2359 2017 2424 Dei
2045 2359 2132 2427 filius
2159 2372 2219 2442 est,

234 2465 353 2510 ooenus
376 2445 467 2510 aunis
488 2444 561 2509 Arii
589 2453 622 2509 et
644 2444 842 2509 Mahometis
870 2465 928 2509 nos
955 2444 1061 2508 faeere
1088 2443 1199 2519 aonios,
1252 2454 1413 2527 quatenus
1433 2465 1541 2510 sermo
1562 2454 1613 2510 est
1632 2445 1698 2510 Dei
1719 2455 1796 2511 ante
1817 2445 1984 2512 saeeulaa
2015 2454 2109 2529 patre
2131 2448 2222 2532 geni·

234 2529 310 2612 quia
332 2528 501 2595 Christum
524 2529 740 2595 essentialiter
761 2528 871 2595 Deum
892 2528 1063 2596 eredimus.
1251 2540 1315 2608 tue,
1338 2531 1469 2596 tandem
1491 2530 1716 2596 manifestatus
1737 2532 1771 2595 in
1793 2552 1900 2597 earne.
1933 2530 1974 2596 In
1997 2552 2145 2598 sermone
2167 2553 2223 2599 ae-

318 2614 456 2680 Deridet
477 2616 574 2681 etiam
597 2624 827 2699 argumentum
855 2615 940 2699 quod
972 2635 1037 2679 non
1065 2614 1197 2680 refellit:
1253 2625 1345 2681 terno
1366 2623 1494 2681 tantum
1516 2615 1682 2682 distinetio
1704 2617 1884 2701 personalis
1902 2626 2045 2682 notetur:
2068 2617 2116 2683 ita
2137 2619 2221 2683 rela-

232 2701 328 2768 Unus
349 2709 399 2768 est
419 2701 520 2780 Deus,
542 2701 630 2767 lilius
652 2709 702 2766 est
718 2702 819 2781 Deus,
841 2710 875 2766 et
903 2701 1038 2784 spiritus
1069 2708 1201 2767 sanetus
1252 2703 1319 2767 tivo
1346 2703 1410 2767 Dei
1438 2702 1527 2766 filius
1555 2702 1628 2780 erit,
1655 2711 1688 2767 et
1717 2705 1787 2768 gine
1815 2702 1971 2768 relatione
1998 2704 2098 2768 simul
2119 2703 2220 2770 Deus.

234 2787 325 2852 Dens
347 2787 431 2852 sieut
452 2797 558 2870 pater:
582 2808 659 2870 ergo
679 2796 781 2869 pater,
804 2788 891 2852 filius
913 2798 946 2852 et
959 2787 1101 2870 spiritus
1122 2794 1200 2850 sunt
1251 2786 1425 2869 Quatenus
1448 2808 1526 2852 vero
1547 2788 1687 2853 formam
1710 2789 1797 2854 servi
1818 2789 1934 2866 induit,
1958 2788 2047 2854 filius
2074 2798 2125 2854 est
2145 2788 2220 2870 Dei,

234 2894 319 2938 nnue
341 2873 440 2938 Deus.
484 2871 672 2938 Notandum
697 2884 768 2937 erat
795 2873 913 2939 vitiuun
941 2875 974 2937 iu
1000 2872 1198 2957 syllogismo.
1251 2881 1289 2939 ut
1314 2876 1401 2958 patri
1427 2873 1564 2951 obediat,
1593 2882 1690 2957 atque
1717 2876 1762 2937 ita
1792 2894 1879 2940 nova
1904 2874 1948 2938 sit
1972 2875 2042 2938 eius
2070 2875 2221 2956 conditio,

233 2959 367 3023 Nullum
390 2964 464 3038 [pag.
490 2963 539 3037 14]
564 2958 793 3044 deprehendit:
822 2959 894 3024 vult
916 2966 1026 3022 tamen
1046 2959 1199 3025 vitiosum
1253 2964 1325 3039 [pag.
1352 2966 1403 3039 17]
1426 2970 1459 3025 et
1481 2981 1502 3024 a
1519 2959 1628 3042 priore
1650 2958 1786 3024 diversa

228 3063 312 3110 θεεθ.
357 3045 409 3109 En
432 3065 530 3127 quam
551 3046 715 3130 imperiosi
737 3045 805 3109 sint
825 3043 1005 3128 paedagogi
1026 3043 1063 3108 in
1084 3042 1197 3109 Italial
1337 3046 1529 3111 Henetiam
1552 3044 1647 3110 modo
1668 3044 1804 3109 diluitur
1825 3043 1981 3127 quidquid
2003 3066 2044 3109 ex
2066 3046 2220 3110 Tertulli·

234 3128 300 3195 Sed
333 3131 532 3195 eontrarium
568 3132 795 3216 syllogismum
828 3130 975 3214 opponit:
1024 3130 1119 3196 Unus
1150 3137 1201 3194 est
1252 3153 1315 3197 ano
1337 3153 1401 3196 non
1423 3133 1533 3195 minue
1554 3130 1653 3195 stulte
1676 3140 1709 3194 et
1729 3130 1851 3194 insulse
1868 3150 1964 3213 quam
1984 3129 2130 3212 improbe
2151 3132 2220 3196 Va-

233 3215 324 3280 Deus
345 3217 466 3299 absquo
487 3215 556 3281 ullo
578 3217 745 3300 prineipio,
775 3225 808 3280 et
837 3216 1061 3281 universitatis
1089 3223 1198 3280 autor:
1251 3217 1397 3282 lentinus
1430 3217 1559 3301 profert
1612 3215 1788 3281 Confessus
1821 3237 1895 3279 sum
1927 3215 1964 3279 in
1991 3217 2063 3279 aliis
2090 3217 2220 3299 seriptis

231 3301 320 3366 solus
342 3310 435 3383 pater
456 3303 614 3386 originem
637 3303 750 3378 neseit,
772 3310 807 3366 et
833 3303 874 3366 ab
900 3321 939 3366 eo
967 3311 1044 3365 sunt
1075 3301 1198 3366 omnia:
1251 3304 1342 3386 pium
1365 3302 1457 3367 illum
1481 3303 1590 3367 virum
1623 3321 1721 3384 saepe
1749 3301 1862 3365 durius
1890 3300 1986 3383 loqui.
2033 3301 2099 3366 Sed
2126 3301 2220 3385 quid-

231 3408 308 3470 ergo
330 3387 418 3452 solus
440 3397 533 3470 pater
554 3410 641 3454 unus
663 3398 713 3454 eet
732 3387 788 3452 ille
802 3389 901 3453 Deus.
947 3384 1050 3468 Quasi
1062 3386 1200 3452 rutilitas
1251 3387 1328 3472 quid
1350 3388 1391 3453 de
1412 3409 1551 3471 persona
1572 3385 1761 3453 mediatoris
1782 3386 1920 3459 disserit,
1943 3385 1984 3450 ad
2006 3384 2130 3451 Chr-isti
2153 3387 2221 3453 dei·

233 3473 464 3555 assumptionis
487 3473 585 3559 longa
612 3475 805 3540 refutatione
837 3472 990 3556 indigeat.
1035 3471 1138 3537 Ludit
1164 3474 1200 3536 in
1251 3483 1352 3539 tatem
1375 3483 1534 3556 torquere,
1557 3473 1648 3538 nulla
1669 3475 1752 3538 ratio
1763 3474 1894 3556 patitur.
1940 3473 2022 3537 Elius
2034 3473 2220 3539 testimonio

232 3579 309 3624 roae
336 3559 485 3643 originis:
520 3562 612 3626 euius
646 3560 724 3625 dum
757 3568 924 3642 expertem
956 3558 1034 3624 faoit
1062 3567 1198 3640 patrem,
1251 3561 1397 3627 abutitur
1417 3559 1626 3639 Valentinus,
1648 3567 1685 3623 ut
1706 3559 1820 3641 probet
1840 3556 1945 3622 filium
1966 3559 2030 3621 Dei
2056 3560 2221 3640 propriam

232 3644 372 3709 libenter
393 3646 567 3711 assentiar:
590 3646 667 3729 quia
688 3659 721 3711 et
741 3644 834 3710 Dens
856 3654 907 3710 θεῖ
927 3644 984 3726 qui
1004 3644 1199 3728 prineipium
1251 3647 1427 3712 essentiam
1448 3665 1515 3710 non
1536 3645 1666 3711 habere.
1690 3645 1791 3727 Atqui
1813 3647 2009 3708 sententiam
2031 3664 2126 3708 suam
2140 3645 2221 3710 'ler-

232 3729 346 3809 neseit,
368 3731 475 3812 quoad
498 3733 682 3806 essentiam,
705 3739 739 3795 et
761 3731 851 3815 origo
873 3742 924 3795 est
945 3751 983 3796 ao
1004 3730 1199 3813 prineipium
1251 3731 1409 3796 tullianus
1427 3730 1552 3797 Christi
1580 3730 1666 3796 dieta
1694 3733 1879 3794 oonfirmat:
1906 3729 2008 3792 Pater
2036 3729 2139 3794 maior
2168 3752 2221 3797 me

232 3816 299 3894 filii,
321 3816 427 3899 quoad
450 3815 597 3882 ordinem
625 3837 789 3900 personae.
834 3816 957 3880 Filium
985 3816 1095 3898 itaque
1122 3837 1198 3881 eon·
1251 3825 1302 3883 est
1323 3817 1451 3900 (Ioann.
1479 3820 1526 3894 14,
1549 3818 1623 3899 28):
1645 3815 1729 3898 quod
1752 3835 1847 3880 nemo
1865 3814 2066 3881 vereanndus
2088 3815 2222 3882 audebit

232 3902 386 3979 eedimus,
410 3902 568 3986 originem
595 3902 716 3968 hahere
747 3917 894 3986 epatre,
923 3913 1084 3983 quatenus
1112 3902 1199 3966 filius
1251 3902 1292 3967 da
1314 3903 1383 3968 sola
1404 3903 1525 3969 deitate
1547 3903 1699 3985 aenipere.
1743 3901 1816 3965 Hoe
1838 3921 1941 3964 unum
1970 3900 2116 3983 quisquis
2142 3922 2222 3984 prn-

232 3997 293 4051 est:
324 3988 484 4071 originem
513 4009 593 4052 vero
625 4010 690 4053 non
713 3989 1004 4070 temperiemque
1029 3987 1198 4064 essentiae,
1252 3987 1368 4054 denter
1389 3987 1582 4067 observabit,
1603 3987 1786 4065 mirabitur,
1816 3994 1850 4050 et
1875 3985 1975 4050 simul
2002 4007 2114 4052 seoure
2144 4008 2221 4052 oon·

231 4084 369 4156 quorum
401 4082 577 4158 utrumque
603 4073 870 4139 absurdissimum
902 4081 966 4149 est,
993 4070 1049 4137 sed
1077 4071 1200 4139 ordinis
1253 4082 1384 4153 temnet,
1412 4094 1556 4140 erassem
1584 4073 1754 4138 Valentini
1781 4071 2077 4136 halluoinationem.
2124 4070 2221 4152 Quod

233 4157 401 4223 duntaxat.
445 4157 502 4224 Sia
523 4160 633 4224 omnia
655 4158 808 4225 dieantur
829 4179 899 4224 esee
921 4179 942 4222 a
965 4167 1067 4241 patre,
1090 4168 1200 4240 quate·
1251 4161 1279 4225 si
1311 4159 1506 4224 Tertulliani
1538 4159 1713 4224 autoritate
1745 4156 1958 4240 pugnandum
1992 4165 2058 4235 est,
2091 4165 2221 4240 praeter

103 4291 110 4315 2.
233 4265 295 4310 nue
316 4244 381 4310 fert
402 4244 582 4326 personalis
611 4245 734 4310 relatio.
779 4243 864 4325 Quis
884 4243 970 4322 inde,
1000 4244 1063 4308 nisi
1090 4253 1140 4309 tsr
1166 4255 1200 4309 θῖ
1251 4246 1371 4310 multos
1391 4245 1541 4328 insignes
1560 4245 1656 4322 looos,
1679 4243 1795 4327 quihus
1817 4240 1949 4308 Servati
1967 4262 2110 4308 errorem
2132 4243 2219 4307 refu-

112 4411 113 4418 *
232 4340 347 4413 quater
369 4350 517 4407 vesanus,
540 4330 670 4416 eolliget
690 4341 818 4416 patrem
843 4330 947 4395 solum
975 4348 1046 4394 esse
1066 4328 1198 4394 Deum?
1251 4332 1328 4410 tavi,
1352 4330 1429 4414 quid
1451 4330 1513 4397 hoe
1535 4328 1596 4395 sibi
1619 4329 1703 4394 vult:
1731 4329 1842 4394 Alium
1865 4350 1885 4392 a
1905 4335 1996 4411 patre
2017 4326 2122 4393 filium
2144 4348 2219 4426 pro-

318 4415 537 4498 Praeoipuum
558 4437 636 4482 vero
657 4417 759 4482 telum
780 4415 950 4481 Valentini
972 4414 1013 4480 ad
1037 4436 1096 4480 nos
1123 4437 1200 4483 eon·
1250 4417 1345 4495 litari,
1366 4436 1523 4500 personae
1544 4435 1613 4480 non
1629 4414 1829 4480 substantiae
1846 4411 2218 4496 nomine,quiaub1qne

123 4531 130 4638 p
232 4501 403 4566 fodiendos
424 4501 486 4603 hoo
506 4510 572 4602 est:
594 4503 750 4587 Pugnare
770 4503 857 4601 inter
888 4523 932 4600 ee,
961 4522 1021 4567 neo
1048 4506 1121 4606 [pag.
1148 4508 1199 4581 lt]
1252 4512 1362 4568 teneat
1383 4523 1483 4602 unam
1511 4500 1727 4600 substantiam
1754 4501 1789 4598 in
1817 4489 1922 4599 tribus
1950 4498 2217 4598 obhaerentibus‘l

129 4639 133 4666 ,Ἰ
232 4607 328 4670 possa
350 4588 515 4653 eonoilran
537 4588 678 4653 eundem
700 4586 973 4663 esseDerfihum,
991 4596 1025 4651 et
1042 4585 1200 4650 attera:
1253 4594 1325 4667 [pag.
1349 4593 1401 4667 le]
1436 4586 1473 4653 er
1495 4596 1638 4670 exerprat
1657 4585 1827 4652 Valentem
1850 4585 1950 4663 larva,
1978 4603 2079 4648 unam
2109 4604 2217 4648 voean

232 4693 361 4756 nempe,
385 4673 414 4738 si
434 4673 521 4737 idem
543 4683 628 4739 esset
648 4695 788 4757 persona
807 4671 894 4757 quod
921 4674 1069 4738 essentia.
1114 4672 1201 4738 Nam
1251 4674 1478 4751 substantiam,
1500 4673 1578 4755 quia
1599 4673 1794 4738 essentiatus
1817 4671 1861 4735 sit
1881 4669 1969 4735 lilius
1990 4679 2123 4752 epatre,
2134 4668 2218 4734 nihil

141 4799 145 4835 f,
233 4761 260 4825 si
283 4759 374 4826 dieas
395 4757 504 4824 Deum
525 4760 561 4824 in
578 4781 638 4826 aua
659 4760 800 4826 essentia
821 4780 891 4830 esse
911 4758 975 4823 Dei
1004 4758 1116 4837 filium,
1144 4760 1201 4825 ah·
1250 4760 1405 4842 prolioiet,
1427 4756 1557 4842 quando
1579 4757 1699 4824 diserte
1720 4766 1820 4841 negat
1839 4755 2063 4821 Tertullianus
2086 4752 2218 4821 differre

232 4845 378 4911 surditas
398 4845 635 4929 repugnantiae
656 4845 830 4911 manifesta
851 4845 922 4910 erit.
973 4841 1011 4911 Si
1033 4852 1144 4909 autem
1164 4845 1201 4909 in
1251 4845 1357 4909 filium
1378 4864 1398 4907 a
1419 4853 1511 4927 patre
1540 4843 1731 4910 substantia.
1780 4842 1939 4908 Possetne
1967 4840 2112 4924 apertius
2142 4839 2217 4908 doo-

231 4932 374 4997 essentia
383 4930 448 4996 Dei
469 4932 612 5014 primum
632 4931 838 5014 loeumpatri
848 4931 1002 5015 assignes,
1022 4930 1201 4997 seeundum
1250 4930 1356 4994 trinae
1377 4942 1507 4996 nostrae
1528 4929 1713 5014 suffragari,
1736 4947 1833 5011 quam
1855 4925 2080 5003 substantiam,
2098 4923 2132 4989 id
2154 4934 2214 5007 est,

231 5016 315 5096 elio,
341 5027 430 5083 reete
457 5017 651 5083 eonvenient
683 5016 859 5099 aequalitas
890 5016 951 5082 lilii
989 5038 1064 5083 eum
1098 5023 1200 5099 patre,
1250 5016 1424 5082 essentiam
1453 5017 1646 5099 apersonis
1678 5009 1930 5095 distinguendo?
1968 5009 2093 5076 Eodem
2118 5031 2218 5080 sensu

163 5098 174 5204 l

171 5209 181 5319 l

181 5341 200 5481 l

340 5119 452 5175 Calathi
466 5136 556 5189 opera
597 5118 653 5174 Vol.
673 5117 727 5172 IX.
1963 5110 1999 5166 Μ
