4776 5844
157 271 159 274 ’
258 283 300 346 ss
1016 258 1243 352 ’,0000000
1263 266 1500 336 00000010
1568 354 1570 360 ,
2222 269 2266 331 0

257 473 328 533 tam
349 464 491 548 superbe
506 464 561 529 hic
581 461 727 529 insultet
772 459 859 541 Quia
877 456 1156 542 praeciseverbis
1175 478 1237 524 nos
1286 457 1356 523 illio
1376 478 1505 540 quoquc
1524 464 1613 525 certo
1635 455 1733 523 modo
1754 453 1980 539 quaerendum
2002 453 2266 526 mseChristum.

259 551 399 634 alligant
426 548 642 616 inexorabiles
662 546 719 613 isti
740 545 906 630 magistri,
939 543 1088 610 dixeram
1116 562 1234 626 panem
1287 543 1382 609 Idem
1403 535 1442 609 01
1454 541 1496 608 ad
1518 563 1653 609 coenam
1681 541 1926 618 transierimus,
1954 539 2134 607 cothurnos
2156 540 2268 606 induit

259 655 331 702 esse
352 655 484 717 corpus,
515 643 549 699 et
568 635 682 699 vinum
705 633 911 716 sanguinem,
941 630 1037 696 sicuti
1059 638 1095 694 et
1113 650 1238 694 manna
1287 629 1524 712 Westphalus,
1558 636 1591 694 et
1625 627 1751 711 tragice
1784 625 1950 692 exclamat
1981 625 2079 691 fidem
2112 625 2268 711 abrogari

258 720 422 797 Christus,
446 717 594 784 columba
611 719 747 800 spiritus
768 717 848 783 alibi
869 722 1014 782 vocatur.
1047 715 1100 780 De
1121 712 1236 797 loquu-
1288 714 1414 781 Christi
1437 714 1556 780 verbis.
1600 713 1694 779 Nihil
1715 712 1931 789 haesitemus,
1954 710 2073 794 iuquit,
2096 713 2132 777 in
2155 732 2269 780 sacra·

258 805 348 871 tione
369 813 534 870 certamen
557 804 651 869 nobis
673 811 739 880 est,
761 823 863 885 quam
883 801 1048 866 mordicus
1070 810 1236 882 arreptam
1288 801 1407 866 mentis
1425 799 1551 866 coelum
1573 806 1608 864 et
1628 798 1762 865 domum
1773 798 1838 864 Dei
1859 818 1939 874 esse,
1962 797 2071 880 ibique
2092 797 2269 865 Christum

258 898 373 957 teuent
402 894 475 968 [pag.
502 895 556 968 85]
590 887 780 954 adversarii.
836 889 909 968 Ego
939 886 1064 953 similes
1097 886 1235 969 protero,
1288 895 1376 953 certo
1397 885 1551 951 inveniri.
1602 882 1708 966 Quasi
1737 904 1816 949 vero
1836 904 1905 948 nou
1927 882 2027 948 etiam
2050 880 2190 949 subinde
2214 905 2269 952 oc·

258 995 339 1060 quas
360 975 448 1040 idem
470 974 582 1040 valere
604 994 745 1057 aequum
768 980 826 1038 est.
877 970 916 1038 si
944 993 1034 1037 nunc
1056 970 1236 1053 Westpha·
1289 979 1402 1037 currat
1424 971 1506 1036 haec
1527 969 1682 1052 loquuti03
1705 970 1814 1035 Deum
1837 968 1951 1034 sedero
1972 970 2062 1034 inter
2084 968 2271 1037 Cherubim

257 1061 310 1127 lus
328 1060 450 1143 excipit
478 1058 518 1124 de
545 1081 630 1142 pane
659 1057 784 1124 dietum
810 1078 898 1124 esse:
928 1057 1002 1123 Hoc
1030 1063 1081 1121 est
1107 1076 1235 1139 corpus,
1288 1057 1391 1138 (Psal.
1404 1061 1455 1132 80,
1475 1054 1519 1142 2).
1551 1048 1650 1123 Unde
1667 1055 1817 1138 sequitur
1833 1052 2057 1136 quaerendum
2074 1063 2272 1124 10000000-

258 1168 318 1214 our
339 1146 422 1210 mihi
445 1145 589 1212 vicissim
617 1144 757 1210 obiicere
786 1164 852 1208 nou
874 1143 973 1208 liceat
995 1141 1161 1210 devetari
1184 1160 1236 1205 00-
1288 1142 1332 1207 110
1359 1140 1507 1224 patribus
1535 1141 1604 1206 illio
1633 1141 1744 1207 101000.
1792 1141 1840 1206 Et
1867 1147 1955 1206 certe
1979 1161 2081 1223 quum
2103 1138 2147 1205 ad
2167 1162 2271 1225 quae-

259 1240 427 1297 crsmento
464 1237 555 1295 recte
592 1250 663 1295 esse
701 1229 839 1294 dictum:
883 1228 950 1292 Hic
987 1234 1038 1293 est
1070 1225 1236 1306 Christus,
1288 1226 1424 1292 rendam
1446 1227 1517 1292 eius
1538 1227 1654 1292 faeiem
1676 1223 1789 1292 David
1810 1225 1971 1304 hortatur,
1994 1247 2105 1292 arcam
2125 1224 2271 1296 foederis

258 1316 299 1382 de
320 1316 484 1384 columba:
507 1316 574 1380 Hic
595 1322 647 1381 est
668 1313 802 1397 spiritus
824 1311 980 1380 sauctus?
1024 1313 1141 1378 Donec
1162 1333 1237 1394 pro-
1288 1333 1365 1377 cum
1385 1313 1483 1378 altari
1504 1319 1637 1395 totoque
1659 1312 1845 1378 sanctuario
1866 1312 2019 1395 proponit
2040 1312 2208 1392 (Psatsa
2222 1316 2268 1398 3).

260 1402 317 1468 bet
336 1403 502 1485 propriam
520 1401 579 1466 uni
598 1400 759 1466 luccesse
778 1399 1038 1483 grammaticam,
1061 1397 1237 1481 quaealiis
1288 1397 1357 1464 Nec
1379 1419 1457 1464 vero
1484 1397 1582 1462 hodie
1609 1399 1680 1481 pias
1704 1404 1832 1462 mentes
1859 1399 1907 1463 its
1934 1398 1971 1461 in
1998 1397 2125 1464 eoelum
2156 1419 2270 1464 assur-

258 1486 411 1553 omnibus
433 1506 500 1551 uon
520 1486 703 1564 conveniat,
725 1506 793 1549 000
813 1483 902 1549 aliud
924 1484 1054 1550 evincet
1075 1481 1161 1566 apud
1184 1502 1235 1548 sa·
1289 1504 1366 1568 gere
1384 1483 1543 1561 iubemus,
1565 1490 1603 1548 ut
1619 1504 1655 1549 se
1675 1505 1695 1548 a
1712 1482 1875 1566 baptismo
1892 1492 1926 1548 et
1943 1502 2035 1549 sacra
2053 1502 2154 1549 coena
2172 1505 2271 1550 0000

259 1594 319 1638 000
342 1572 474 1650 iudices,
497 1572 562 1636 uisi
583 1591 701 1654 panem
718 1590 788 1635 esse
811 1590 938 1653 corpus,
961 1567 1237 1653 quemadmodum
1289 1577 1371 1634 tant.
1405 1568 1497 1650 Quin
1519 1569 1630 1651 potius
1653 1567 1766 1636 sedulo
1788 1589 1970 1645 monemus,
1992 1568 2178 1634 cavendum
2196 1591 2271 1637 0000

259 1658 352 1724 Deus
373 1657 558 1722 columbam
579 1656 732 1739 spiritum
753 1677 850 1721 suum
873 1661 979 1721 vocat.
1290 1676 1331 1720 ne
1353 1654 1453 1720 veliu
1472 1654 1701 1738 praecipitium
1723 1662 1832 1732 ruant,
1856 1654 1909 1720 vel
1931 1663 2132 1720 evanescant
2152 1656 2190 1719 in
2208 1677 2270 1722 va-

346 1740 495 1826 Septimo
516 1742 621 1825 capite
649 1741 787 1806 eandem
815 1742 939 1806 retexit
958 1739 1068 1817 telam,
1082 1740 1108 1821 ¹)
1137 1759 1237 1823 quam
1290 1741 1340 1823 gis
1361 1740 1645 1822 speculationibus,
1674 1740 1740 1805 nisi
1759 1740 1797 1804 10
1824 1739 1950 1805 coelum
1972 1739 2196 1806 conscendant
2218 1741 2271 1808 his

259 1848 360 1911 supra
381 1835 498 1912 quarto
516 1847 652 1893 exorsus
672 1828 788 1891 fuerat.
834 1824 929 1905 Quae
951 1832 1064 1890 tamen
1086 1824 1237 1908 repetitio
1290 1825 1400 1904 scalis,
1430 1845 1514 1908 quae
1542 1846 1610 1890 non
1639 1826 1764 1891 frustra
1785 1824 1944 1890 divinitus
1966 1833 2045 1890 0001
2065 1825 2160 1891 uobis
2181 1827 2273 1892 ordi·

259 1912 322 1980 hoo
344 1913 477 1978 nomine
499 1934 565 1977 non
586 1914 717 1996 ingrata
738 1911 820 1976 mihi
843 1919 904 1989 ost,
931 1909 1020 1993 quod
1040 1910 1159 1976 melius
1180 1932 1238 1993 pa·
1290 1919 1395 1976 natae.
1438 1911 1531 1993 Ergo
1552 1919 1591 1974 01
1602 1909 1772 1976 Christum
1790 1911 1826 1974 10
1839 1910 1929 1976 00010
1950 1911 2124 1976 inveniant
2144 1911 2272 1989 fideles,

259 1999 390 2064 tefaciet
415 1999 607 2075 lectoribus,
635 2018 699 2079 000
725 1995 766 2061 de
791 2017 829 2061 re
856 1995 1040 2061 contendat.
1093 1995 1239 2061 Coenam
1291 1996 1444 2062 docemus
1473 2017 1529 2061 eos
1556 2017 1576 2060 a
1604 1997 1704 2061 verbo
1727 2004 1761 2061 et
1781 1998 1995 2062 sacramentis
2016 1996 2169 2078 incipere.
2216 1997 2274 2064 Ad

185 2097 186 2101 ’
259 2104 313 2148 me
325 2083 459 2149 Christo
481 2102 619 2149 vacuam
641 2102 763 2165 ponere
784 2092 948 2158 causatur,
968 2080 1046 2164 quia
1067 2080 1239 2146 Christum
1290 2081 1443 2164 baptismi
1473 2090 1507 2146 et
1535 2102 1654 2148 coenae
1681 2082 1840 2147 intuitum
1873 2101 1929 2146 eos
1962 2083 2200 2161 convertimus,
2232 2089 2274 2148 ut

259 2169 347 2234 coelo
373 2167 556 2245 includam,
584 2168 682 2232 sicuti
709 2187 785 2231 eum
815 2167 849 2231 10
879 2166 970 2231 00010
997 2167 1109 2249 quaeri
1136 2166 1240 2231 soluit
1291 2167 1353 2232 hac
1374 2168 1430 2232 via
1450 2167 1486 2231 in
1503 2166 1653 2233 coelestis
1670 2168 1793 2251 gloriae
1811 2171 1885 2245 [pag.
1896 2171 1950 2245 88]
1968 2165 2177 2233 altitudinem
2196 2190 2272 2251 per-

259 2252 446 2338 Zvinglius,
476 2252 628 2335 coeloque
650 2253 722 2334 capi
745 2251 863 2329 docuit,
897 2250 1001 2316 donec
1022 2252 1057 2316 iu
1079 2250 1239 2317 iudicium
1291 2260 1380 2336 gant.
1430 2253 1505 2317 Hac
1537 2253 1666 2317 ratione
1690 2253 1787 2318 Iacob
1816 2251 1936 2317 Bethel
1970 2252 2108 2318 vocabat
2139 2262 2274 2335 portam

261 2345 426 2422 appareat.
472 2339 546 2403 Non
566 2336 802 2402 animadvertit
823 2344 933 2401 autem
959 2336 1064 2403 bouus
1087 2336 1141 2402 hio
1162 2357 1238 2403 een·
1290 2337 1372 2404 coeli
1405 2337 1670 2420 (Geu.28,17):
1704 2338 1782 2421 0010
1814 2338 1940 2403 visione
1972 2337 2105 2404 adiutus
2133 2358 2202 2404 non
2235 2340 2273 2404 in

258 2445 322 2503 sor,
340 2425 432 2489 Petri
451 2422 589 2505 apostoli
607 2423 708 2487 verba
725 2441 797 2487 esse
815 2423 902 2500 (Act.
923 2424 952 2499 3,
974 2423 1041 2505 21),
1064 2442 1147 2504 0000
1165 2431 1238 2486 tan·
1291 2430 1380 2488 terra
1401 2429 1549 2489 mentem
1571 2422 1696 2500 defixit,
1719 2423 1777 2489 sed
1794 2422 1909 2488 didicit
1926 2422 1991 2488 fide
2007 2423 2044 2487 in
2065 2423 2195 2489 coelum
2212 2445 2274 2507 pe-

259 2528 365 2592 quam.
385 2529 404 2572 0
425 2507 578 2591 Zvinglio
606 2507 752 2589 proiecta
778 2507 934 2594 flagellat.
985 2505 1112 2572 Omitto
1139 2509 1238 2573 etiam
1290 2517 1443 2573 netrare..
1481 2507 1624 2574 Desinat
1650 2509 1753 2593 igitur
1780 2508 1999 2591 Westphalus
2026 2509 2169 2574 clamare
2202 2518 2275 2576 toto

258 2589 1238 2763 000010000101000000·
1290 2595 1530 2762 §dutit-
1555 2615 1659 2763 llli'l
1684 2594 2276 2762 “luttlttltpllhut‘t

316 2728 323 2742 .
592 2727 600 2755 ‚
1228 2728 1237 2758 ,
1523 2732 1530 2746 .

260 2784 359 2847 quam
381 2763 411 2828 si
432 2760 488 2827 ille
511 2762 596 2828 fidus
615 2771 649 2828 et
671 2771 828 2829 strenuus
850 2762 1007 2829 ecclesiae
1029 2760 1142 2829 doctor
1165 2769 1238 2843 [pag.
1289 2764 1384 2830 nobis
1411 2768 1560 2849 exposita
1576 2773 1652 2844 est,
1680 2784 1778 2848 quam
1808 2765 1937 2849 assequi
1964 2765 2035 2848 ipse
2061 2773 2171 2849 queat
2205 2766 2275 2833 Po-

261 2847 972 2930 86](110101010100000100000011100001.
1017 2848 1180 2932 Nugatur,
1209 2849 1238 2915 si
1290 2850 1357 2916 tius
1401 2850 1566 2934 expendat
1608 2871 1720 2917 secum
1762 2850 1848 2934 quod
1895 2871 2066 2933 nunquam
2109 2850 2276 2918 hactenus

258 2932 426 3000 nesciebas
448 2933 567 2999 latinos
589 2935 765 3016 scriptores
787 2934 910 3016 passim
930 2933 979 2999 ita
1010 2933 1116 2999 solere
1138 2933 1237 3017 loqui,
1290 2937 1449 3019 gustavit,
1489 2936 1601 3003 Deum
1633 2957 1669 3002 00
1703 2935 1744 3001 ab
1776 2936 1873 3001 initio
1902 2934 2085 3002 visibilibus
2113 2935 2276 3021 symbolis

258 3025 297 3083 01
317 3018 403 3084 velle
425 3040 461 3084 00
482 3016 592 3084 dicant
618 3017 703 3101 quod
724 3018 917 3098 intendunt,
947 3016 1045 3100 idque
1072 3020 1142 3085 sine
1170 3019 1239 3085 ulla
1290 3022 1495 3104 patefecisse,
1533 3032 1573 3088 ut
1606 3021 1770 3105 gradatim
1807 3021 1850 3089 ad
1884 3042 1920 3087 so
1955 3020 2068 3087 fideles
2102 3022 2273 3104 eveheret,

259 3103 431 3186 superbiae
451 3111 543 3169 nota:
577 3104 633 3169 ubi
656 3111 713 3169 tua
735 3104 891 3182 eruditio,
920 3103 1014 3170 cuius
1043 3105 1239 3174 asserendae
1290 3127 1328 3173 00
1350 3108 1490 3172 terrenis
1512 3107 1709 3173 rudimentis
1730 3106 1773 3172 ad
1794 3107 1998 3190 spiritualem
2020 3107 2174 3172 notitiam
2194 3128 2274 3191 per-

260 3209 340 3255 cura
367 3196 569 3273 quantopere
598 3197 631 3254 te
660 3190 827 3256 excruciet
847 3210 890 3254 cx
911 3188 997 3255 libro
1018 3189 1237 3272 perspicitur?
1291 3191 1431 3259 duceret.
1475 3193 1564 3258 Nam
1585 3191 1671 3275 quod
1693 3213 1728 3258 se
1750 3192 1857 3257 omnis
1879 3192 1996 3275 culpae
2018 3199 2189 3276 expertem
2207 3215 2273 3278 pn-

259 3273 298 3341 si
320 3295 399 3340 vero
417 3274 552 3353 sciebas,
580 3274 638 3340 ubi
659 3275 834 3358 integritas
862 3281 897 3338 et
918 3274 1061 3341 candor?
1112 3273 1180 3341 Sed
1203 3287 1239 3340 ut
1290 3284 1354 3355 tat,
1383 3278 1462 3360 quia
1489 3277 1662 3345 Christum
1689 3277 1805 3344 adesse
1833 3276 2001 3361 praedicat
2029 3278 2087 3343 ubi
2120 3287 2173 3344 est
2200 3280 2274 3346 0100

261 3360 301 3425 de
323 3380 454 3426 summa
474 3361 523 3424 rei
545 3380 692 3444 agamus,
713 3362 742 3425 si
763 3359 934 3425 Christum
957 3361 993 3425 in
1015 3361 1104 3427 coelo
1124 3363 1239 3445 quaeri
1290 3363 1428 3429 verbum
1451 3371 1485 3428 et
1505 3363 1695 3448 promissio,
1724 3364 1820 3447 louge
1850 3365 1886 3428 in
1914 3383 1952 3428 eo
1973 3362 2108 3429 fallitur.
2154 3364 2276 3448 Neque

258 3466 324 3511 uon
346 3446 418 3511 vult
440 3445 675 3528 Westphalus,
697 3445 820 3511 nodum
843 3446 933 3512 huno
959 3446 1054 3511 nobis
1076 3447 1238 3530 expediat,
1290 3450 1380 3513 enim
1401 3449 1513 3516 minus
1535 3471 1648 3516 severe
1669 3447 1810 3514 Iudaeos
1831 3449 1983 3532 obiurgat
2005 3450 2183 3531 scriptura,
2216 3452 2274 3534 qui

258 3530 420 3680 grumodo
453 3538 537 3596 teste
564 3530 680 3608 Petro,
713 3537 862 3614 oporteat
892 3532 1001 3613 ipsum
1034 3532 1124 3597 coelo
1157 3533 1239 3615 capi.
1290 3534 1354 3599 Dei
1376 3534 1476 3601 verbo
1498 3535 1592 3600 abusi
1619 3533 1844 3617 superstitiose
1871 3555 1947 3598 cum
1969 3535 2005 3598 iu
2025 3533 2147 3615 templo
2169 3556 2274 3617 quac-

289 3615 854 3694 onniveusadPetritestimonium,
873 3615 1057 3700 digreditur
1078 3617 1238 3684 inlocum
1291 3618 1422 3698 rebant,
1457 3640 1558 3702 quam
1586 3620 1614 3685 si
1643 3628 1738 3684 extra
1764 3618 1857 3684 verbi
1885 3620 1970 3684 fines
1996 3619 2122 3702 egressi
2149 3630 2272 3687 essent

259 3719 475 3780 communem,
504 3701 727 3784 quaerendum
749 3721 822 3767 esse
843 3722 910 3765 uon
930 3702 987 3767 ubi
1010 3702 1159 3767 homines
1181 3724 1238 3768 vo-
1289 3704 1417 3769 Verum
1441 3703 1572 3788 quidem
1596 3714 1655 3784 est,
1678 3704 1792 3771 edesse
1810 3703 1982 3770 Christum
2003 3704 2192 3786 ubieunque
2214 3728 2274 3791 ap-

205 3834 208 3840 .
258 3784 342 3864 lunt,
354 3785 602 3868 sedubicuuque
613 3787 1029 3869 promisitsepraeseutem
1043 3788 1120 3852 fore.
1134 3787 1239 3869 Quasi
1290 3797 1385 3873 paret
1406 3791 1477 3856 eius
1494 3790 1677 3874 promissio,
1700 3811 1784 3873 0000
1805 3791 1885 3856 viva
1906 3789 2054 3855 eiusdem
2076 3789 2189 3874 imago
2210 3799 2274 3870 001,

258 3890 337 3934 vero
348 3871 476 3949 nostris,
500 3871 556 3936 vel
567 3872 740 3937 homiuum
758 3871 896 3954 placitis,
916 3891 1032 3937 00000
1045 3873 1153 3957 potius
1164 3894 1237 3938 coe·
1290 3875 1386 3941 modo
1409 3896 1585 3958 sequamur
1613 3896 1677 3958 quo
1699 3896 1759 3941 000
1781 3874 1879 3941 ducit
1929 3872 1997 3942 Sed
2018 3874 2110 3940 ultra
2130 3896 2193 3941 nos
2214 3898 2274 3942 ur-

259 3953 396 4020 lestibus
409 3956 754 4040 oraculispuguemus.
791 3955 893 4039 Atqui
914 3977 950 4022 se
975 3958 1239 4025 exhibetChris-
1291 3969 1348 4046 get
1368 3960 1604 4044 Westphalus,
1632 3962 1759 4045 fingere
1780 3959 1952 4026 Christum
1980 3960 2077 4025 aliter
2105 3961 2141 4025 10
2169 3981 2275 4027 coena

260 4048 315 4104 tus
337 4040 371 4104 in
395 4039 494 4106 verbo
517 4048 550 4106 ot
571 4043 794 4107 sacramentis.
828 4042 905 4107 Non
926 4063 969 4108 ue
1048 4065 1096 4122 us,
1118 4045 1147 4109 si
1164 4053 1238 4109 tan·
1290 4047 1422 4125 adesse,
1451 4068 1550 4129 quam
1572 4044 1672 4113 verbo
1693 4067 1752 4112 suo
1775 4046 1987 4128 expresserit,
2016 4047 2095 4128 0010
2116 4067 2178 4112 000
2199 4067 2274 4113 cor·

260 4124 532 4225 tumdefiuiatur
549 4127 762 4194 exhibitionis
784 4128 875 4192 ratio.
920 4063 1239 4213 8501ιοηά0010-
1290 4150 1370 4215 pore
1392 4138 1426 4199 01
1447 4133 1607 4217 sanguine
1630 4131 1744 4198 adesse
1766 4152 1934 4215 negamus,
1963 4148 2025 4195 nec
2046 4131 2155 4212 placet
2176 4133 2273 4199 uobis

259 4229 432 4275 mrssroncs
454 4210 736 4296 hroWestphalus
758 4212 912 4292 ostendit,
931 4213 1084 4278 admittat
1105 4234 1240 4280 necesse
1290 4217 1408 4284 modus
1425 4217 1604 4301 corporalis
1627 4222 1702 4296 [pag.
1717 4221 1771 4296 89]
1790 4215 2014 4301 praesentiae:
2048 4215 2148 4282 Unde
2170 4219 2275 4284 etiam

259 4303 309 4360 est
321 4294 447 4362 Christi
469 4298 690 4378 praesentiam
708 4306 805 4364 extra
822 4319 944 4365 coenae
966 4319 1065 4364 usum
1087 4321 1155 4364 non
1176 4301 1239 4364 mi·
1290 4301 1416 4387 colligit
1444 4323 1504 4369 uos
1536 4302 1651 4370 relicta
1679 4323 1757 4370 vera
1784 4321 1885 4368 coena
1910 4302 2043 4366 insuam
2070 4308 2105 4366 et
2131 4321 2273 4368 vacuam

259 4401 323 4447 000
354 4401 454 4468 quam
482 4381 518 4445 10
547 4402 656 4448 coena.
706 4384 885 4450 Promissio
907 4383 1034 4450 Christi
1062 4393 1126 4451 est:
1165 4386 1239 4470 Ego
1290 4388 1443 4454 retinere.
1494 4387 1568 4453 Hoc
1595 4387 1729 4472 quidem
1755 4386 1886 4453 effutire
1906 4386 2183 4470 Westphalopro
2211 4409 2275 4455 sua

258 4466 428 4533 vobiscum
457 4487 531 4531 sum
564 4488 667 4549 usque
698 4467 740 4533 ad
771 4471 1086 4536 consummationem
1116 4471 1239 4537 saeculi
1290 4470 1428 4540 audacis
1444 4472 1539 4540 facile
1558 4473 1635 4539 fuit:
1658 4473 1716 4539 sed
1733 4474 1806 4557 quis
1828 4472 1859 4539 ei
1876 4471 1997 4551 credet,
2019 4471 2124 4537 donec
2145 4473 2273 4542 nodum

148 4622 151 4626 ,
260 4551 395 4633 (Matth.
416 4555 468 4632 28,
488 4555 553 4626 20).
598 4552 700 4617 Item:
723 4554 789 4620 Ubi
807 4555 873 4620 duo
890 4563 949 4621 001
970 4562 1038 4621 tres
1059 4556 1181 4622 fuerint
1201 4556 1239 4622 in
1289 4559 1380 4625 huno
1401 4557 1598 4643 expedierit,
1627 4558 1801 4626 Christum
1827 4559 1874 4625 sic
1895 4578 2015 4642 panem
2036 4557 2123 4642 porri
2149 4579 2207 4625 ere
2235 4560 2273 4625 iu

259 4639 392 4703 nomine
413 4658 499 4737 meo,
521 4637 587 4704 illic
610 4659 685 4738 sum
705 4638 742 4703 in
764 4639 1007 4740 medioneorum
1029 4640 1166 4727 (blatth.
1190 4646 1239 4722 18,
1291 4665 1407 4724 00000,
1435 4654 1473 4710 01
1494 4643 1536 4710 ad
1557 4643 1782 4728 recipiendum
1803 4665 1900 4710 suum
1922 4664 2040 4728 corpus
2060 4640 2108 4708 fid
2139 4663 2175 4709 00
2197 4665 2272 4710 sur·

254 4724 325 4802 10).
345 4723 521 4823 Ι11000101.
541 4745 649 4789 caruis
677 4730 713 4789 ct
738 4745 909 4826 sanguinis
935 4732 1161 4827 0000001000.
1183 4733 1239 4808 87]
1291 4751 1365 4797 sum
1386 4729 1528 4798 invitet?
1572 4730 1646 4797 Hoc
1667 4751 1735 4796 nou
1752 4728 1972 4812 speculatione
1993 4728 2104 4829 011000
2122 4728 2273 4811 philoso-

260 4827 411 4891 exprimi.
457 4806 573 4910 Quid?
604 4830 648 4875 an
677 4816 767 4911 totus
788 4818 822 4875 et
847 4819 977 4897 integer
997 4812 1152 4913 Christus
1173 4833 1241 4913 000
1292 4815 1404 4966 ghiso,
1438 4814 1494 4882 vel
1525 4816 1624 4882 unius
1657 4816 1758 4914 etiam
1788 4814 1919 4882 verbuli
1952 4813 2060 4913 fallaci
2091 4821 2273 4915 praetextu

260 4903 311 4959 est
336 4894 429 4961 Deus
461 4895 691 4961 msmiestatus
722 4917 758 4961 ru
788 4896 907 4962 carno?
963 4895 1107 4964 Obtrueo
1139 4905 1242 4985 igitur
1292 4908 1385 5053 Eitis,
1402 4901 1477 5053 tqu
1486 4899 2049 5054 hpgorpztgatrgoffitssleosstactffi
2070 4919 2273 5071 ffiorgtltls.

258 5165 284 5219 d
300 5096 526 5223 dffigmpm
542 5099 570 5155 la
586 5114 688 5158 mesms
706 5110 801 5157 000000
819 5099 915 5156 dontil
932 5103 1087 5158 nousavoit
1103 5102 1154 5159 tait
1170 5103 1241 5160 10010
1292 5008 2203 5243 Qffiefflrzhnzffififffffflffi
2223 5040 2277 5226 Ξ
