4748 5798
138 231 200 305 ela,
758 235 822 302 Du
845 234 1061 317 OCCUL'PA
1082 237 1166 304 DEI
1184 235 1518 308 PROVIDEN'PIA.
2076 245 2139 309 314

145 423 217 494 reri
239 423 304 489 Dei
325 423 395 489 loco
418 423 724 508 iactaaobtrudere.
769 425 854 492 Mihi
876 427 985 492 brevis
1007 434 1041 491 et
1061 448 1119 493 ex·
1170 427 1345 506 rationem,
1374 449 1456 511 quae
1486 448 1547 493 sua
1572 427 1728 494 caecitate
1757 447 1888 493 omnem
1909 428 1974 493 Dei
2001 429 2141 514 gloriam

147 508 259 598 pedite
281 508 426 575 defensio
447 517 509 575 est:
539 532 639 594 quum
662 512 785 595 scripta
806 514 917 578 omnia
938 533 1011 578 mea
1032 513 1119 579 clare
1170 513 1365 597 exstinguit,
1394 533 1460 579 non
1487 512 1585 584 modo
1607 513 1724 579 statuis
1746 511 1865 594 ducem,
1883 522 1917 579 et
1937 516 2145 599 magistram,¹

148 603 311 665 testentur
332 616 399 660 non
428 596 517 663 alind
538 597 639 664 luisse
667 597 750 662 mihi
772 600 989 681 propositum,
1019 620 1118 681 quam
1169 597 1226 664 aed
1248 600 1429 682 scripturae
1479 600 1620 665 raetorre
1646 598 1755 665 audes.
1805 599 1878 665 Iam
1906 599 1991 665 nihil
2018 601 2140 667 mirum

145 693 183 751 ut
203 681 258 766 pie
280 688 456 764 sancteque
478 688 565 748 totus
587 682 730 750 mundus
752 705 787 749 so
804 684 876 749 Deo
898 681 1035 764 addicat,
1058 707 1118 767 pu·
1169 686 1196 749 si
1229 684 1391 767 quaslibet
1422 621 1599 835 religiones
1626 686 1809 768 promiscue
1836 685 1967 751 misceri
1999 686 2141 753 libenter

143 788 245 851 raquo
267 768 466 833 conscientia
488 769 650 834 sinceram
672 771 804 840 interae
826 771 1022 853 aequitatem
1044 793 1118 835 mu·
1169 770 1300 852 pateris,
1323 779 1360 834 ιιι
1381 772 1476 853 perin
1499 792 1517 835 e
1539 778 1713 836 conseatur
1734 771 1798 836 Dei
1820 771 1927 837 enitor
1945 772 2062 852 Turca,
2084 774 2140 858 qni

145 864 202 922 tuo
224 852 334 919 colant
356 874 479 932 omnes,
508 855 612 920 vitam
634 877 777 921 meama
799 854 947 921 doctrina
968 878 1034 922 non
1052 856 1117 922 dis-
1169 855 1385 926 Mahommeti
1408 855 1530 922 deliriis
1552 855 1697 922 imbutus
1718 858 1962 922 numennescio
1984 857 2070 940 quod
2087 859 2141 923 in·
2210 939 2212 942 ,

144 959 294 1025 crepare,
324 959 389 1003 non
419 940 536 1014 faciam
559 940 622 1006 Dei
650 943 775 1025 gratiae
802 941 973 1019 iniuriam,
1001 951 1039 1013 ut
1064 963 1118 1006 me
1169 943 1335 1025 cognitum
1358 941 1487 1006 adorat:
1510 964 1548 1009 ac
1570 941 1789 1021 Christianus,
1812 942 1932 1025 quiex
1953 965 2020 1007 non
2042 943 2140 1011 dubia

142 1028 203 1094 tibi
230 1026 344 1108 tuique
368 1024 529 1091 similibus
555 1045 757 1110 comparem,
786 1027 903 1110 quibus
920 1029 1119 1094 ‘innocentia
1169 1028 1329 1111 evangelii
1361 1027 1426 1092 fide
1458 1029 1592 1093 invocat
1623 1036 1751 1111 patrem
1783 1028 1998 1178 redothoris
2024 1030 2138 1096 nostri.

146 1136 214 1179 uon
234 1111 308 1176 nisi.
321 1111 355 1175 in
377 1108 544 1176 blanditiis
566 1112 630 1176 sita
652 1120 710 1195 est.
756 1114 900 1179 Tantum
916 1113 979 1179 hoo
1001 1113 1116 1192 dicam,
1169 1119 1242 1191 [pag.
1263 1118 1336 1193 110]
1360 1111 1558 1198 Quanquam
1572 1122 1682 1179 tonon
1695 1115 1779 1179 serio
1800 1116 1889 1180 incre
1913 1115 1976 1180 ulis
1998 1116 2138 1198 patroci-

144 1197 268 1282 siquis
291 1198 419 1280 integer
441 1204 475 1261 et
496 1216 619 1280 aequus
641 1199 737 1263 iudex
760 1200 849 1264 inter
870 1219 930 1264 nos
950 1205 1022 1278 [pag.
1044 1205 1140 1279 107]ι
1169 1200 1242 1262 nari
1269 1198 1375 1282 palam
1407 1196 1577 1272 clamitant
1608 1208 1658 1264 tot
1683 1199 1833 1283 obliquae
1865 1220 1988 1269 sannae
2020 1201 2139 1283 quibus

139 1284 261 1360 sedeat,
283 1283 313 1347 ei
336 1289 404 1347 tam
423 1283 457 1346 in
476 1303 626 1350 sermone
648 1305 746 1367 quam
768 1285 804 1348 in
825 1285 918 1350 factis
939 1287 1022 1349 meis
1043 1306 1117 1368 per·
1168 1285 1375 1366 apertissima
1396 1305 1541 1368 quaeque
1563 1286 1671 1367 capita
1692 1284 1769 1350 fidoi
1790 1294 1920 1350 nostrae
1942 1287 2058 1370 carpis,
2081 1284 2139 1353 sed

146 1372 294 1454 spicuam
316 1369 385 1433 sore
407 1366 471 1432 Dei
493 1371 727 1436 reverentiam:
762 1367 919 1453 quidquid
940 1379 1051 1436 autem
1075 1393 1117 1436 ex
1167 1370 1316 1439 omnium
1338 1370 1485 1453 gentium
1508 1371 1756 1454 superstitiones
1778 1370 1972 1451 excusando,
1994 1372 2139 1456 tibipro-

143 1464 176 1522 te
197 1453 424 1541 proficiscitur,
447 1476 576 1520 merum
599 1456 724 1538 spirare
745 1456 876 1539 pietatis
897 1454 1083 1521 ludibrium.
1168 1457 1312 1539 positum
1332 1465 1383 1521 est
1402 1456 1559 1540 quidquid
1580 1455 1746 1540 religionis
1768 1478 1861 1523 sacra
1887 1458 1958 1522 veri
1979 1458 2044 1523 Dei
2066 1478 2139 1523 ora·

230 1538 299 1607 Sed
320 1548 358 1604 ut
379 1551 453 1605 tuas
466 1541 646 1607 calumnias
668 1541 811 1607 breviter
833 1542 1015 1620 discutiam,
1038 1542 1116 1625 qnid
1167 1541 1241 1607 cula
1263 1540 1387 1621 docent,
1411 1541 1601 1607 convellere.
1646 1542 1699 1608 Ab
1721 1543 1779 1607 illa
1798 1563 1876 1607 vero
1897 1544 2035 1623 ratione,
2056 1565 2140 1626 quae
2182 1592 2184 1596 «

145 1634 176 1693 te
200 1625 381 1711 improbius
408 1627 489 1709 fingi
518 1634 644 1709 potest,
674 1628 730 1709 qui
750 1627 859 1693 Deum
889 1627 1019 1692 tardam
1047 1629 1116 1693 fore
1167 1648 1316 1692 errorum
1338 1628 1487 1695 omnium
1508 1635 1615 1693 mater
1636 1638 1693 1707 est,
1717 1627 1777 1708 tibi
1798 1629 1946 1693 exoritur
1966 1628 2137 1710 illeDeus,

142 1713 184 1779 ad
206 1712 473 1789 misericordiam,
497 1723 530 1776 et
551 1732 750 1796 propensum
772 1713 813 1791 ad
835 1713 918 1777 iram
937 1714 1115 1796 contendis,
1167 1714 1222 1796 qui
1255 1715 1326 1778 sino
1360 1713 1487 1792 delectu
1523 1713 1594 1778 vult
1626 1734 1740 1779 omnes
1773 1714 1880 1780 salvos
1908 1715 1989 1779 fieri.
2035 1714 2139 1797 Quasi

142 1799 349 1882 simagnnm
371 1806 497 1880 partem
525 1797 639 1863 mundi
668 1814 819 1864 aeternae
844 1799 943 1864 morti
971 1799 1115 1881 destina·
1167 1800 1353 1864 veroinane
1372 1800 1415 1865 sit
1437 1799 1522 1882 quod
1544 1800 1639 1864 toties
1660 1799 1801 1866 occurrit
1818 1800 1852 1863 in
1874 1800 2037 1883 scriptura
2054 1800 2138 1866 elec-

141 1884 212 1950 rit?
259 1883 357 1949 Corte
380 1904 605 1967 quemcunque
627 1884 764 1950 fabrinos
785 1885 904 1964 Deum,
927 1885 989 1967 piis
1011 1887 1116 1950 omni-
1167 1884 1267 1950 tionis
1287 1905 1418 1965 nornen,
1441 1906 1542 1967 quum
1565 1885 1684 1968 ubique
1707 1885 1850 1949 clament
1871 1886 1935 1964 lex,
1957 1887 2138 1969 prophetae

144 1970 206 2037 bna
228 1969 286 2035 ille
308 1990 396 2034 unns
418 1968 573 2035 colendus
595 1981 653 2047 est,
682 1972 739 2054 qui
761 1991 860 2054 snpra
882 1972 1000 2054 viginti
1021 1973 1116 2054 quin·
1167 1979 1201 2035 et
1223 1971 1430 2055 evangelium
1452 1970 1563 2049 vocari
1585 1979 1623 2035 et
1643 1971 1824 2036 illuminari
1852 1971 1888 2034 iu
1910 1972 2059 2049 salntem,
2082 1973 2139 2055 qni

146 2076 208 2139 qne
230 2055 348 2130 secula,
373 2064 508 2137 excepto
520 2053 681 2124 duntaxat
691 2077 811 2140 genere
822 2056 987 2133 Abrahae,
1010 2065 1115 2123 totum
1168 2064 1302 2120 aeterno
1325 2058 1391 2122 Dei
1412 2057 1545 2122 consilio
1568 2065 1644 2121 ante
1672 2056 1832 2122 mnndum
1854 2055 2020 2122 conditum
2043 2057 2139 2123 electi

145 2142 330 2207 humanum
351 2161 456 2224 genus
484 2162 600 2224 passus
628 2152 679 2207 est
705 2143 742 2206 in
764 2142 951 2208 exitialibus
973 2143 1116 2208 tenebris
1168 2151 1260 2206 sunt:
1293 2150 1326 2206 et
1358 2143 1428 2207 sine
1462 2142 1674 2226 ambiguitate
1702 2143 1920 2225 pronuncient
1949 2143 2072 2208 fontem
2105 2149 2139 2208 et

140 2249 261 2294 errare.
306 2225 344 2292 si
367 2226 568 2293 crudelitatis
591 2248 665 2292 cum
695 2227 878 2308 insimules,
907 2228 992 2311 quod
1022 2229 1115 2294 fami·
1146 2229 1407 2301 'causamvitae
1430 2250 1500 2313 esse
1521 2229 1704 2312 gratuitum
1721 2228 1787 2293 Dei
1808 2249 1962 2308 amorem,
2006 2250 2048 2293 uo
2071 2250 2138 2294 non

141 2313 218 2379 liam
242 2334 342 2378 unam
363 2313 494 2378 vivifiea
515 2313 589 2378 luca
611 2312 764 2397 dignatus
787 2323 901 2398 gentes
923 2314 1115 2381 innumeras
1166 2334 1294 2391 omnes,
1329 2312 1386 2378 sed
1415 2334 1497 2397 quos
1526 2313 1630 2378 voluit
1657 2314 1846 2397 complexus
1874 2315 1932 2380 est.
1982 2251 2072 2395 Quid
2099 2321 2138 2380 tn

142 2400 175 2465 in
197 2407 304 2464 morte
328 2399 493 2464 demersas
516 2400 620 2463 iacere
642 2399 791 2476 voluerit,
813 2408 964 2482 prompta
986 2410 1036 2466 eat
1056 2423 1114 2465 ex·
1166 2400 1287 2465 centies
1310 2408 1424 2465 contra
1452 2399 1668 2483 obstrependo
1695 2399 1869 2483 proficies?
1919 2398 2057 2466 Obiecta
2078 2421 2136 2465 no-

141 2487 260 2568 ceptio:
282 2483 380 2566 Quod
402 2505 471 2548 non
489 2484 631 2567 quotidie
651 2487 904 2550 excisifuernnt
924 2486 1042 2569 populi,
1065 2495 1113 2551 at
1166 2483 1243 2549 bula
1264 2486 1458 2569 perstringis
1476 2486 1672 2568 simplicium
1690 2486 1809 2564 oculos,
1832 2484 1941 2550 Deu'm
1964 2486 2049 2551 vello
2067 2505 2137 2551 om·

142 2592 202 2652 que
226 2572 274 2635 ita
291 2571 416 2635 centies
427 2572 603 2652 quotannis
614 2572 786 2654 absorptus
803 2571 955 2649 mundus,
978 2572 1114 2637 totidem
1165 2592 1223 2636 nes
1245 2570 1353 2636 salvos
1375 2572 1455 2651 fieri.
1490 2569 1529 2636 Si
1546 2571 1608 2635 hoo
1625 2571 1774 2636 electioni
1795 2578 1957 2656 repugnat
1978 2572 2137 2655 quafilioa

142 2656 285 2722 illustria
305 2656 405 2721 fuisse
419 2656 604 2738 ¹patientiae
627 2659 696 2722 eins
719 2657 923 2724 documenta.
955 2657 1024 2724 Neo
1036 2678 1113 2723 vero
1166 2660 1241 2737 [pag.
1266 2664 1336 2735 111]
1356 2678 1432 2722 suos
1453 2656 1712 2741 praedestinavit
1738 2655 1780 2721 ad
1804 2657 1923 2739 vitam,
1951 2678 2072 2740 quaero
2093 2679 2137 2723 ax

140 2741 275 2822 Paulus,
290 2742 360 2807 ,nbi
381 2742 525 2807 asseruit
546 2763 665 2810 arcano
686 2744 757 2808 cius
786 2742 928 2818 decreto¹
943 2765 1023 2809 rma
1043 2745 1114 2810 irae
1165 2754 1207 2821 te,
1229 2763 1288 2808 our
1307 2763 1375 2807 non
1396 2741 1547 2808 omnibus
1568 2743 1759 2826 patefecerit
1785 2743 1875 2808 viam
1901 2741 2025 2808 salutis.
2069 2743 2138 2809 No-

142 2836 251 2912 aptata
273 2848 345 2893 esse
368 2832 441 2909 [pag.
456 2833 529 2907 108]
550 2827 592 2893 ad
609 2829 778 2894 interitum
799 2825 908 2907 (Rom.
928 2835 958 2908 9,
980 2830 1043 2915 12),
1066 2830 1113 2894 le·
1164 2835 1235 2893 tum
1258 2849 1296 2893 ao
1317 2827 1444 2894 celebre
1463 2835 1516 2913 est
1535 2828 1617 2894 illud
1637 2829 1887 2913 legis'elogium:
1910 2829 1997 2895 Ecce
2018 2849 2137 2913 propo·

140 2915 281 2980 nitatem
310 2914 381 2980 eius
410 2921 444 2978 et
472 2915 665 2996 patientiam
691 2912 826 2980 laudaro
853 2913 987 2979 dubitat.
1039 2914 1113 2996 Quo
1165 2913 1216 2978 sni
1238 2914 1335 2980 hodie
1355 2913 1446 2980 vobis
1464 2915 1568 2980 vitam
1585 2923 1619 2979 et
1637 2923 1776 2979 mortem
1798 2913 1976 2999 (Deut30,
2000 2914 2063 2996 15).
2097 2913 2136 2982 Si

142 3006 225 3067 teste
249 3000 278 3065 si
300 3007 474 3066 contentus
495 3022 563 3065 non
586 3021 630 3078 es,
653 3001 735 3065 mihi
755 3021 877 3079 secure,
900 3010 989 3084 puto,
1012 3001 1116 3066 latra-'
1165 3001 1287 3083 absque
1308 2999 1494 3066 discrimine
1516 2999 1751 3066 volebatDeus
1772 3000 1809 3064 in
1826 2999 1967 3065 salutem
1984 2999 2137 3085 colligere

140 3092 193 3152 tus
216 3095 292 3151 tuos
314 3084 480 3170 despicere
502 3085 619 3152 licebit.
675 3085 791 3169 Neque
813 3087 910 3151 etiam
933 3087 1113 3170 patrocinio
1165 3106 1287 3164 omnes,
1310 3108 1370 3163 cur
1389 3087 1629 3152 non-omnibus
1656 3086 1760 3150 vitam
1781 3084 1998 3151 communiter
2019 3107 2136 3169 propo·

137 3192 210 3239 meo
232 3171 359 3256 indiget
380 3170 489 3250 Deus,
518 3173 575 3255 qni
600 3172 744 3237 institiae
769 3193 848 3237 suae
875 3174 955 3238 satis
976 3173 1113 3238 idoneus
1165 3172 1247 3251 suit,
1276 3170 1333 3236 sed
1356 3172 1418 3238 hnc
1438 3174 1666 3256 praerogativa
1691 3164 1854 3236 duntaxat
1881 3178 2012 3254 gentem
2033 3175 2137 3235 nnaln

137 3259 275 3325 futurus
297 3265 348 3323 est
370 3265 524 3337 assertor,
554 3259 653 3322 etiam
674 3259 703 3324 si
724 3259 873 3324 certatim
897 3257 940 3322 ad
961 3278 1033 3323 eam
1056 3260 1112 3325 oh·
1165 3257 1317 3340 dignatus
1340 3257 1412 3338 est?
1445 3258 1561 3340 Neque
1583 3255 1617 3320 id
1638 3257 1703 3322 alia
1720 3255 1760 3322 do
1782 3277 1888 3335 causa,
1910 3257 2047 3321 siMoisi
2065 3277 2134 3335 cre·

134 3342 380 3411 tenebrandam
415 3344 606 3425 conspirent
637 3365 750 3409 omnes
779 3344 929 3427 impurae
969 3344 1110 3428 linguae.
1165 3341 1269 3422 ditur,
1302 3343 1366 3408 nisi
1393 3343 1477 3425 quod
1507 3343 1610 3426 gratis
1637 3341 1756 3407 dilexit
1782 3362 1862 3425 qnos
1890 3342 1952 3407 sibi
1979 3341 2078 3426 elegit
2098 3342 2136 3407 in

132 3430 256 3515 Quare
278 3438 324 3508 tu,
348 3428 496 3509 utlibet,
518 3451 595 3497 cum
616 3437 674 3498 tua
695 3438 827 3507 caterva
847 3430 882 3494 in
904 3428 1044 3495 sublime
1065 3432 1112 3494 ia·
1164 3428 1336 3512 peculium.
1381 3427 1553 3494 Christum
1575 3427 1733 3500 divinitus
1756 3429 1894 3493 missum
1923 3427 2021 3493 luisse
2044 3426 2135 3507 dicia,

125 3518 248 3585 tulare
271 3524 345 3580 tuas
367 3513 597 3598 blasphemias,
620 3537 703 3599 quae
725 3517 761 3581 in
783 3517 889 3599 capita
899 3523 1011 3581 vestra
1030 3517 1112 3581 reci·
1164 3515 1257 3580 cuius
1278 3514 1405 3579 iustitia
1426 3513 1717 3597 superabundaret,
1747 3513 1933 3595 ubicunque
1955 3513 2138 3578 abundaret

123 3602 228 3670 dant
280 3601 366 3666 Nam
395 3601 481 3665 mihi
505 3611 563 3666 tua
589 3603 736 3669 enuncia
767 3605 930 3685 patienter
963 3599 1113 3685 excipere
1164 3607 1341 3683 peecatum.
1394 3600 1498 3683 Atqui
1518 3600 1599 3665 haee
1618 3621 1689 3669 nna
1710 3621 1774 3665 vox
1796 3597 1940 3664 ostendit
1960 3606 1994 3664 te
2016 3598 2138 3664 diaboli

119 3690 315 3771 molestum
337 3708 402 3752 non
425 3696 485 3763 est,
508 3686 604 3752 modo
625 3689 744 3767 Deum,
762 3689 869 3754 'cuius
892 3708 1007 3754 servus
1029 3710 1111 3767 snm,
1163 3686 1322 3751 instinctu
1344 3707 1386 3750 ex
1407 3685 1522 3750 inferis
1544 3685 1712 3768 prodiisse,
1734 3685 1790 3769 qui
1808 3684 1938 3767 pietatis
1956 3684 2031 3750 fuco
2048 3705 2136 3750 orsa·

116 3791 202 3844 non
228 3773 411 3857 attingant:
445 3773 583 3844 etmihi
611 3782 643 3838 te
665 3774 706 3838 ad
734 3775 804 3840 eius
825 3772 973 3839 tribunal
995 3795 1112 3857 provo·
1164 3772 1330 3837 sissimum
1348 3769 1496 3855 quodque
1513 3771 1719 3836 mendacium
1731 3779 1855 3854 tegens,
1878 3768 2049 3835 Christum
2060 3791 2136 3854 pro-

115 3879 210 3930 ‹tare
231 3859 338 3937 heaut,
361 3867 399 3924 nt
420 3879 479 3924 suo
501 3866 648 3942 tempore
670 3869 826 3943 appareat
846 3882 924 3926 snae
947 3858 1113 3925 doctrinae
1164 3859 1283 3924 caciter
1304 3857 1438 3922 rideres.
1482 3857 1569 3922 Nam
1592 3858 1620 3922 si
1641 3855 1827 3939 ubieunque
1843 3855 2003 3940 regnabat
2024 3877 2137 3939 pecca-

117 3946 274 4022 vindex,
297 3964 394 4028 quam
415 3944 451 4008 in
471 3965 611 4027 persona
632 3966 705 4012 mea
726 3947 847 4011 furiose
869 3967 1050 4029 oppugnas.
1164 3952 1235 4009 tum
1256 3941 1541 4026 superabundavit¹
1556 3942 1681 4009 Christi
1702 3942 1843 4020 iustitia,
1871 3941 1973 4006 nihilo
1995 3942 2138 4008 deterior

225 4031 281 4096 De
314 4038 433 4096 natura
465 4031 537 4096 veri
564 4029 629 4096 Dei
663 4052 759 4114 quam
791 4032 938 4114 apposite
972 4030 1113 4097 disseras
1163 4031 1226 4097 erit
1247 4030 1347 4095 Pilati
1370 4028 1422 4094 vel
1444 4029 1561 4108 Iudae,
1589 4050 1686 4112 quam
1708 4028 1801 4093 Petri
1830 4026 1884 4092 vel
1906 4027 2002 4093 Pauli
2024 4026 2136 4095 condi·

114 4113 216 4187 hinc
252 4117 428 4182 aestiment
459 4117 610 4194 leotores,
649 4116 735 4198 quod
768 4117 838 4182 eius
870 4117 1113 4200 cognoscendae
1165 4118 1219 4182 tio.
1265 4117 1374 4204 Atque
1397 4124 1434 4179 ut
1455 4114 1495 4179 de
1517 4115 1628 4186 Pilato
1655 4124 1796 4192 taceam,
1824 4112 1948 4179 Christi
1976 4114 2135 4179 iustitiam

116 4202 315 4274 exordium
328 4203 408 4268 facis
421 4223 551 4267 asensu
568 4204 740 4268 communi.
769 4202 878 4267 Deum
890 4202 1020 4285 quidem
1032 4224 1112 4283 osse,
1164 4202 1289 4268 Paulus
1317 4201 1356 4266 ab
1385 4202 1547 4286 evangelii
1574 4200 1639 4266 fide
1667 4199 1813 4283 separari
1845 4206 2135 4282 [pag.112]posse

115 4291 288 4374 gentium
310 4288 457 4354 omnium
480 4297 512 4352 st
534 4297 679 4353 aetatum
690 4309 851 4354 consensu
868 4297 1035 4371 receptum
1054 4299 1112 4369 est,
1165 4298 1271 4371 negat.
1321 4289 1372 4352 Tu
1401 4308 1464 4370 quo
1496 4297 1643 4370 tempore
1671 4294 1821 4351 versatus
1848 4293 1898 4351 est
1924 4285 2078 4351 Christus
2098 4284 2134 4348 in

118 4375 397 4461 [pag..109]quia
419 4373 614 4439 naturaliter
625 4374 778 4439 humanis
788 4375 954 4441 mentibus
975 4375 1111 4440 insitum
1157 4374 1270 4451 terris,
1293 4370 1459 4456 quoduam
1480 4373 1515 4436 in
1537 4371 1648 4437 Gallia
1670 4372 1769 4437 fuisse
1796 4371 2006 4455 evangelium
2036 4370 2134 4449 dices,

117 4475 183 4532 ast
210 4461 312 4526 hnins
334 4460 469 4526 notitiae
491 4459 689 4543 principium
711 4469 744 4524 et
765 4481 885 4525 semen.
919 4458 1035 4540 Qualis
1054 4482 1111 4525 au·
1165 4457 1300 4540 aliisque
1322 4459 1510 4542 longinquis
1533 4457 1707 4541 gentibus?
1753 4455 1865 4537 Quid?
1889 4478 1931 4521 an
1952 4477 2020 4520 non
2041 4456 2134 4521 Deus

112 4553 199 4619 tem
225 4547 383 4624 aitDeus,
405 4545 567 4628 quomodo
589 4548 672 4610 ratio
694 4545 836 4623 definiet,
859 4567 941 4628 quae
959 4567 1020 4611 sua
1037 4567 1111 4629 per·
1164 4554 1241 4609 ante
1262 4543 1321 4608 filii
1343 4547 1394 4609 sui
1416 4542 1593 4620 adventum
1615 4543 1703 4607 idem
1725 4542 1815 4608 erat?
1867 4542 1935 4608 Cur
1957 4562 2034 4624 ergo
2057 4560 2134 4624 sup-

118 4634 281 4724 spioacia
302 4633 386 4698 nihil
408 4629 498 4698 aliud
518 4639 625 4714 potest
645 4653 744 4715 qnam
765 4633 938 4697 veritatem
960 4633 997 4697 in
1019 4653 1111 4696 men·
1164 4650 1312 4713 pressum
1330 4628 1438 4694 tenuit
1458 4629 1574 4693 salutis
1596 4629 1789 4694 thesaurum
1817 4649 1919 4711 usquo
1941 4624 1983 4691 ad
2004 4636 2134 4708 tempus

120 4721 272 4790 dacium
293 4718 454 4784 vertendo
476 4715 662 4784 adulterare
690 4716 848 4801 quidquid
874 4717 1111 4802 intelligentiae
1163 4714 1396 4799 plenitudinis?
1441 4714 1555 4780 Plenis
1576 4715 1642 4779 iam
1669 4714 1778 4781 buccis
1800 4713 1907 4780 rideas
1929 4731 2062 4777 necesse
2084 4717 2134 4776 est

118 4820 161 4876 at
194 4805 284 4872 lucis
312 4805 412 4870 habet
443 4823 523 4869 vera
550 4804 666 4888 religio
699 4812 733 4873 et
759 4803 861 4869 fides?
911 4802 1112 4869 Stulteaoere
1163 4798 1249 4885 qnod
1271 4799 1363 4866 docet
1383 4801 1518 4880 Paulus,
1540 4801 1576 4864 in
1599 4796 2049 4885 evangeliipromulgatioue
2075 4817 2134 4883 pa-

120 4912 194 4960 nos
220 4889 312 4955 iubet
333 4890 468 4974 spiritus
488 4901 628 4968 sanctus,
652 4900 689 4954 ut
711 4890 858 4958 coelestis
881 4889 1046 4955 doctrinae
1068 4889 1111 4954 si·
1164 4887 1318 4952 tefactum
1340 4887 1439 4952 fnisse
1460 4887 1664 4972 mysterium,
1685 4883 1771 4968 quod
1790 4884 1883 4968 prius
1905 4884 1940 4947 in
1957 4881 2030 4946 Deo
2051 4880 2134 4952 lata·

119 4993 209 5046 Inus
233 4976 399 5059 discipuli:
423 4977 500 5059 quia
521 4975 784 5041 animalishomo
806 4976 888 5040 nihil
906 4977 977 5040 eius
998 4996 1112 5059 capere
1163 4973 1219 5039 bat
1245 4971 1379 5054 (Ephes.
1396 4976 1429 5057 3,
1449 4972 1492 5058 9).
1536 4970 1621 5037 ¹Iam
1652 4970 1815 5055 publicata
1847 4966 2010 5052 evangelii
2040 4985 2132 5048 voce,

122 5067 186 5132 rel
224 5072 359 5148 gustaro
391 5070 499 5144 potest
532 5064 564 5141 (1
587 5061 661 5126 Cor.
682 5067 711 5138 2,
736 5063 798 5146 14).
851 5063 902 5127 Τιι
930 5068 1043 5144 contra
1071 5060 1111 5127 de
1163 5080 1230 5123 non
1249 5056 1291 5122 ad
1312 5056 1393 5123 alios
1414 5059 1568 5143 pervenit
1587 5058 1714 5124 Christi
1736 5055 1869 5134 iustitia,
1897 5054 1959 5118 nisi
1982 5053 2038 5137 qui
2060 5073 2133 5135 eam

132 5149 312 5238 mysteriis
322 5147 388 5214 Dei
398 5146 555 5215 indicium
566 5148 636 5213 fieri
659 5150 710 5215 via
721 5169 762 5213 ex
785 5147 930 5214 hnmano
940 5167 1054 5214 seusu:
1078 5154 1111 5212 et
1162 5144 1392 5228 fidaamplexi
1414 5153 1502 5212 sunt.
1552 5141 1649 5211 Unde
1676 5162 1772 5226 porro
1794 5139 1854 5205 tibi
1875 5137 1977 5205 fides?
2023 5138 2062 5206 Si
2080 5160 2134 5232 ref
