4724 5886
306 1520 478 1588 Fidelibns
500 1519 626 1589 Obristi
648 1519 819 1600 ministris,
843 1522 1023 1608 'ligurinae
1045 1521 1211 1603 eoolosiae,
1233 1522 1425 1603 Bemensis,
1446 1521 1655 1605 Basiliensis,
1676 1523 1914 1606 Soaffusianae,
1938 1523 2108 1594 Ouriensis
2129 1533 2165 1595 et

153 1634 255 1702 totins
276 1633 469 1712 Rhaetieae,
492 1631 731 1718 Sangallensis,
753 1632 939 1713 Biellensis,
962 1632 1214 1720 Milhusinae,a)
1241 1635 1493 1719 Neoeomensis,
1522 1637 1710 1720 pastoribus
1732 1638 1929 1724 symmystis
1951 1643 1987 1704 et
2006 1638 2165 1706 fratribus

152 1744 374 1832 integerrimis
396 1751 430 1810 et
451 1765 531 1811 vere
552 1741 707 1812 eolendis.

306 1855 379 1922 Iam
401 1855 504 1940 elapsi
525 1863 605 1923 sunt
625 1857 705 1921 anni
725 1865 881 1940 quatuor,
908 1856 1090 1924 venerandi
1113 1859 1245 1938 fratres,
1272 1879 1375 1942 quum
1397 1859 1433 1924 in
1459 1858 1567 1927 luoem
1588 1857 1710 1943 prodiit
1731 1856 1773 1926 de
1794 1860 2015 1927 saeramentis
2037 1861 2166 1928 euntes·

151 1970 252 2036 sionis
274 1974 406 2045 nostrae
427 1987 566 2046 summa,
589 1988 655 2051 qua
675 1967 812 2034 tandem
834 1968 995 2036 infaustas
1016 1969 1259 2049 eontentiones,
1287 1991 1371 2056 quae
1391 1969 1491 2036 nimis
1520 1970 1578 2037 din
1607 1971 1679 2056 pios
1707 1979 1742 2037 et
1764 1970 1877 2039 doetos
1898 1972 1988 2039 viros
2009 1993 2166 2040 exerens-

150 2089 237 2158 rant,
259 2101 394 2167 prorsus
416 2079 615 2146 exstinctum
637 2079 677 2144 iri
701 2067 903 2163 putavimus.
953 2082 999 2147 Et
1025 2088 1113 2148 oerte
1140 2083 1176 2148 in
1202 2080 1261 2147 illa
1286 2081 1448 2150 brevitate
1476 2081 1639 2166 oomplexi
1667 2101 1800 2149 eramus
1829 2083 1918 2166 quod
1940 2081 1983 2149 ad
2004 2081 2167 2152 sedandae

150 2194 254 2263 bonas
281 2201 408 2259 mentes
436 2191 615 2258 suffioeret:
652 2212 770 2277 resque
799 2193 871 2277 ipsa
897 2192 1058 2275 ostendit,
1085 2194 1242 2280 gravibus
1269 2199 1303 2258 et
1330 2192 1474 2260 oordatis
1495 2194 1578 2260 viris
1605 2212 1673 2260 non
1700 2193 1796 2260 modo
1823 2192 1986 2278 plaouisse
2015 2201 2167 2261 nostrum

150 2305 338 2386 eonsilium,
365 2303 424 2370 sed
451 2323 523 2370 rem
550 2323 680 2389 qnoque
707 2303 815 2388 ipsam
829 2303 854 2388 ¹)
881 2325 956 2371 esse
982 2305 1164 2389 probatam.
1216 2303 1313 2386 Quod
1341 2304 1370 2370 si
1398 2305 1432 2371 in
1461 2303 1656 2389 quibusdam
1683 2305 1788 2372 maior
1814 2305 1878 2373 fuit
1896 2304 2086 2389 pertinenia,
2110 2305 2166 2372 vel

150 2416 261 2496 etiam
284 2416 381 2482 utin
402 2413 501 2482 rebus
521 2414 661 2481 turbatis
683 2415 754 2481 fieri
776 2414 874 2494 solet,
904 2415 1003 2482 altius
1028 2417 1135 2482 infixa
1156 2416 1313 2500 suspioio,
1340 2437 1440 2500 quam
1462 2417 1558 2482 utin
1580 2415 1723 2483 eundem
1752 2416 1865 2484 statim
1887 2436 2083 2484 eonsensum
2104 2435 2167 2482 no-

149 2530 278 2598 bieonm
298 2524 543 2606 descenderent,
566 2526 698 2593 silentio
720 2533 829 2592 tamen
853 2547 915 2594 suo
937 2527 1048 2594 testati
1070 2535 1159 2607 sunt,
1182 2527 1267 2593 nihil
1295 2526 1357 2594 sibi
1382 2525 1490 2594 rideri
1518 2529 1636 2595 melius
1659 2549 1760 2612 quam
1781 2549 1898 2613 paoem
1920 2535 1953 2594 et
1976 2527 2167 2613 tranquilli·

24 2628 30 2637 ⁴
148 2639 292 2725 tatem2)
314 2640 431 2707 oolere.
474 2637 609 2704 Interea
630 2636 756 2708 indoeti
776 2638 912 2723 qnidam
934 2639 1083 2705 homines
1104 2644 1140 2706 et
1161 2638 1359 2719 turbulenti,
1388 2637 1522 2724 reliquis
1547 2640 1751 2721 tabentibus,
1780 2646 1911 2705 unum
1939 2637 2104 2706 elamandi
2125 2639 2166 2706 li-

149 2755 295 2821 eentiam
315 2751 378 2819 sibi
399 2755 624 2833 sumpserunt,
646 2756 684 2815 nt
706 2747 753 2816 ab*
768 2750 1103 2839 eorumintemperie
1133 2770 1256 2818 novum
1284 2748 1493 2834 inoendium,
1521 2751 1587 2818 nisi
1609 2751 1740 2818 obviam
1762 2758 1873 2832 eatur,
1901 2750 2089 2817 timendum
2111 2750 2165 2818 sit

150 2864 242 2949 Quia
262 2885 342 2932 vero
364 2870 398 2930 et
417 2863 514 2947 pauoi
537 2866 616 2929 sunt
634 2881 782 2941 numero,
805 2869 839 2929 et
860 2860 954 2928 nulla
972 2862 1086 2930 subest
1105 2861 1223 2944 virtus,
1250 2882 1334 2946 quae
1354 2860 1455 2929 fidem
1476 2860 1531 2929 vel
1552 2863 1764 2929 autoritatem
1792 2863 1875 2947 ipsis
1905 2861 2070 2945 bonoiliet,
2099 2863 2167 2930 imo

150 2978 288 3046 eenfnsa
307 2983 342 3042 et
361 2974 506 3060 insipida
526 2973 705 3059 garrulitas
726 2993 794 3039 non
811 2974 928 3040 minus
950 2973 1107 3042 ridiculos
1134 2994 1233 3058 quam
1259 2972 1387 3041 odiosos
1409 2972 1534 3054 reddit,
1560 2974 1678 3042 merito
1708 2975 1874 3042 contemni
1901 2978 2072 3058 poterant,
2101 2972 2168 3042 nisi

149 3091 315 3176 fingentes
342 3086 507 3172 publicam
535 3107 571 3153 se
598 3106 732 3152 eausam
758 3105 870 3170 agere,
899 3086 978 3154 lieet
999 3085 1123 3153 nullius
1145 3085 1213 3151 sint
1233 3086 1347 3170 pretii,
1370 3092 1483 3153 tamen
1510 3086 1594 3152 falso
1615 3092 1793 3170 praetextu
1815 3084 2008 3169 deciperent
2034 3091 2109 3167 [pag.
2133 3089 2167 3167 4]

149 3201 273 3268 multos
294 3199 394 3266 rudes
415 3207 448 3265 et
469 3199 649 3283 imperitos.
658 3200 688 3284 ⁸)
732 3195 801 3265 Sed
823 3196 902 3264 dum
923 3196 1074 3265 videmus
1100 3197 1282 3282 plurimum
1303 3218 1436 3279 nouere,
1467 3203 1501 3265 et
1528 3204 1643 3264 nostra
1670 3198 1832 3282 patientia
1856 3217 2004 3265 oresoere
2029 3197 2064 3263 in
2095 3195 2166 3263 dies

148 3314 298 3399 ipsorum
318 3310 498 3391 audaoiam,
520 3330 651 3393 magna,
674 3317 712 3375 ut
733 3307 885 3390 arbitror,
907 3310 1058 3395 iustaque
1080 3311 1258 3377 nenessitas
1279 3330 1338 3377 nos
1359 3308 1401 3376 ad
1422 3307 1671 3377 reolamandum
1690 3309 1787 3396 eogit.
1818 3309 1991 3394 Equidem,
2014 3309 2166 3394 quamvis

125 3445 269 3492 eorum
296 3423 419 3507 scripta
444 3422 598 3502 volitent,
633 3419 751 3508 quibus
779 3421 969 3488 eruoiantur
997 3421 1091 3501 boni,
1126 3421 1303 3489 turbantur
1328 3421 1470 3502 infirmi,
1498 3421 1640 3505 improbi
1666 3420 1709 3490 ad
1737 3421 1916 3488 rixandum
1925 3420 1956 3507 ⁴)
1982 3428 2165 3504 armantur,

148 3557 249 3622 aegre
270 3543 383 3601 tamen
403 3542 438 3600 et
459 3532 609 3600 dolenter
630 3531 790 3599 adductus
813 3554 895 3613 sum,
919 3539 957 3599 ut
979 3553 1093 3600 eorum
1120 3533 1296 3600 stultitiam
1323 3530 1453 3617 publioe
1481 3530 1675 3599 refellerem.
1725 3532 1794 3600 Sed
1815 3533 1892 3617 quia
1913 3531 1997 3598 mihi
2019 3531 2166 3600 erudelis

145 3648 220 3716 t'ore
240 3647 388 3728 videbar,
410 3647 474 3712 nisi
498 3643 651 3713 disonmis
661 3645 797 3711 illorum
808 3643 945 3711 fallaoiis
956 3644 1059 3711 bonos
1070 3650 1104 3710 et
1125 3643 1291 3729 simplioes
1312 3664 1424 3711 errore
1445 3644 1630 3725 liberarem,
1652 3664 1719 3710 non
1740 3643 1889 3710 dubitavi
1911 3662 2026 3710 eorum
2038 3651 2167 3728 proter-

108 3831 117 3843 ,
145 3760 264 3845 riae⁶)
285 3779 340 3824 me
362 3758 464 3825 libere
486 3776 660 3843 opponere.
704 3757 829 3823 Dootos
851 3756 949 3822 etiam
972 3763 1145 3841 etgraves
1168 3755 1267 3835 viros,
1296 3775 1436 3841 qnorum
1457 3776 1578 3822 nomen
1600 3755 1657 3822 isti
1683 3754 1795 3821 frivoli
1817 3754 2006 3840 hominesb)
2029 3755 2167 3842 indigne

145 3868 346 3951 obtendunt,
368 3870 421 3936 sui
440 3869 538 3936 offleii
559 3888 694 3934 monere
715 3867 814 3949 volui,
837 3890 879 3934 ne
901 3869 987 3936 hano
1008 3867 1227 3952 petulantiam
1248 3867 1337 3932 ultra
1358 3868 1502 3952 grassari
1520 3867 1680 3952 sinant⁶)
1713 3867 1950 3953 Praeterquam
1967 3869 2056 3934 enim
2078 3868 2166 3953 qnod

144 3985 223 4070 pios
245 4001 360 4049 omnes
381 3981 460 4047 dare
482 4000 615 4064 operam
638 3979 866 4059 convenitne
888 3980 1020 4064 longius
1040 3986 1153 4063 serpat
1173 3978 1261 4063 quod
1283 3999 1344 4062 per
1370 3979 1432 4045 has
1457 3981 1545 4045 faees
1573 3977 1696 4045 excitat
1717 3977 1824 4046 Satan
1846 3978 2052 4060 inoendium,
2075 3987 2165 4047 oerte

144 4116 274 4175 eorum,
294 4093 335 4160 de
356 4094 474 4178 quibus
495 4092 620 4177 loquor,
642 4091 750 4176 magis
771 4112 870 4175 quam
893 4098 1008 4157 nostra
1029 4091 1177 4171 interest,
1200 4089 1462 4176 importunumc)
1484 4091 1649 4157 terrorem
1665 4090 1836 4175 eompesoi,
1858 4090 1968 4174 quiin
1990 4112 2164 4159 eommune

307 4389 336 4453 a)
355 4383 517 4438 llilbnsinas
541 4383 636 4437 oberot
659 4396 677 4434 a
697 4379 809 4435 Caluini
830 4379 1009 4450 autoprapbo.
1049 4380 1082 4434 ln
1107 4381 1186 4437 titulo
1205 4380 1348 4451 Epistulae
1370 4379 1405 4435 ad
1427 4380 1564 4435 ministros
1588 4379 1656 4436 ecel.
1673 4380 1774 4438 helvet
1796 4396 1851 4438 non
1869 4380 2096 4451 praetereundum
2114 4386 2163 4437 ant

140 4469 328 4532 omittendum
344 4469 451 4525 ridetur
469 4468 634 4524 Mulhusium
652 4464 725 4536 quod
743 4472 772 4520 et
789 4465 907 4521 Bielensi
925 4467 1058 4522 ecelesiae
1077 4466 1289 4536 subiungendum
1307 4467 1477 4523 arbitramur.
1512 4464 1586 4520 Ball.

306 4555 336 4621 1)
354 4560 447 4611 nostre
466 4555 587 4617 doetrine
605 4553 674 4608 ainsi
692 4551 789 4621 qu'elle
809 4559 851 4607 est
869 4552 898 4608 u
915 4559 1057 4608 contenue.

305 4641 336 4709 2)
356 4642 454 4696 amitit.

305 4726 335 4793 3)
354 4728 395 4784 les
412 4726 533 4782 infirmes
551 4727 647 4794 quine
666 4731 729 4780 sont
746 4737 796 4792 pas
814 4738 893 4779 assez
911 4740 1000 4780 rusez.

305 4812 335 4879 4)
354 4815 372 4869 b
388 4812 513 4868 mesdire.

226 4936 237 4967 ς
306 4899 336 4968 b)
355 4901 372 4955 t
389 4899 442 4955 tels
458 4905 562 4954 rustres
579 4895 625 4967 qui
642 4911 676 4952 ne
694 4894 857 4950 demandent
874 4910 927 4964 que
945 4897 962 4951 t
978 4901 1077 4953 mettre
1094 4902 1156 4954 tout
1172 4910 1207 4951 en
1225 4893 1376 4950 confusion.

306 4985 338 5051 b)
356 4984 506 5040 nebulones
525 4981 589 5038 Ma.

306 5070 336 5138 6)
355 5087 407 5141 que
426 5069 493 5125 c'est
510 5084 563 5126 une
580 5071 664 5127 honte
682 5072 699 5125 t
717 5084 769 5124 eux
787 5066 820 5122 de
837 5066 947 5122 lasoher
964 5066 993 5122 la
1011 5065 1087 5122 bride
1106 5082 1142 5122 su
1159 5065 1212 5120 mal
1230 5081 1281 5135 par
1298 5064 1359 5121 leur
1377 5065 1486 5122 silente.

307 5160 335 5224 o)
353 5156 480 5214 stolidum
499 5154 563 5210 Mt.
