4748 5798
142 249 202 329 ur
716 263 781 330 an
802 260 1183 329 camerancensi
1205 259 1568 329 unenununsun.
2080 244 2142 331 at

142 452 278 518 tollatur
287 452 398 518 localis
409 454 610 536 praesentiae
622 459 656 517 et
664 452 896 519 immensitatis
912 452 1116 536 figmentum.
1254 450 1383 534 Arripit
1392 457 1506 534 postea
1518 452 1646 518 triviale
1659 454 1682 537 ¹)
1701 451 1783 517 illud
1793 454 1990 519 convicium:
2012 455 2143 540 Negare

143 539 318 605 Transsilit
339 537 455 604 deinde
477 538 519 603 ad
540 539 690 604 Missam:
714 560 796 622 quae
813 538 965 621 quoniam
986 536 1117 601 histrio-
1169 556 1229 600 nes
1251 535 1377 601 Christi
1399 537 1615 615 divinitatem,
1644 538 1782 604 verbum
1804 537 1903 604 EST
1929 541 2144 623 significative

143 624 216 691 nica
241 625 325 690 aetio
352 633 386 688 et
407 625 519 690 simiae
548 625 723 690 aemulatio
755 646 774 689 a
802 624 940 691 Calvino
973 625 1116 699 vocatur,
1154 629 1227 685 -aut
1256 622 1432 705 figurative
1464 624 1637 690 sumendo:
1666 625 1819 708 quoniam
1848 623 1933 690 idem
1961 625 2081 690 valebit
2107 627 2142 691 in

143 709 308 776 concludit
324 709 491 775 Christum
515 710 616 794 igitur
638 710 766 776 simiam
789 731 859 776 esso
870 719 903 774 et
915 708 1116 785 histrionem,
1169 707 1242 772 aliis
1263 706 1355 773 locis:
1385 710 1435 773 Τιι
1458 730 1493 774 es
1515 709 1602 774 filius
1629 732 1721 776 meus
1748 710 1898 788 dilectus3
1927 719 1971 775 et:
1994 711 2143 777 Verbum

144 817 185 862 ex
207 797 300 861 euius
322 803 492 879 praecepto
514 818 630 880 corpus
652 797 831 863 coniicitur.
867 794 1118 859 Atrocissimum
1169 812 1244 856 caro
1269 795 1394 859 factum
1421 802 1480 859 est.
1524 795 1687 862 Collectos
1714 796 1839 861 scilicet
1870 819 1912 861 ex
1940 795 2106 864 Saronico
2114 795 2142 884 ²)

144 883 276 959 crimen,
310 884 337 947 si
370 880 501 947 accedat
533 880 688 965 probatio.
702 883 728 964 ¹)
778 881 868 947 Citat
894 878 1010 944 verba:
1042 878 1116 944 Hoc
1170 878 1334 964 theologia
1355 878 1479 963 lapides
1500 881 1571 946 sine
1592 902 1712 965 magno
1733 881 1842 946 labore
1864 883 1898 947 in
1923 903 1983 947 nos
2005 883 2142 966 proiicit,

143 968 237 1032 facite
256 967 292 1031 in
314 967 379 1031 mei
399 969 598 1032 memoriam.
643 967 829 1051 Negabitur
851 987 928 1050 ergo
949 986 1024 1030 cum
1046 984 1115 1027 ma·
1169 964 1225 1029 sed
1252 986 1333 1047 quos
1360 987 1471 1047 secure
1499 975 1709 1032 contemnere
1730 964 1913 1050 'possumus
1945 969 2022 1051 quia
2048 989 2143 1035 cacco

143 1053 244 1138 gistro
267 1074 327 1119 sno
354 1053 453 1118 Eccio
480 1061 514 1117 et
539 1061 607 1117 tota
628 1053 769 1131 cohorte,
788 1052 966 1116 Christum·
988 1048 1115 1114 dedisse
1168 1051 1293 1133 impetu
1328 1050 1390 1116 alie
1423 1052 1573 1117 feruntur
1606 1074 1709 1135 neque
1742 1074 1801 1118 nos
1833 1055 2007 1137 attingunt.
2056 1055 2144 1120 Fixa

142 1138 334 1204 mandatum
361 1138 572 1205 sacrificandi.
584 1141 611 1221 ²)
655 1138 758 1204 Iussit
785 1137 938 1203 Christus
966 1135 1115 1219 exemplo
1167 1137 1265 1215 enim,
1289 1137 1341 1202 vel
1362 1138 1571 1219 crepantibus
1592 1139 1664 1203 istis
1675 1139 1826 1204 omnibus
1837 1140 1976 1218 furiosis,
1997 1140 2143 1205 mauebit

143 1245 200 1291 suo
234 1225 468 1290 communicari
507 1226 595 1289 inter
633 1222 744 1289 fideles
775 1244 894 1306 panem
927 1232 960 1287 et
990 1223 1113 1287 vinum.
1167 1221 1328 1304 generalis
1361 1224 1491 1307 regula:
1526 1222 1568 1287 In
1596 1225 1746 1289 omnibus
1773 1227 1984 1290 sacramentis
2011 1227 2143 1291 subesse

144 1311 299 1394 Accipite,
321 1311 437 1393 inquit,
456 1309 640 1375 distribuite
652 1312 740 1375 inter
751 1330 816 1374 vos.
841 1306 930 1390 Quid
942 1305 1113 1396 Papista'e?
1166 1309 1307 1391 figuram
1327 1318 1384 1373 aut
1406 1319 1545 1392 tropum,
1569 1311 1759 1392 quotiesrcs
1771 1308 1810 1374 de
1823 1311 1915 1393 signo
1927 1310 2143 1394 praedicatur,

142 1396 255 1461 Primo
286 1395 458 1461 Christum
494 1396 680 1461 immolent:
715 1394 832 1459 deinde
886 1393 1019 1477 epulum
1058 1414 1114 1457 ex·
1155 1407 1224 1457 ‚aut
1247 1395 1375 1475 signum
1395 1393 1434 1459 de
1456 1400 1539 1472 rell)
1584 1396 1684 1460 Petra
1705 1403 1777 1461 erat
1797 1395 1965 1476 Christus,
1993 1419 2037 1463 an
2064 1398 2142 1463 sub-

143 1482 383 1547 communicant
405 1481 548 1564 quotidie
570 1483 611 1546 ab
634 1502 690 1546 esu
713 1482 817 1563 panis.
852 1417 949 1561 &uod
971 1479 999 1543 si
1022 1487 1114 1561 quot·
1168 1479 1384 1544 stantialiter?
1430 1479 1468 1546 Si
1497 1502 1581 1566 aqua
1610 1480 1763 1564 baptismi
1790 1491 1902 1546 nostra
1931 1493 1980 1546 est
2009 1482 2153 1563 ablutio,

143 1568 238 1632 annis
271 1566 373 1632 semel
409 1569 562 1650 panem³)
601 1569 787 1650 porrigant,
822 1565 975 1630 fraudant
1012 1564 1116 1629 altera
1166 1564 1245 1647 quid
1271 1566 1423 1649 sanguini
1453 1566 1577 1632 Christi
1611 1566 1692 1631 fiet?
1727 1567 1817 1650 Ergo
1850 1589 1948 1650 quum
1983 1569 2077 1652 panis
2109 1578 2143 1633 et

142 1663 247 1735 parte:
271 1655 357 1717 acsi
379 1674 547 1736 nunquam
575 1653 697 1718 dietum
728 1660 824 1716 esset:
846 1651 956 1717 Bibite
986 1673 1027 1714 ex
1054 1649 1116 1714 hoc
1167 1650 1252 1715 calix
1271 1671 1381 1717 sacrae
1399 1674 1518 1718 coenae
1536 1653 1632 1736 signa
1649 1652 1724 1730 sint,
1742 1652 1907 1737 colligitur
1925 1675 1965 1719 ex
1983 1663 2141 1738 perpetuo

143 1760 262 1804 omues.
306 1738 370 1804 Ubi
398 1738 438 1803 de
465 1760 550 1821 pane
580 1761 686 1803 sermo
715 1737 863 1817 hahetur,
891 1739 1010 1802 omissa
1043 1735 1116 1799 uni·
1167 1737 1348 1819 scripturae
1370 1760 1442 1816 usu,
1461 1739 1727 1822 interpretatione
1739 1759 1808 1803 esse
1820 1758 1901 1821 opus
1914 1761 1996 1822 quae
2007 1741 2142 1805 minime

143 1824 262 1889 versali
290 1832 382 1903 nota,
412 1833 584 1890 contentus
606 1826 668 1888 fuit
689 1822 840 1889 Christus
861 1823 1052 1905 simpliciter
1075 1820 1116 1885 ad
1168 1833 1279 1888 coacte
1300 1831 1359 1901 est,
1382 1822 1438 1888 sed
1460 1834 1576 1907 sponte
1600 1845 1679 1889 sano
1706 1824 1828 1891 lectori
1848 1826 1996 1890 occurrit
2040 1826 2142 1908 Atqui

142 1909 304 1975 edendum
326 1911 460 1975 hortari.
480 1909 546 1976 Ubi
568 1910 608 1974 ad
631 1909 762 1974 calicem
780 1919 917 1973 ventum
931 1916 989 1986 est,
1005 1929 1117 1972 omues
1168 1908 1351 1988 Iohannes,
1384 1911 1411 1975 si
1443 1919 1594 1993 putasset
1636 1917 1765 1993 tropum
1799 1910 1946 1990 subesse,
1975 1910 2008 1976 id
2044 1911 2141 1993 plane

140 1995 232 2060 iubet
253 1996 371 2061 bibere.
417 2001 491 2076 [pag.
510 2000 564 2076 31]
587 1995 770 2061 Prohibitio
789 1993 992 2060 Gabrielicae
1014 1993 1116 2059 eccle·
1167 1995 1390 2076 explicuisset:
1413 1995 1497 2078 quod
1519 2018 1584 2060 nou
1606 1995 1691 2060 fecit.
1727 1994 1824 2076 Quid,
1841 1996 1964 2061 bestia?
1988 1999 2042 2060 An
2054 1995 2140 2080 apud

138 2083 244 2165 siae⁴)
267 2102 335 2146 non
356 2080 450 2145 mode
468 2081 635 2165 integrum
646 2102 765 2146 coenae
776 2099 872 2145 usum
885 2080 925 2145 ad
947 2079 1116 2144 dimidiam
1167 2080 1348 2146 Iohannem
1370 2080 1439 2146 ulla
1459 2082 1521 2145 fuit
1538 2101 1656 2147 coenae
1677 2081 1823 2147 mentio?
1868 2081 1988 2147 Fateor
2009 2082 2143 2165 quidem

135 2179 268 2250 partem
290 2167 467 2250 restringit,
489 2168 546 2232 sed
568 2188 609 2231 ex
632 2168 774 2250 professo
797 2165 881 2249 quod
908 2166 1034 2231 eunctis
1060 2162 1116 2227 de·
1167 2186 1301 2231 coenam
1330 2167 1413 2231 nihil
1441 2165 1529 2231 aliud
1556 2187 1627 2231 esse
1660 2188 1758 2250 quam
1791 2167 1974 2252 speculum,
2009 2168 2045 2231 in
2078 2189 2141 2250 quo

135 2253 234 2318 derat
256 2252 417 2330 Christus,
440 2253 572 2316 nonnisi
605 2253 645 2317 ab
676 2274 740 2316 uno
765 2252 918 2336 deglutiri
948 2253 1077 2338 patitur.
1087 2250 1117 2333 ὗ)
1167 2261 1431 2335 repraesentatur
1453 2250 1607 2335 quidquid
1628 2253 1774 2318 continet
1801 2252 1920 2318 nobilis
1947 2253 2003 2318 illa
2030 2254 2141 2319 concio

132 2337 338 2420 Quanquam
360 2358 427 2402 non
450 2339 514 2402 huo
535 2339 640 2403 solum
662 2339 806 2419 respexit
827 2337 995 2414 Calvinus,
1016 2336 1115 2401 saeri-
1167 2358 1265 2421 quam
1287 2339 1386 2403 refert
1396 2337 1562 2403 Iohannes
1585 2342 1613 2402 6.
1636 2340 1755 2421 capite:
1779 2347 1875 2421 atque
1888 2337 1963 2404 inde
1974 2345 2141 2421 stuporem

129 2427 216 2490 ficos
238 2423 372 2507 papales
394 2423 539 2489 vocando
560 2423 783 2488 histrioneset
805 2424 930 2488 simias:
953 2421 1117 2487 sedinnu·
1167 2431 1260 2487 tuum
1288 2443 1438 2508 coarguo.
1488 2424 1574 2488 Nam
1607 2426 1634 2490 si
1663 2420 1737 2505 [pag.
1763 2431 1816 2505 33]
1843 2445 1962 2507 panem
1989 2425 2079 2490 vitae
2106 2447 2141 2491 se

126 2531 248 2575 meras
287 2509 551 2593 gesticulationes
592 2510 779 2575 summatim
826 2508 1012 2592 complexus
1056 2514 1115 2586 est,
1167 2530 1298 2588 vocans,
1321 2519 1355 2575 et
1376 2511 1743 2587 earnemsuameibum,
1767 2511 2140 2595 etsanguinenrpotum‚

126 2596 260 2681 quibus
282 2596 403 2659 referta
423 2603 474 2660 est
501 2595 610 2661 missa.
655 2595 700 2659 Et
726 2594 814 2677 quid,
842 2596 983 2673 obsecro,
1011 2595 1116 2677 magis
1167 2616 1233 2661 non
1254 2596 1317 2661 nisi
1339 2617 1399 2679 per
1420 2595 1665 2662 similitudinem
1688 2596 1838 2679 loquitur,
1861 2618 1919 2661 cur
1937 2617 2001 2661 non
2026 2595 2141 2662 eadem

124 2679 379 2757 histrionicum,
402 2701 499 2763 quam
521 2681 555 2745 in
579 2680 636 2745 illo
664 2680 828 2764 praeclaro
857 2679 976 2744 vestitu
1004 2679 1116 2743 decem
1167 2703 1292 2766 quoque
1314 2679 1491 2746 similitudo
1513 2683 1548 2745 in
1570 2702 1688 2749 coenae
1710 2680 1874 2746 exstabit?
1913 2681 1998 2746 Caro
2015 2681 2141 2748 Christi

124 2767 301 2852 mysteria
321 2766 494 2832 fabricare:
527 2766 668 2831 fabulam
692 2787 790 2850 agere
816 2788 903 2832 nune
932 2765 1115 2842 motorium,
1167 2789 1246 2833 vere
1279 2775 1329 2833 est
1363 2768 1457 2851 panis
1491 2768 1654 2834 vivificus:
1688 2788 1749 2832 noc
1780 2775 1890 2832 tamen
1922 2769 1968 2833 sie
2003 2781 2141 2833 vocatur

124 2875 226 2919 nunc
250 2852 435 2917 statarium:
459 2859 611 2935 patenam
633 2853 809 2924 ventilare:
836 2873 924 2917 nune
946 2852 1115 2916 obvertere
1167 2854 1286 2936 absque
1307 2855 1423 2938 figura.
1467 2851 1577 2933 Quum
1598 2852 1685 2917 idom
1707 2853 1899 2935 interposito
1917 2853 2155 2937 signorepetit,

126 2947 271 3088 tergum
300 2937 434 3021 populo,
462 2960 551 3004 nuno
577 2939 694 3003 faeiem
725 2945 889 3003 momento
921 2934 1113 3001 ostendere?
1166 2948 1199 3003 et
1220 2941 1391 3005 confirmat
1411 2938 1573 3017 Christus,
1597 2961 1639 3004 an
1660 2947 1914 3004 consentaneum
1926 2940 1989 3003 erit
2001 2940 2142 3022 figuram

126 3023 178 3092 Se
229 3024 361 3106 ineptus
383 3045 467 3101 sum,
489 3024 545 3106 qui
565 3024 706 3106 pueriles
733 3024 812 3088 istos
839 3022 931 3088 lusus
958 3032 1115 3106 tanquam
1166 3025 1347 3103 excludere,
1370 3045 1452 3107 quae
1475 3026 1579 3109 magis
1600 3025 1662 3090 hae
1685 3027 1718 3088 in
1744 3023 1837 3107 parte
1855 3023 1896 3088 ad
1914 3023 2141 3089 demonstran·

130 3109 227 3176 aliud
251 3109 372 3173 serium
397 3130 621 3175 commemoro.
981 3147 984 3151 ·
1167 3110 1242 3176 dam
1264 3110 1393 3175 externi
1415 3111 1499 3195 signi
1521 3110 1681 3175 rationem
1705 3110 1886 3176 necessaria
1908 3108 1977 3174 est?
2013 3109 2142 3174 Verum

224 3195 298 3259 Iam
342 3197 419 3277 quia
459 3195 609 3259 Luthero
655 3202 688 3260 et
734 3194 888 3278 Zvinglio
933 3194 1115 3277 pepercerit
1166 3205 1205 3261 ut
1225 3196 1363 3262 bardum
1385 3196 1550 3260 hominem
1572 3196 1657 3260 nihil
1681 3193 1789 3278 pudet,
1816 3194 1946 3259 fortiter
1973 3193 2142 3259 contendit

134 3280 308 3360 Calvinus,
326 3280 913 3359 aliudcrimeninurituraGabriele,
935 3280 1114 3345 haereticos
1165 3283 1201 3346 in
1222 3282 1279 3346 illa
1300 3281 1452 3347 concione
1474 3282 1603 3364 proprie
1625 3289 1660 3345 ct
1678 3280 1849 3345 literaliter
1870 3280 1956 3344 sumi
1984 3279 2157 3363 quidquid,

136 3367 248 3450 ipsum
272 3367 390 3444 fovere,
413 3387 494 3450 quos
514 3367 604 3432 iubet
615 3366 769 3432 Christus
779 3365 892 3430 haberi
903 3387 962 3448 pro
974 3364 1114 3431 ethnicis
1166 3367 1293 3433 dieitur.
1338 3366 1407 3432 Cur
1439 3376 1549 3431 autem
1581 3366 1611 3430 ei
1642 3387 1709 3432 non
1735 3367 1828 3432 venit
1855 3365 1892 3429 in
1923 3373 2067 3430 mentem
2098 3387 2141 3431 ox

138 3463 169 3517 et
196 3449 390 3535 publicanis.
435 3450 538 3532 Quasi
570 3473 636 3517 non
670 3453 823 3536 excipere
846 3460 1033 3535 promptum
1061 3452 1113 3532 sit,
1167 3452 1390 3538 Augustino⁴)
1412 3452 1715 3535 interpretationem
1736 3449 1869 3535 petere?
1890 3451 1999 3535 Atque
2021 3449 2140 3515 utubi-

139 3560 198 3604 nec
228 3537 408 3603 haereticos
441 3559 584 3621 unquam
612 3538 721 3617 fuisse,
756 3538 906 3621 quamvis
939 3537 1047 3620 aliqua
1078 3538 1114 3602 in
1165 3561 1228 3623 que
1260 3539 1328 3605 eius
1360 3539 1502 3620 ineptiae
1536 3543 1730 3621 appareant,
1762 3538 1797 3601 in
1825 3537 1932 3601 locum
1966 3537 2139 3603 verborum

140 3631 232 3706 parte
254 3622 337 3706 lapsi
364 3625 439 3701 sint,
470 3644 531 3689 nec
557 3625 592 3687 in
622 3624 789 3689 eeclesiam
817 3633 1033 3702 contumaces,
1062 3624 1114 3688 oui
1166 3625 1306 3691 Christi:
1339 3625 1404 3690 Hic
1427 3623 1512 3689 calix
1534 3632 1585 3689 est
1606 3624 1740 3708 sanguis
1757 3643 1859 3702 meus,
1881 3643 1923 3686 ex
1944 3621 2141 3688 suomissali

140 3708 288 3786 fideliter,
311 3729 370 3773 nce
392 3710 463 3774 sine
484 3710 648 3775 uberrimo
669 3712 777 3775 fructu
802 3709 994 3775 servierunt.
1039 3709 1115 3776 Una
1166 3711 1347 3777 substituit:
1370 3708 1473 3795 niet)
1490 3718 1540 3775 est
1557 3710 1653 3773 enim.
1689 3706 1851 3774 Credatur
1861 3727 1948 3772 nunc
1959 3707 2140 3778 catholicae

140 3794 273 3860 interim
295 3795 413 3859 facetia
434 3804 602 3877 tantopere
625 3796 737 3860 arrisit
763 3795 889 3860 homini
916 3794 1049 3873 insulso,
1078 3801 1116 3858 ut
1165 3796 1242 3862 fidei
1267 3795 1430 3874 defensor,
1457 3795 1511 3861 oui
1538 3794 1669 3860 missale
1696 3801 1747 3859 est
1774 3793 1991 3877 evangelium.
2043 3793 2139 3874 Quod

140 3879 307 3963 probabile
326 3881 377 3960 sit,
400 3880 461 3946 hae
483 3879 551 3944 fere
574 3879 613 3945 de
631 3901 728 3946 causa
752 3882 984 3964 praefationem
1012 3879 1114 3963 scrip·
1166 3882 1306 3948 Lutheri
1340 3882 1449 3946 verbis
1481 3881 1601 3946 iterum
1635 3900 1695 3945 nos
1724 3886 1909 3963 oppugnat,
1946 3900 2014 3943 non
2041 3881 2158 3966 anxie*

140 3967 235 4045 sisse,
258 3965 379 4031 ncilla
405 3964 630 4032 intercideret:
657 3986 774 4049 nempe
801 3965 881 4031 dum
903 3966 1113 4047 Genemm’)
1165 3967 1201 4032 in
1224 3968 1419 4033 refutatione
1447 3965 1572 4032 laboro:
1596 3967 1671 4049 quia
1693 3965 1842 4047 iniquum
1856 3965 2138 4030 essetinconside-

139 4058 234 4117 vocat
257 4050 467 4117 Gehonnam:
488 4051 572 4134 quod
595 4072 714 4116 nomen
739 4052 878 4136 singulis
895 4053 963 4116 iere
984 4052 1113 4135 paginis
1165 4061 1236 4119 rato
1258 4052 1400 4119 Lutheri
1420 4052 1547 4117 fervore
1557 4055 1584 4128 ⁶)
1611 4051 1704 4116 obrui
1732 4050 1849 4115 bonam
1880 4072 2019 4116 causam.
2064 4049 2159 4137 Ηγ-Ι

139 4137 244 4202 iterat.
290 4137 336 4202 Et
364 4140 439 4222 quia
467 4137 586 4204 alieubi
612 4157 679 4203 non
707 4136 879 4203 observata
907 4137 1015 4202 fuerat
1043 4146 1112 4201 tam
1165 4138 1327 4223 perbolica
1337 4160 1416 4203 vero
1427 4138 1583 4216 clausula,
1607 4137 1661 4202 ubi
1682 4135 1760 4202 dicit
1776 4135 1927 4201 nucleum
1941 4136 2138 4202 Christiani·

140 4224 299 4289 concinna
337 4224 411 4302 [pag.
445 4228 499 4304 32]
543 4222 659 4288 allusio
700 4244 720 4287 a
756 4222 979 4307 typographo,
1024 4222 1113 4287 inter
1165 4226 1242 4290 tutis
1263 4246 1333 4290 esse
1351 4225 1385 4289 in
1397 4231 1528 4308 papatu,
1551 4220 1882 4306 ingenueaLuthero
1894 4230 2136 4299 retractaretur,

139 4319 248 4373 errata
269 4305 382 4373 sedulo
404 4309 557 4390 reposuit.
600 4308 714 4391 Neque
736 4316 845 4373 tamen
872 4308 1035 4374 immerito
1060 4308 1113 4374 his
1164 4311 1191 4377 si
1213 4308 1310 4376 hodie
1332 4310 1467 4376 viveret.
1511 4307 1582 4374 Cur
1604 4309 1698 4385 cuim¹
1719 4309 1748 4374 ei
1766 4328 1832 4371 non
1853 4306 1982 4374 licuerit
2000 4307 2158 4392 triginta¹

139 4389 263 4460 deliciis
282 4402 397 4476 captus
417 4402 477 4472 est,
497 4415 599 4484 quum
620 4394 706 4478 apud
726 4394 873 4460 rhetores
899 4393 993 4460 nulla
1019 4415 1113 4479 repe-
1164 4404 1198 4462 et
1219 4395 1323 4461 tribus
1344 4396 1440 4461 annis
1460 4397 1496 4459 in
1518 4393 1634 4460 melius
1650 4393 1829 4478 prolicere?

139 4480 244 4545 riatur
264 4479 341 4545 talis
363 4481 478 4565 ligura.
1164 4518 1367 4526 ---—-

279 4570 281 4574 ’
1233 4565 1261 4630 1)
1281 4565 1348 4619 dont
1364 4564 1494 4634 quelques
1515 4564 1638 4619 belistrcs
1656 4581 1725 4619 nous
1744 4572 1792 4619 ont
1808 4564 1939 4618 Manca.

1231 4633 1263 4699 2)
1281 4634 1330 4689 des
1348 4635 1454 4689 Saxone
1471 4633 1517 4702 qui
1533 4633 1625 4688 valent
1642 4641 1737 4689 autam
1753 4649 1805 4701 que
1823 4635 1956 4702 pierreux.

393 4771 399 4784 ι
596 4771 603 4799 '
725 4772 731 4785 ι
787 4773 793 4785 .
1232 4702 1261 4768 8)
1280 4702 1354 4764 Aac.
1372 4703 1440 4757 meis
1457 4718 1510 4770 que
1537 4700 1603 4757 c’est
1627 4702 1819 4786 transposition
1845 4701 1878 4756 de
1904 4716 1967 4755 nom
1992 4697 2056 4768 qu’il
2078 4698 2137 4753 faut

206 4769 237 4901 y)
253 4769 595 4908 Addaebirml'ocpodbbiidtsd
604 4771 838 4910 erlbiicddltctdbltie
854 4879 863 4896 .
881 4879 889 4894 .
908 4880 915 4894 .
932 4880 939 4895 .
1164 4786 1371 4900 expodirllract
1387 4839 1415 4892 in
1431 4837 1524 4894 Ioann.
1541 4838 1576 4894 26
1593 4847 1622 4894 et
1639 4839 1683 4896 at.
1726 4839 1785 4905 Lib.
1802 4837 1820 4892 3
1837 4837 1871 4894 dc
1892 4836 2014 4892 doctrina
2031 4835 2136 4892 christl-

206 4905 238 4972 8)
257 4908 274 4962 A
290 4908 393 4963 chacun
410 4925 460 4963 son
478 4925 611 4964 moreeau.
1163 4923 1215 4964 ana
1232 4923 1284 4979 cap
1313 4905 1354 4961 16.

206 4974 236 5042 4)
254 4982 328 5032 ceste
345 4976 440 5046 Eglise
456 4979 583 5047 masqucc
601 4978 668 5033 dont
685 4976 795 5034 Gabriel
813 4993 843 5032 se
860 4977 911 5032 isit
928 4976 1051 5032 advocat.
1230 4975 1261 5040 ὁ)
1281 4976 1363 5032 labri
1376 4975 1471 5044 pollici
1486 4975 1552 5033 baec
1568 4976 1650 5032 acrba
1667 4977 1752 5032 latiae
1769 4974 1894 5029 aarum
1910 4972 1950 5028 cic
1975 4973 2135 5028 mundata.-
2152 5011 2156 5020 .

207 5043 237 5107 b)
257 5044 329 5099 Add.
349 5060 395 5100 car
410 5046 431 5100 il
447 5044 492 5116 n’y
508 5063 526 5102 ιι
543 5061 594 5115 que
611 5046 638 5101 le
659 5052 764 5116 prestre
782 5048 828 5115 qui
844 5046 924 5102 hume
947 5055 976 5100 et
998 5053 1111 5115 esgoute
1161 5045 1221 5100 Hoc
1232 5052 1275 5102 est
1292 5046 1368 5101 euim.

140 5114 166 5168 le
183 5114 276 5169 calice.
525 5183 527 5186 .
1230 5111 1260 5180 6)
1278 5114 1312 5169 de
1336 5119 1395 5169 cest
1421 5114 1529 5170 homme
1554 5115 1599 5184 qui
1621 5128 1638 5168 a
1662 5115 1720 5169 este
1744 5128 1779 5166 un
1801 5126 1855 5181 peu
1878 5116 1941 5180 trop
1963 5110 2082 5167 excessit
2100 5125 2134 5167 cn

208 5181 237 5251 ⁶)
254 5182 343 5238 Lade
359 5183 410 5239 cu
425 5183 457 5238 ιἰι
473 5181 581 5239 nomiae
596 5181 689 5245 multis
708 5181 838 5238 Gebcaac
848 5186 958 5252 scripto.
1162 5196 1207 5238 ses
1223 5184 1356 5252 menone
