4620 5828
156 197 216 262 tal
926 194 1117 265 CHRISTI
1136 197 1187 264 IN
1204 195 1370 264 COENA.
2086 206 2148 268 522

155 384 236 468 pios,
258 384 476 468 inseparabile
498 407 568 452 esse
586 384 756 452 rinanlum
768 385 853 470 sigui
873 386 963 452 atrei
981 387 1128 472 signatae
1265 384 1367 451 Aliud
1383 394 1552 470 praeterea
1572 395 1672 472 eaput
1683 387 1709 472 ¹)
1737 397 1982 455 aoutroversum
2011 398 2075 470 est,
2108 389 2149 458 de

155 470 192 535 in
210 469 427 555 promissione
437 470 518 554 ipsa,
530 492 595 555 qua
606 471 703 571 Deus
710 470 796 536 nihil
807 470 965 542 fallaeiter
976 480 1126 550 ostentat,
1180 491 1258 536 voee
1291 471 1516 571 spiritualiter,
1562 492 1582 536 a
1608 494 1680 573 'qua
1710 474 1804 539 multi
1837 473 2031 554 abhorrent,
2063 476 2149 562 quod

156 554 213 623 sed
233 556 356 639 figurat
376 555 462 640 quod
483 578 560 623 vere
581 565 616 622 et
637 578 766 640 reipsa
786 564 940 640 praestat
1179 564 1298 706 fluitant
1319 577 1551 640 imaginarium
1574 557 1695 642 aliquid
1716 559 1770 626 vel
1790 560 1889 626 inane
1911 560 2027 626 notari.
2058 560 2148 715 Ἢ

241 641 345 708 Porro
366 642 490 709 frustra
510 642 660 727 litigatur
676 642 717 708 de
734 663 869 727 eorpors
887 641 1016 727 duplici.
1050 640 1127 707 blu-
1216 642 1349 709 aetiam
1373 653 1541 709 succurrat
1561 641 1707 711 definitio
1724 666 1856 712 neeesse
1865 656 1924 713 est.
1958 644 2086 731 Spiritu

156 735 227 793 tata
247 725 379 811 quidem
401 728 464 793 luit
484 727 624 794 eonditio
649 730 684 792 in
713 727 839 794 Christi
866 747 982 804 earne,
1010 726 1065 792 ubi
1091 727 1127 792 iu
1179 749 1257 812 ergo
1278 729 1486 794 mandueatio
1507 730 1630 796 carnali
1651 752 1692 814 op
1715 733 1834 798 onitur.
1869 731 2021 798 Cornelis
2038 741 2147 799 autem

156 812 327 880 eoelestem
345 813 482 898 gloriam
503 824 642 897 raespta,
665 811 822 898 quidquid
843 823 1021 892 terrenum,
1042 833 1126 878 mor·
1178 823 1329 893 voeatur,
1367 836 1432 898 qua
1469 822 1588 899 putant
1627 752 1759 901 quidam
1795 815 2010 883 substantiam
2041 818 2147 904 ipsam

156 898 221 965 tale
243 898 295 966 vel
317 897 477 969 oaduaum
509 913 581 966 erat
602 901 701 973 exuit
741 899 875 966 Interea
895 905 1005 964 tamen
1022 907 1127 964 statu·
1178 896 1304 966 Christi
1325 901 1361 965 in
1374 922 1433 966 nos
1445 899 1640 979 transfundi,
1664 903 1759 969 sieuti
1770 903 1865 988 panis
1877 900 2066 970 comeditur.
2092 906 2148 971 Ex

155 1005 210 1051 ere
231 993 371 1070 oportet,
392 1007 459 1051 nou
481 985 570 1053 aliud
586 1007 704 1070 eorpus
731 985 906 1071 vivifieumy
925 984 1018 1051 nohis
1045 1004 1125 1063 esse,
1178 985 1325 1068 opposito
1357 996 1468 1052 autem
1491 985 1610 1053 dicitur
1633 991 1706 1068 [pag.
1730 991 1785 1069 99]
1813 988 2028 1072 spiritualiter
2055 989 2147 1057 nobis

156 1078 213 1135 aut
230 1090 308 1137 vere
329 1070 438 1137 aihum
458 1093 554 1156 posse
576 1072 716 1150 eeuseri,
745 1071 811 1138 nisi
835 1069 921 1155 quod
949 1092 1007 1154 pro
1035 1070 1126 1155 erpi·
1178 1068 1303 1137 Christi
1326 1093 1442 1156 eorpus
1465 1071 1536 1137 dari
1560 1075 1595 1137 in
1616 1094 1724 1152 ooena,
1747 1075 1823 1156 quia
1844 1075 1922 1141 lauit
1942 1095 2060 1141 areana
2081 1077 2145 1160 spi·

156 1154 251 1221 andis
270 1159 410 1240 peeoads
437 1158 707 1223 eruaifixumest:
728 1158 825 1223 sicuti
847 1159 1125 1222 etverhasonant
1177 1158 1261 1224 ritus
1289 1159 1394 1224 saneti
1417 1160 1522 1223 virtus
1550 1168 1587 1223 ut
1608 1179 1691 1243 quae
1711 1158 1855 1225 loeorum
1882 1161 1988 1245 spatio
2014 1160 2146 1243 dietam,

155 1239 249 1307 Idem
276 1263 354 1327 ergo
381 1263 499 1327 eorpus
526 1243 611 1327 quod
638 1241 739 1309 semel
768 1243 855 1310 filius
880 1244 944 1310 Dei
971 1243 1057 1327 patri
1088 1241 1126 1307 in
1177 1243 1264 1307 inter
1286 1265 1321 1308 so
1347 1244 1518 1309 uniantur:
1550 1264 1588 1309 aa
1622 1244 1759 1329 proinde
1786 1253 1824 1310 ut
1851 1267 1870 1312 e
1898 1245 1988 1312 ooelo
2017 1247 2059 1312 ad
2085 1269 2146 1314 nos

155 1328 351 1394 saorifieium
369 1328 502 1408 obtulit,
529 1328 672 1412 quotidie
707 1327 801 1395 uobis
829 1329 864 1394 iu
891 1348 992 1395 eoena
1019 1328 1124 1408 offert,
1177 1338 1326 1413 penetret
1347 1333 1478 1395 vitaer
1506 1351 1603 1396 earne
1632 1329 1774 1409 Christi,
1802 1352 1885 1414 quae
1906 1332 1957 1397 vis
1983 1339 2017 1397 et
2043 1332 2146 1399 laeui·

155 1426 192 1477 ut
214 1414 304 1479 sitin
317 1415 486 1497 spirituale
501 1415 704 1481 alimentum.
729 1415 875 1481 'lautum
902 1413 942 1479 de
964 1412 1119 1480 modste·
1177 1415 1264 1499 tes2)
1285 1415 1475 1482 vivificandi
1497 1435 1563 1482 non
1581 1416 1784 1491 incommode
1806 1415 2003 1484 abstraatum
2023 1418 2146 1502 aliquid

155 1498 299 1565 nandum
311 1499 468 1584 estquod
490 1523 597 1587 nuper
610 1500 715 1586 attigi,
727 1522 791 1566 uon
805 1520 886 1584 opus
898 1521 969 1566 esse
990 1498 1125 1566 deseen-
1177 1501 1398 1567 asubstautia
1419 1501 1483 1568 dioi
1504 1514 1627 1583 posset,
1658 1501 1752 1568 modo
1781 1524 1860 1569 sane
1882 1502 1943 1569 hoe
1970 1511 2003 1569 et
2031 1496 2145 1571 dextre

155 1582 232 1651 dere
253 1585 549 1653 oarnisessentiam
565 1584 683 1653 eeoelo
699 1594 737 1652 ut
753 1607 791 1652 ea
808 1607 991 1670 pascamur,
1007 1585 1065 1651 sed
1083 1583 1125 1652 ad
1176 1586 1387 1670 intelligatur,
1409 1607 1543 1653 manere
1565 1587 1688 1654 soilioet
1708 1589 1741 1653 in
1764 1588 1852 1655 eoelo
1875 1588 2000 1656 Christi
2017 1610 2145 1673 eorpus,

154 1671 356 1755 penetranda
376 1670 609 1756 impedimenta
629 1683 663 1738 et
672 1672 891 1759 superandam
901 1672 1047 1739 loaorum
1058 1670 1125 1739 dis·
1176 1682 1341 1737 ettamen
1363 1671 1406 1736 ad
1423 1693 1492 1750 nos,
1516 1675 1626 1757 quiin
1648 1686 1737 1739 terra
1757 1674 2015 1758 peregrinamur,
2043 1675 2146 1743 vitam

155 1756 295 1822 tantiam
328 1759 476 1824 sufficere
511 1759 646 1842 spiritus
678 1760 843 1824 virtutem.
892 1758 1024 1823 Interea
1058 1777 1125 1822 non
1150 1830 1151 1833 Ἴ
1176 1780 1215 1822 ex
1236 1758 1306 1823 eius
1328 1758 1510 1824 substantia
1531 1779 1666 1823 manare
1687 1781 1724 1825 ae
1746 1761 1927 1842 pervenire.

154 1862 313 1927 negamus
333 1844 414 1926 quin
431 1843 546 1910 modus
569 1845 622 1910 hie
643 1844 806 1910 humanae
827 1845 982 1909 mentisit
1001 1844 1124 1908 inarm-
1260 1842 1394 1926 Quodt)
1406 1844 1673 1927 quidamanohis
1684 1844 1846 1930 duplicem
1862 1844 2145 1912 manducationem

153 1927 392 2011 prehensibilis,
416 1930 493 2013 quia
516 1952 622 2014 neque
644 1929 838 1996 naturaliter
859 1951 934 1996 caro
951 1940 1038 1995 esset
1056 1929 1124 1995 vita
1175 1930 1289 2004 inseite
1311 1929 1467 1995 sunfundi
1489 1930 1621 2007 iactant,
1644 1949 1802 2015 negamus
1823 1931 1953 1996 institia
1973 1952 2034 1998 nos
2049 1953 2145 2017 prae·

153 2013 289 2093 animm,
305 2019 327 2091 Ι)
349 2034 453 2099 neque
475 2017 609 2083 eeoelis
628 2017 801 2082 rimsuam
819 2015 861 2082 sd
878 2036 937 2080 nos
948 2024 1122 2095 exsereret,
1175 2015 1357 2081 termittere
1369 2013 1527 2099 quodsihi
1549 2016 1749 2082 fabricarunt
1769 2017 1832 2101 ipsi
1855 2014 1895 2082 de
1916 2017 2145 2083 saaramenteli

153 2120 256 2182 neque
277 2101 400 2166 frustm
421 2102 678 2180 eommuniaatio,
701 2122 784 2185 quae
806 2123 866 2167 nos
889 2100 965 2166 fauit
990 2120 1123 2166 earnem
1174 2122 1249 2181 esu,
1280 2123 1378 2184 quem
1406 2101 1523 2166 volunt
1555 2123 1625 2167 esse
1657 2101 1858 2168 substantiae
1887 2102 1996 2169 earnis
2023 2103 2156 2187 absque-

39 2190 42 2193 ’
154 2187 330 2268 aaarns²)
352 2185 478 2253 Christi
498 2196 533 2252 et
555 2209 629 2253 ossa
650 2209 692 2252 ex
719 2186 846 2252 ossibus
874 2187 958 2266 eius,
989 2194 1124 2253 vooatur
1174 2187 1292 2253 effeetu
1320 2186 1373 2253 vel
1400 2188 1514 2272 gratia
1558 2186 1650 2252 Nihil
1673 2197 1781 2253 autem
1805 2185 1944 2253 talerel
1973 2189 2143 2272 seripturis

153 2270 294 2337 aPaulo
311 2292 469 2356 magnum
488 2275 682 2358 mysterium
705 2272 842 2358 (Ephes.
872 2279 900 2351 5,
924 2276 988 2349 30).
1032 2272 1123 2357 Ergo
1173 2272 1349 2356 proditum,
1373 2272 1424 2338 vel
1445 2273 1599 2339 eeclesiae
1623 2274 1741 2339 veteris
1762 2274 1950 2338 testimonio
1971 2273 2143 2340 suffirltum

154 2355 186 2420 in
204 2376 296 2422 saera
313 2377 416 2423 eosne
432 2360 626 2426 miraculum
645 2365 718 2440 [pag.
738 2362 792 2437 98]
811 2359 1024 2443 agnoscimus,
1036 2357 1122 2441 quod
1173 2367 1232 2424 est.
1276 2359 1362 2424 Nam
1384 2367 1472 2425 uerte
1493 2360 1616 2424 veritas
1637 2368 1672 2423 et
1693 2380 1746 2424 res
1766 2360 1962 2425 sacrementi
1984 2380 2049 2424 non
2071 2367 2143 2425 tan-

153 2450 185 2505 et
205 2450 344 2508 naturae
364 2445 456 2523 fines,
478 2454 511 2510 et
531 2466 646 2511 sensus
667 2445 772 2510 nostri
792 2441 1121 2527 modumexsuperat,
1173 2452 1245 2508 tum
1266 2454 1318 2511 est
1338 2444 1510 2528 applicatio
1531 2445 1763 2511 benefieiorum
1785 2443 1927 2524 Christi,
1946 2444 2004 2511 sad
2026 2444 2140 2512 Chris·

154 2526 232 2592 dum
254 2528 381 2594 Christi
404 2531 471 2596 vita
493 2530 587 2597 nohis
608 2532 645 2596 fit
667 2531 857 2607 eommunis,
886 2539 920 2595 et
947 2530 1018 2595 eius
1045 2551 1120 2595 earo
1172 2538 1228 2594 tus
1254 2529 1323 2614 ipse
1355 2552 1429 2597 aum
1458 2541 1563 2595 morte
1590 2542 1623 2596 et
1654 2531 1890 2596 resurreetione
1919 2552 1987 2597 sua.
2032 2529 2143 2613 Quare

153 2612 246 2679 nobis
267 2615 303 2679 in
324 2613 517 2682 alimentum
535 2616 640 2682 datur.
683 2614 783 2682 Modo
804 2636 1014 2699 quaeeunque
1040 2614 1119 2680 defi·
1172 2636 1237 2680 uon
1260 2615 1367 2682 dextri
1389 2624 1468 2682 sunt
1488 2616 1692 2699 interpretes,
1715 2615 1771 2700 qui
1783 2616 1823 2683 ab
1845 2638 1912 2682 una
1923 2625 2016 2700 parte
2029 2616 2142 2684 Chris-

152 2698 270 2764 nitioni
296 2721 403 2784 nuper
430 2703 554 2787 positae
583 2712 771 2786 repugnant
796 2708 980 2768 commenta
1005 2702 1118 2784 proaul
1171 2708 1243 2766 tum
1270 2710 1422 2767 statuunt
1456 2723 1594 2767 vacuum
1630 2702 1780 2767 omuibus
1807 2701 1942 2786 spiritus
1970 2703 2021 2768 sui
2049 2702 2142 2769 donis

152 2784 326 2850 iaoessant:
349 2788 458 2870 qualia
478 2790 606 2853 suntde
628 2791 773 2873 eorporis
793 2788 984 2872 ubiquitate,
1008 2785 1119 2853 uelde
1169 2788 1323 2871 omnique
1345 2788 1481 2866 virtute,
1517 2788 1557 2854 ab
1591 2788 1693 2852 altera
1726 2788 1929 2872 coniungunt
1954 2808 2030 2854 eum
2068 2809 2143 2854 eum

152 2869 276 2935 oooulta
293 2871 353 2937 snb
375 2873 469 2955 panis
490 2873 639 2958 symbolo
668 2874 864 2950 inolusiono,
892 2872 946 2937 vel
974 2872 1014 2938 de
1041 2871 1117 2938 sub
1169 2872 1393 2957 spiritualibus
1405 2872 1497 2939 donis
1519 2883 1554 2938 et
1563 2872 1821 2939 manducationis
1833 2873 1955 2939 fruetu:
1979 2874 2142 2956 quianon

152 2955 295 3020 stantiali
314 2956 350 3022 in
372 2959 469 3024 terris
489 2959 683 3042 praeseutia
1142 2971 1145 2985 ¹
1169 2966 1277 3042 potest
1297 2962 1368 3026 siue
1389 2958 1585 3024 ooutumelia
1607 2959 1752 3043 separari
1780 2981 1800 3023 a
1826 2960 1943 3043 spiritu
1971 2981 2046 3038 suo,
2074 2981 2140 3026 non

234 3041 364 3126 Haool)
392 3045 448 3111 ubi
475 3053 641 3111 transama
670 3046 807 3122 morint,
843 3045 982 3128 emergit
1009 3042 1117 3110 adhue
1168 3044 1274 3128 magis
1295 3065 1391 3129 quam
1414 3067 1434 3110 a
1455 3066 1490 3111 se
1515 3046 1586 3128 ipso
1613 3043 1733 3111 divelli.
1778 3042 1847 3110 Nee
1871 3065 1947 3110 vero
1975 3043 2040 3109 illis
2071 3045 2139 3110 suf·

152 3125 307 3192 dubitatio
325 3129 366 3194 de
388 3150 466 3195 vose
487 3130 703 3196 substantiae:
725 3132 820 3197 auius
845 3127 1009 3195 sedandae
1037 3129 1118 3194 haee
1168 3130 1340 3215 fragantur
1367 3130 1464 3196 Pauli
1490 3130 1592 3196 verba
1619 3130 1662 3213 (l.
1686 3129 1760 3196 Cor.
1787 3135 1839 3208 ll,
1869 3131 1940 3213 27),
1968 3150 2041 3195 reos
2066 3150 2138 3196 esse

153 3211 279 3277 ridetur
310 3236 381 3281 esse
404 3237 445 3281 ex
488 3215 557 3282 dita
588 3216 685 3295 ratio,
714 3225 753 3280 ut
786 3235 896 3281 erassa
926 3215 1117 3300 imaginatio
1168 3218 1314 3300 nemoris
1326 3215 1452 3281 Christi
1465 3216 1521 3299 qui
1542 3215 1677 3299 indigne
1694 3213 1870 3282 eomedunt
1881 3235 1998 3298 panem
2008 3235 2137 3294 coenae,

150 3297 283 3364 tollatur
302 3297 342 3367 de
364 3323 442 3366 man
466 3303 615 3368 uoatione
636 3303 754 3379 earnis,
781 3323 819 3368 ae
840 3302 869 3367 si
895 3300 1116 3385 eorporalihus
1167 3301 1298 3384 quando
1325 3310 1438 3367 reatus
1465 3322 1531 3366 non
1560 3299 1755 3366 adserihitur
1776 3301 1970 3384 receptioni,
1999 3321 2059 3366 neo
2081 3321 2137 3365 us·

149 3382 227 3452 aibis
249 3394 336 3452 esset
356 3387 487 3466 similis,
517 3388 650 3471 quiere
671 3389 792 3472 sumpti
820 3388 855 3452 in
883 3386 1031 3453 ventrem
1060 3386 1116 3452 de-
1166 3407 1264 3471 quam
1281 3387 1412 3472 legitur,
1435 3408 1495 3453 nee
1517 3387 1635 3451 rationi
1657 3394 1911 3452 eonseutaneum
1934 3385 2034 3452 estin
2045 3384 2137 3451 dam·

149 3471 317 3537 soendunt
359 3473 447 3540 Nam
470 3474 526 3540 ubi
549 3474 629 3540 haee
650 3472 835 3539 absurditas
857 3480 995 3538 remota
1008 3472 1115 3551 fuerit,
1167 3473 1333 3537 nationem
1355 3473 1506 3555 euiquam
1535 3470 1654 3538 aedere‘
1676 3471 1760 3555 quod
1790 3472 1962 3538 Christum
1988 3471 2136 3555 resipiat:

148 3577 213 3621 non
236 3564 288 3622 est
308 3579 367 3625 aur
377 3581 537 3644 negemus
548 3558 808 3626 substantialiter
819 3580 878 3624 nos
888 3559 978 3643 pasei
989 3558 1115 3625 Christi
1165 3558 1222 3624 sed
1245 3557 1444 3623 damnantur
1464 3559 1519 3641 qui
1542 3579 1615 3623 eum
1639 3564 1806 3642 respuunt
1839 3556 2024 3624 Conveniat
2036 3557 2138 3642 igitur

148 3663 253 3723 earne,
285 3644 460 3727 quievere
492 3646 702 3712 ooaleseimus
734 3666 809 3711 oum
840 3645 911 3728 ipso
943 3643 978 3709 in
1011 3665 1114 3710 unum
1166 3643 1207 3710 de
1230 3645 1291 3711 hoe
1312 3664 1438 3728 quoque
1456 3643 1576 3727 eapite,
1603 3642 1885 3709 saeramentaliter
1910 3641 2036 3709 Christi
2066 3663 2137 3710 οοο-

147 3748 262 3811 eorpus
283 3730 471 3814 perfidem,
493 3732 593 3796 etita
614 3753 718 3796 uuum
746 3752 821 3798 eum
848 3731 919 3812 ipso
946 3730 1112 3796 effluimur.
1165 3751 1229 3814 pus
1250 3728 1375 3797 eomedi
1396 3729 1437 3794 ab
1464 3729 1589 3813 impiis,
1619 3750 1686 3793 uon
1717 3749 1795 3794 vere
1819 3750 1879 3795 uae
1906 3729 2052 3811 reipsa,
2081 3729 2136 3794 sed

147 3813 242 3880 Unde
268 3816 416 3900 sequitur
443 3817 649 3884 substantiali
676 3817 829 3883 societate
856 3837 914 3882 nos
940 3836 1014 3881 eum
1043 3816 1115 3900 ipso
1166 3816 1260 3901 siguo
1282 3825 1386 3881 tenus.

147 3900 310 3985 eoniungi,
331 3923 399 3967 non
415 3923 509 3968 seeus
531 3923 569 3968 ae
594 3902 816 3969 substantialis
843 3901 936 3986 vigor
962 3922 983 3967 a
1008 3904 1115 3985 eapite
1253 3905 1326 3981 [pag.
1358 3905 1432 3980 100]
1457 3899 1550 3966 Haeo
1579 3899 1725 3965 definitio
1747 3898 1888 3982 explieat
1904 3899 2136 3981 quaestionem,

147 3984 179 4048 in
201 3986 349 4053 membra
370 3986 491 4054 defluit
536 3987 693 4054 Definitio
715 3989 815 4073 igitur
842 3985 1016 4052 statuenda
1036 3989 1113 4053 erit:
1166 3985 1243 4070 quid
1265 3988 1364 4053 sitin
1387 4007 1488 4051 auena
1505 4007 1563 4068 per
1583 3985 1681 4051 fidem
1700 3985 1843 4067 resipere
1865 3984 1990 4050 Christi
2011 4004 2136 4069 eorpus

147 4067 414 4139 substantialiter
446 4095 505 4139 nos
527 4075 597 4138 fieri
630 4074 737 4141 earnis
771 4071 898 4139 Christi
929 4075 1113 4156 partieipes,
1166 4071 1370 4155 Quibusdam
1390 4071 1603 4156 suspiciosum
1626 4077 1676 4137 est
1697 4089 1816 4134 nomen
1838 4069 1923 4147 fidei,
1946 4091 1983 4137 aa
2005 4072 2033 4136 si
2050 4071 2136 4136 veri·

146 4177 212 4222 nou
233 4157 319 4241 quod
341 4159 400 4224 fiet
421 4159 561 4226 earnalis
578 4159 736 4243 quaedam
763 4161 921 4236 mixtura,
951 4158 1001 4222 vel
1029 4157 1115 4242 quod
1166 4169 1267 4224 tatem
1290 4171 1323 4222 et
1344 4158 1496 4224 effoetum
1516 4164 1687 4222 everteret
1730 4156 1830 4239 Atqui
1850 4155 1945 4240 louge
1968 4177 2061 4222 secus
2083 4177 2136 4223 aa·

147 4262 221 4308 earo
238 4244 362 4311 Christi
385 4267 404 4311 e
425 4248 523 4314 eoelis
537 4247 692 4313 elisitain
713 4253 941 4329 nospenetret,
963 4243 1017 4308 vel
1030 4244 1114 4327 quod
1166 4247 1274 4327 eipere
1301 4244 1473 4320 eonvenit,
1508 4243 1585 4325 quia
1618 4241 1742 4308 seilieet
1774 4263 1840 4306 non
1874 4242 1970 4306 aliter
2002 4240 2135 4307 Christo

146 4347 201 4393 ore
220 4329 429 4415 deglutiatur,
452 4333 509 4399 sed
530 4334 607 4417 quia
629 4353 694 4397 non
717 4354 809 4398 secus
831 4331 959 4395 animes
986 4344 1115 4395 nostras
1167 4331 1409 4414 coniungimur,
1445 4348 1543 4413 quam
1578 4328 1606 4392 si
1640 4335 1767 4393 mentes
1807 4335 1936 4392 nostrae
1974 4327 2136 4392 mnndum

145 4415 291 4482 deificet
312 4417 438 4484 Christi
459 4439 544 4497 earo,
572 4417 678 4502 quoad
701 4418 767 4482 vim
795 4416 1049 4493 meldensium,
1077 4438 1114 4483 ao
1166 4414 1424 4481 transscendaut.
1474 4414 1613 4479 Nostrae
1646 4413 1756 4496 itaque
1789 4432 1865 4478 eum
1892 4412 2025 4478 Christo
2057 4432 2133 4478 eon·

144 4502 239 4584 panis
261 4504 394 4587 vinique
416 4503 598 4570 substantia
618 4523 752 4587 eorpora
774 4502 916 4567 aluntur.
1166 4502 1341 4567 iunatiouis
1363 4499 1530 4565 vinoulum
1553 4508 1604 4564 est
1624 4496 1714 4575 fides,
1745 4520 1827 4582 quae
1849 4518 1978 4563 sursum
2001 4517 2061 4563 uos
2089 4506 2134 4561 at·

1165 4587 1261 4667 tollit,
1283 4596 1317 4652 et
1338 4584 1512 4651 enahoram
1534 4606 1627 4650 suam
1649 4583 1725 4651 iaait
1747 4588 1781 4649 in
1808 4583 1911 4661 coslo,
1940 4590 1978 4647 ut
2003 4584 2039 4647 in
2072 4603 2133 4646 sua

146 4708 350 4722 Ἤ.-

214 4848 243 4912 1)
262 4851 366 4904 auimae
383 4851 438 4903 rita
458 4849 518 4901 MS.
1234 4843 1261 4909 1)
1282 4841 1327 4896 Sic
1356 4839 1484 4896 wantis
1510 4842 1541 4894 ia
1574 4840 1633 4894 MS.
1658 4843 1777 4898 terreae
1804 4839 1877 4908 quod
1903 4837 1978 4892 Besa
2005 4837 2133 4894 sewu:

212 4915 243 4981 2)
263 4934 278 4972 ο
297 4934 378 4973 earne
397 4917 460 4971 MS.
1164 4911 1314 4968 Secundum
1332 4917 1421 4980 eaput.

211 4985 243 5055 3)
261 4986 317 5041 Hie
334 5002 432 5040 rursus
441 4990 660 5055 inapittsstuea
671 4987 747 5038 Besa
759 4984 917 5051 seripturis
929 4981 993 5034 Cod.
1015 4980 1112 5036 Genea
1232 4979 1262 5042 2)
1282 4986 1311 5034 et
1326 4979 1440 5033 facultas
1458 4995 1475 5032 o
1496 4977 1609 5034 Calathe
1625 4977 1689 5032 odd.
1909 5044 1915 5056 .

146 5058 203 5126 Qus·
210 5058 377 5123 scripserat:
395 5056 484 5111 Prima
493 5056 626 5111 dubitatio
637 5055 670 5109 ds
680 5069 746 5109 voce
757 5053 931 5108 substantiae.
963 5047 1042 5117 Quod
1053 5048 1113 5104 Cot·
1232 5048 1263 5115 3)
1287 5047 1351 5129 Toto
1370 5048 1436 5128 haee
1455 5050 1579 5129 pericope
1602 5061 1688 5127 aegas
1713 5046 1751 5100 ad
1772 5044 1867 5098 who:
1894 5058 1968 5113 signo
1994 5054 2086 5110 tenus,
2113 5060 2132 5100 o

142 5136 225 5182 ernas
243 5127 396 5180 emendavit
413 5136 442 5178 ut
461 5142 534 5179 aune
550 5126 653 5191 legiter.
1167 5116 1282 5172 Colum
1299 5134 1329 5170 m
1350 5133 1470 5186 inerprne
1488 5117 1584 5172 addito
1602 5117 1663 5183 sset.
