4620 5828
207 233 268 296 su
573 212 577 222 '
987 289 988 294 .
1066 223 1330 310 nassonem
2140 221 2199 285 sva

209 416 288 482 mihi
310 417 389 483 dicit
400 418 593 500 relinquere,
605 417 662 500 qui
680 417 807 480 nullum
822 416 982 500 collegam
994 416 1072 480 lero.
1102 415 1176 482 Pri·
1200 427 1203 468 l
1228 413 1424 496 prophetent
1444 414 1478 478 in
1502 411 1566 478 Dei
1595 414 1719 479 eastris
1764 413 1916 496 Denique
1938 434 2056 490 unum,
2079 415 2108 479 si
2131 422 2200 496 pot-

208 524 296 567 mum
329 502 463 570 videant
484 503 620 569 lectores
643 524 740 585 quam
767 501 975 584 superciliose
998 500 1177 569 Balduino·
1200 473 1203 567 l
1228 510 1286 574 est,
1319 499 1466 563 nominet
1486 498 1694 576 obtrectator,
1715 519 1814 581 quem
1835 496 1960 566 invidia
1980 511 2039 565 aut
2057 501 2200 565 aemula·

208 585 394 654 Cassander
415 587 451 651 in
474 588 582 653 libello
604 610 639 653 se
661 607 761 671 supra
778 608 894 653 omnes
918 608 1069 653 censores
1099 587 1177 651 effe·
1201 577 1204 656 l
1228 585 1316 650 tione
1338 595 1483 649 moratus
1505 585 1576 664 sim,
1595 585 1787 668 quominus,
1801 585 1911 651 silleri
1923 596 2040 669 posset,
2058 585 2201 669 collegae

207 682 275 738 rat:
300 671 418 747 deinde
441 695 538 756 quam
560 673 660 738 luerit
686 673 833 757 placidus
861 673 915 738 hic
944 682 1069 748 noster,
1099 692 1178 755 erga
1229 670 1329 734 etiam
1357 670 1464 753 gradu
1489 678 1575 735 esset
1605 673 1763 754 superior.
1808 672 1861 736 Ita
1888 693 1946 753 per
1976 693 2011 738 se
2037 673 2209 741 evanescit.

208 779 285 824 snos
307 758 448 842 collegas
477 759 577 825 comis
606 772 639 823 et
668 759 840 836 humanus,
870 760 1053 842 inquirant:
1085 779 1177 841 repc—
1228 751 1353 839 pubrile
1375 754 1415 821 de
1437 777 1565 820 summo
1596 757 1786 838 pontificatu
1814 757 1982 824 cavillum:
2012 779 2051 823 ac
2078 758 2108 823 si
2135 778 2201 823 non

206 845 294 911 rient
314 844 434 926 ubique
455 845 552 910 luisse
573 844 822 911 intolerabilem.
861 842 935 911 'Sed
955 845 1084 909 fruatur.
1100 864 1178 909 sane
1229 863 1358 924 semper
1380 855 1447 906 tam
1475 864 1516 906 er
1544 842 1653 907 anime
1681 864 1780 925 quam
1808 865 1849 908 ex
1875 843 2019 926 professo
2047 843 2203 927 defugere

208 929 357 996 Ismaelis
379 929 495 1014 gloria:
519 932 612 995 euius
632 951 749 996 manus
764 943 1069 1006 estecntraomnes,
1082 930 1179 994 sicuti
1229 926 1410 993 studuerim
1433 926 1588 1010 quidquid
1610 949 1662 992 me
1684 938 1778 993 extra
1800 929 1978 994 modestiae
2000 931 2082 996 fines
2116 930 2202 995 abri-

208 1036 326 1080 manus
348 1016 492 1080 omniurn
516 1026 630 1082 centra
652 1038 755 1081 auur..
781 1017 859 1081 Mea
880 1039 957 1095 vere
979 1019 1013 1079 in
1037 1014 1178 1080 ferendis
1229 1025 1329 1096 peret.
1374 1011 1442 1080 Sed
1464 1013 1542 1096 qnid
1562 1014 1624 1080 hoo
1643 1014 1707 1078 sibi
1728 1013 1810 1091 vult,
1845 1013 1924 1080 dum
1957 1036 2009 1079 me
2048 1037 2201 1083 securum

210 1123 275 1167 non
297 1102 429 1186 collegis
451 1110 589 1179 tantum,
613 1101 669 1166 sed
691 1103 867 1167 maioribus
889 1123 1015 1185 queque
1045 1123 1105 1166 nec
1131 1101 1198 1163 le·.
1230 1105 1304 1178 [pag.
1327 1103 1380 1177 20]
1402 1120 1473 1164 esse
1495 1098 1593 1176 iubet,
1616 1101 1645 1165 si
1667 1099 1844 1164 uenalium
1864 1100 1966 1166 habeo
1984 1102 2202 1183 quamipsum

208 1182 319 1254 randis
345 1187 442 1259 mede
471 1187 527 1252 sed
557 1188 655 1252 etiarn
686 1188 836 1270 optandis
864 1186 1040 1263 moderatio
1071 1187 1178 1255 notior
1229 1185 1293 1249 vel.
1315 1185 1451 1249 rivalem
1483 1186 1536 1250 vel
1567 1188 1810 1267 competitorem
1839 1188 1976 1252 maximi
2007 1185 2202 1253 sacerdotii?

207 1287 258 1360 est
279 1294 376 1356 quam
398 1281 438 1339 ut
458 1274 550 1338 futile
568 1273 721 1340 cavillum
743 1273 890 1338 refellere
901 1295 981 1355 opus
992 1274 1043 1338 sit.
1073 1272 1178 1337 Nemo
1230 1270 1269 1336 Si
1291 1277 1358 1333 tem
1377 1270 1500 1336 insulse
1522 1272 1639 1354 nugari
1661 1269 1790 1350 libebat,
1813 1272 1979 1339 saltema
2004 1273 2203 1355 praefatione

208 1372 314 1425 aetate
336 1380 409 1424 mea
429 1360 548 1442 pietate
571 1369 604 1423 et
625 1359 776 1424 doctrina
796 1359 957 1433 excelluit,
988 1379 1085 1440 quem
1114 1380 1177 1421 non
1230 1367 1300 1421 tam
1332 1355 1417 1420 male
1449 1370 1668 1423 consentanea
1699 1358 1862 1423 abstinere
1884 1358 2005 1424 debuit.
2049 1359 2201 1435 Valeant,

208 1445 363 1513 coluerim
396 1465 461 1529 qua
499 1442 633 1509 dedebat
669 1445 891 1526 observantia,
925 1455 958 1509 et
990 1445 1082 1509 cuius
1110 1443 1179 1507 vir·
1230 1442 1346 1524 inquit,
1364 1442 1514 1525 ineptiae.
1546 1443 1726 1525 Exspeetes
1749 1442 1872 1525 aliquid
1893 1466 1994 1528 grave
2016 1454 2049 1508 et
2070 1446 2201 1510 serium.

209 1541 295 1598 tutes
328 1531 504 1596 liberaliter
536 1551 603 1595 non
631 1529 894 1614 praedicaverim.
944 1531 1048 1594 Nemo
1081 1530 1179 1593 etiam
1222 1528 1311 1593 'Mox
1328 1548 1440 1592 omnes
1461 1530 1600 1611 ineptias
1618 1536 1760 1611 superat,
1781 1528 1992 1596 denuntiasse
2001 1530 2202 1597 scilicetnon

208 1639 321 1684 eorum
355 1618 435 1694 fuit,
474 1616 529 1698 qui
568 1638 620 1681 me
648 1638 715 1680 nen
748 1617 936 1702 complexus
975 1616 1019 1681 sit
1046 1635 1179 1685 ,summo
1232 1634 1302 1678 esse
1330 1613 1518 1679 timendum·
1541 1637 1582 1679 ne
1610 1637 1662 1679 me
1684 1615 1814 1681 deiiciat
1844 1637 1863 1680 e
1895 1614 2010 1700 gradu.
2055 1617 2102 1681 Et
2130 1616 2203 1699 quis

209 1725 337 1781 amere,
370 1711 403 1768 et
441 1702 514 1786 plus
553 1701 707 1766 detulerit
740 1724 836 1784 quam
873 1702 1000 1767 vellem.
1054 1701 1102 1768 Ut
1140 1700 1180 1764 de
1231 1701 1412 1782 suspicatus
1434 1712 1520 1765 esset
1546 1700 1714 1766 hominem
1740 1701 1835 1767 nihili
1863 1700 1993 1766 mutum
2022 1703 2085 1767 sibi
2113 1723 2201 1768 arro·

214 1811 267 1854 me
306 1789 393 1872 loqui
438 1790 555 1854 solitus
601 1789 698 1852 luerit
736 1787 910 1870 Philippus
956 1786 1180 1865 Melauethen,
1231 1807 1318 1870 gare,
1342 1787 1404 1850 nisi
1426 1808 1461 1851 se
1475 1788 1590 1869 ,ipsum
1611 1786 1782 1870 proderet?
1827 1789 1893 1854 Eat
1910 1810 1998 1854 nune
2024 1798 2059 1852 et
2086 1788 2203 1854 buccas

209 1877 301 1941 euius
324 1897 391 1940 una
412 1895 475 1940 vox
507 1872 644 1937 obruere
672 1882 779 1955 petest
805 1895 916 1939 omnes
945 1872 1099 1941 Balduini
1133 1871 1180 1936 la·
1231 1873 1323 1938 inflet
1344 1872 1435 1936 inani
1456 1872 1619 1938 iaewntia.
1665 1873 1702 1939 Si
1723 1875 1914 1940 ambitiosus
1937 1896 2057 1951 essem,
2087 1874 2203 1956 inquit,

210 1972 325 2038 tratas,
349 1963 457 2044 ipsum
478 1958 606 2042 appello
629 1969 760 2024 testem:
790 1961 844 2041 qui
872 1959 901 2024 si
923 1963 1093 2043 negaverit
1120 1957 1180 2022 sibi
1232 1977 1321 2022 nune
1343 1957 1474 2036 demum
1493 1970 1641 2040 putarem
1663 1981 1717 2026 me
1733 1982 1804 2026 esse
1826 1959 1957 2042 aliquid.
1997 1959 2206 2043 Paedagegia

210 2066 280 2112 esse
302 2056 513 2129 compertum,
537 2055 731 2134 coarguetur
753 2066 773 2108 a
794 2045 952 2125 plurimis.
991 2045 1182 2110 Honorifica
1232 2043 1356 2108 scilieet
1377 2041 1602 2109 fraudulenter
1624 2043 1733 2111 elicita
1753 2067 1829 2110 enm
1850 2047 1970 2111 extulit
1979 2066 2081 2128 supra
2091 2045 2205 2122 nubes,

209 2133 278 2198 eius
300 2133 340 2199 de
362 2154 414 2197 me
436 2132 542 2215 elogia
563 2139 693 2195 tantum
714 2129 806 2196 abest
826 2132 903 2213 quin
925 2131 1007 2194 mihi
1036 2131 1181 2194 animum
1232 2138 1270 2193 ut
1302 2129 1444 2211 reliquos
1480 2151 1594 2195 omnes
1627 2132 1837 2214 contemptim
1865 2130 2028 2214 despiciat.
2074 2131 2207 2196 Interea

212 2222 286 2296 [pag.
315 2225 363 2296 18]
386 2217 586 2304 inflaverint,
608 2226 645 2281 ut
666 2237 766 2298 quum
787 2237 840 2280 me
860 2215 921 2280 sibi
939 2217 1126 2300 praeferret,
1149 2227 1183 2278 et
1232 2214 1362 2298 quidem
1383 2214 1502 2280 stolida
1523 2216 1593 2280 eius
1614 2217 1748 2282 ambitio
1771 2219 1873 2283 risum
1896 2217 2046 2291 omnibus
2073 2236 2207 2282 movere

211 2304 342 2386 quidem
373 2303 510 2386 scripto,
540 2301 678 2366 dixerim
708 2323 773 2366 nen
804 2300 974 2366 ferendum
1004 2323 1075 2366 esse
1100 2299 1181 2365 illud
1233 2311 1346 2384 petest.
1912 2291 1936 2335 ·’

211 2380 425 2455 mendacium.
469 2388 504 2453 Is
527 2398 637 2451 tamen
668 2387 749 2451 nihil
772 2387 922 2452 offensus
953 2386 1122 2470 respondit
1148 2407 1182 2451 se
1319 2385 1443 2452 Severe
1472 2408 1600 2453 mecum
1622 2389 1823 2470 expostulat,
1856 2389 1941 2471 qued
1975 2410 2039 2453 nen
2076 2387 2207 2469 pietatis

212 2476 299 2558 quod
321 2476 495 2558 scripserat
517 2474 655 2548 sentire,
681 2489 715 2535 et
736 2493 852 2537 verum
883 2494 962 2538 esse.
1008 2474 1075 2537 Nee
1104 2494 1181 2537 vero
1232 2472 1339 2549 mede,
1375 2470 1429 2536 sed
1465 2471 1679 2539 humanitatis
1700 2495 1827 2557 quoque
1859 2477 1893 2539 in
1922 2477 1992 2558 ipse
2020 2471 2207 2539 lacessendo

212 2558 292 2625 adeo
314 2560 433 2626 stultus
455 2581 528 2624 sum
551 2568 588 2622 ut
607 2556 642 2622 id
664 2557 795 2623 credam
813 2580 930 2623 verum
951 2580 1031 2636 esse,
1059 2557 1113 2623 vel
1142 2558 1181 2622 ab
1233 2558 1500 2624 oblitus-fuerim.
1529 2556 1620 2637 Quid
1639 2580 1697 2641 per
1718 2582 1778 2625 sua
1799 2581 1878 2645 erga
1899 2561 2070 2626 meeflieia
2086 2559 2209 2624 intelli·

211 2645 285 2711 aliis
313 2645 401 2711 credi
431 2643 539 2722 velim,
563 2643 619 2708 sed
640 2651 677 2708 ut
697 2643 790 2708 bonis
812 2644 961 2710 omnibus
979 2646 1098 2709 foeteat
1124 2665 1181 2708 ne·
1233 2652 1299 2728 gat,
1323 2663 1389 2706 nen
1411 2664 1574 2726 assequor.
1619 2645 1740 2710 Fateor
1761 2646 1861 2713 fuisse
1888 2646 1971 2710 mihi
1998 2644 2207 2712 familiarem:

212 2731 342 2800 bulonia
363 2730 461 2797 huius
483 2729 659 2813 protervia.
703 2728 794 2809 Quin
816 2730 915 2794 ctiam
926 2729 1047 2796 Buccri
1068 2729 1108 2794 de
1130 2736 1185 2794 me
1233 2750 1336 2812 quum
1358 2730 1453 2812 signa
1474 2728 1619 2794 melioris
1641 2730 1767 2815 ingenii
1787 2731 1890 2811 daret,
1914 2733 2033 2815 hospes
2051 2731 2141 2814 apud
2157 2751 2209 2795 me

213 2815 505 2889 iudiciumrecitat,
528 2807 1181 2899 quodabipsoimprobissimeeenfietum
1233 2816 1304 2881 luit.
1349 2813 1543 2897 Serpentem
1566 2814 1689 2881 scilicet
1710 2838 1748 2883 ae
1768 2827 1895 2900 pestem
1917 2818 2006 2886 domi
2022 2838 2117 2882 meae
2133 2817 2208 2882 alni

212 2923 282 2967 esse
304 2903 413 2968 Deum
436 2913 470 2966 et
491 2900 624 2985 angeles
646 2901 716 2965 eius
738 2909 847 2976 testor.
881 2902 1038 2979 Buesrus,
1063 2901 1181 2983 inquit,
1234 2901 1406 2967 Haerere
1429 2901 1710 2983 praetextuquod
1730 2924 1784 2969 me
1806 2904 1868 2969 sibi
1889 2904 1964 2969 vult
1984 2924 2056 2969 esse
2072 2902 2208 2969 obstric-

212 2987 388 3073 aliquando
410 2987 471 3052 tibi
494 2986 586 3063 dixit,
610 2986 739 3051 nullum
760 2985 1181 3052 teservareodiivelamo·
1234 2997 1322 3065 tum,
1346 3006 1388 3052 ex
1409 3007 1473 3068 que
1498 2988 1570 3052 iure
1592 2986 1757 3068 hauserit,
1790 2990 1910 3056 neseio.
1953 2989 2053 3056 Ultra
2073 3007 2209 3073 progre-

212 3073 258 3139 ris
280 3073 432 3149 modum,
446 3071 502 3138 sed
525 3093 563 3138 ea
584 3083 617 3136 te
638 3093 709 3138 esse
731 3071 948 3152 vehementia,
971 3080 1010 3138 ut
1021 3072 1072 3139 vel
1084 3092 1183 3155 supra
1235 3070 1339 3136 ditur:
1367 3093 1420 3137 me
1450 3073 1625 3139 suaderes
1648 3079 1722 3153 [pag.
1746 3074 2207 3159 21Jmersripeenasquam

212 3159 317 3226 coelos
339 3159 514 3238 attolleres,
536 3158 589 3223 vel
611 3155 654 3222 ad
675 3158 795 3223 inferes
818 3180 920 3241 usqne
938 3159 1101 3224 deficeres.
1129 3159 1183 3223 Ita
1235 3156 1397 3237 Orestem,
1418 3159 1473 3242 qui
1494 3166 1634 3224 matrem
1657 3160 1766 3243 aliqua
1786 3181 1887 3227 causa
1907 3162 2062 3228 incitatus
2074 3159 2208 3226 oeoidh:

215 3267 292 3311 vere
314 3245 397 3310 mihi
419 3244 578 3328 propitius
595 3243 639 3309 sit
661 3242 762 3321 Deua,
785 3244 813 3309 si
840 3244 919 3327 quid
946 3265 1092 3326 unquam
1117 3244 1182 3309 tale
1235 3244 1322 3327 quod
1344 3264 1462 3310 saevus
1483 3246 1641 3329 magister
1661 3245 1824 3312 insontem
1845 3258 1879 3311 et
1894 3246 2091 3325 inauditum,
2118 3254 2208 3312 vete

212 3330 386 3397 audierim:
419 3332 499 3415 quin
526 3331 634 3413 potius
665 3330 716 3395 vir
742 3329 813 3409 ille,
847 3351 945 3412 quem
977 3331 1048 3396 leco
1081 3331 1182 3412 patris
1237 3351 1372 3412 remque
1400 3330 1604 3414 discipulum,
1634 3343 1668 3396 et
1688 3353 1790 3415 prope
1811 3332 1925 3411 filium,
1944 3353 2012 3397 non
2034 3333 2143 3416 equis,
2175 3345 2210 3397 ut

212 3418 395 3495 reverebar,
418 3425 510 3481 tanta
531 3416 682 3481 comitate
700 3415 845 3481 vicissim
866 3418 1044 3481 fraternam
1056 3438 1182 3483 meeum
1235 3415 1351 3482 infelix
1367 3424 1461 3499 pater
1471 3417 1699 3500 Hippolytum,
1718 3418 1775 3484 sed
1787 3418 1875 3502 style
1885 3439 1959 3486 meo
1970 3418 2208 3502 discerpserim.

213 3504 389 3569 amicitiam
410 3502 518 3578 coluit,
543 3513 579 3565 ut
601 3501 780 3585 aegerrime
797 3522 913 3583 passus
935 3502 979 3566 sit
1000 3503 1185 3585 Argentina
1236 3499 1396 3584 Obliquas
1418 3511 1487 3568 stro
1510 3503 1570 3569 has
1592 3504 1715 3582 emitto,
1738 3505 1901 3587 inquibus
1922 3505 2064 3570 facetum
2089 3525 2124 3569 se
2142 3505 2210 3568 sere

212 3609 265 3652 me
298 3588 405 3653 avelli.
456 3588 554 3652 Certe
587 3585 629 3651 ad
661 3596 846 3651 extremum
876 3609 979 3671 usque
1009 3587 1183 3665 contendit,
1236 3587 1380 3671 putavit:
1414 3524 1509 3670 quod1
1526 3610 1580 3654 me
1609 3611 1704 3654 suum
1722 3591 1821 3656 hrisse
1842 3600 2087 3673 praeceptorem
2109 3589 2210 3673 signi·

212 3674 458 3758 quibuscunque
479 3676 571 3738 fieret
592 3672 695 3737 modis
718 3693 770 3737 rne
792 3674 1010 3739 retinendum.
1040 3674 1185 3739 Exstant
1236 3675 1339 3749 ficem,
1358 3681 1393 3737 et
1408 3675 1480 3757 ipso
1502 3674 1660 3758 discipulo
1682 3685 1740 3741 aut
1761 3676 1827 3742 lilio
1856 3675 1983 3759 glorier.
2027 3676 2103 3759 Ego
2132 3694 2220 3739 vero

212 3759 310 3822 etiam
333 3759 401 3824 eius
423 3758 463 3823 ad
482 3756 641 3824 Senatum
665 3767 814 3824 nestrum
836 3759 964 3837 literae,
981 3759 1184 3842 quibuseon-
1237 3758 1365 3839 siquid
1386 3760 1422 3824 in
1443 3780 1518 3824 eum
1540 3761 1623 3825 iuris
1647 3783 1789 3846 unquam
1811 3761 1990 3827 vendicare·
2007 3760 2091 3825 mihi
2108 3761 2213 3843 potui,

213 3845 363 3927 queritur
390 3867 465 3910 eum
498 3845 643 3910 maxima
670 3844 824 3909 ecclesiae
851 3845 952 3911 tetius
979 3846 1104 3911 iactura
1131 3867 1185 3910 me
1236 3844 1376 3909 libenter
1397 3846 1545 3911 remitte:
1577 3849 1653 3930 quia
1670 3869 1744 3914 eum
1778 3845 1915 3924 Saena,
1947 3847 2000 3913 cui
2034 3868 2083 3912 se
2104 3857 2221 3912 tetum

214 3928 278 3994 huc
307 3929 443 3998 retrahi:
478 3952 515 3995 ac
538 3930 677 3999 ,demum
706 3952 748 4006 ee¹
776 3951 877 4012 usque
895 3932 1119 4014 provehitur,
1148 3945 1186 3996 ut
1237 3929 1372 4009 addixit,
1395 3932 1476 3996 mihi
1497 3933 1581 3998 nihil
1603 3945 1653 3999 est
1679 3952 1860 3999 commune.
1906 3932 1973 3998 Sed
2001 3954 2044 3998 ex
2071 3934 2145 3999 eius
2171 3931 2204 3995 li·

214 4012 303 4081 dicat
319 4035 371 4077 me
393 4016 478 4079 iuter
507 4022 580 4095 [pag.
613 4021 663 4094 19]
692 4036 791 4080 sanae
820 4016 986 4083 doetrinae
1017 4016 1184 4081 ministres
1238 4017 1316 4082 teris
1338 4031 1518 4100 agnoscent
1537 4018 1690 4095 lectores,
1715 4021 1743 4085 si
1765 4041 1853 4085 nunc
1881 4020 2069 4084 immaniter
2096 4027 2213 4084 contra

214 4100 337 4165 nemini
361 4122 431 4165 esse
454 4101 647 4179 secundum,
679 4123 799 4183 paucos
827 4124 904 4169 vero
932 4101 1063 4177 habere¹
1083 4123 1186 4184 pares.
1234 4123 1287 4167 me
1303 4102 1463 4183 ,ferociae
1492 4104 1737 4188 ingratitudinis
1771 4105 1903 4188 eulpam
1938 4105 1972 4169 in
1995 4126 2033 4170 eo
2057 4102 2206 4184 residere.

215 4184 252 4252 Si
275 4184 449 4250 immodice
471 4188 536 4250 mei
558 4208 668 4252 amere
691 4198 883 4253 excerceatns
905 4186 1038 4253 modum
1050 4190 1191 4255 excessit
1234 4186 1387 4271 Agedum
1409 4211 1487 4255 vere
1509 4191 1672 4256 insontem
1689 4214 1725 4257 se
1758 4191 1888 4274 prebet:
1928 4192 2025 4255 sicuti
2054 4189 2208 4255 audnoter

214 4274 249 4336 in
270 4293 322 4338 me
344 4271 517 4344 laudando.
540 4273 654 4337 saltem
676 4272 879 4340 Balduinum
897 4274 1017 4357 pudeat
1036 4274 1190 4340 effraenis
1234 4275 1398 4339 facturum
1419 4277 1573 4341 minatur.
1617 4277 1691 4360 Ego
1719 4287 1828 4343 autem
1860 4277 2053 4359 simpliciter
2080 4294 2207 4352 excuse,

214 4379 292 4423 suae
325 4358 522 4440 proterviae:
565 4359 614 4423 vel
655 4369 835 4442 agnoscant
871 4359 1010 4426 lectores
1045 4381 1109 4446 qua
1144 4360 1185 4425 ad
1237 4360 1391 4442 quoniam
1414 4384 1480 4429 nen
1503 4362 1599 4427 mode
1622 4363 1793 4444 perfidiose
1823 4385 1949 4429 mecum
1978 4361 2123 4446 agendo,
2156 4359 2207 4426 sed

214 4442 462 4509 conviciandum
485 4444 617 4508 vesania
637 4446 768 4511 feratur.
1238 4465 1324 4510 nune
1357 4447 1500 4525 insidiis,
1528 4470 1617 4515 nune
1650 4457 1762 4532 aperte
1788 4459 1908 4515 conatu
1942 4450 1977 4513 in
2003 4467 2206 4513 communem

300 4529 469 4614 collegam
491 4527 614 4594 scilicet
641 4552 705 4594 non
734 4534 811 4595 fere.
857 4532 958 4613 Atqui
988 4533 1100 4598 nullus
1137 4544 1185 4598 est
1237 4529 1393 4599 ecelesiae
1414 4536 1591 4616 perniciem
1621 4535 1799 4618 grassando
1825 4555 1918 4618 spem
1939 4555 2048 4599 meam
2075 4534 2209 4599 sceleste

214 4616 249 4682 in
272 4625 341 4680 teto
362 4617 440 4680 orbe
461 4614 567 4679 fidelis
585 4614 709 4680 Christi
727 4619 916 4695 servua'eui
943 4639 1009 4684 non
1032 4640 1186 4701 perrexe·
1237 4616 1461 4697 folcharium
1483 4621 1635 4686 iustiores
1657 4621 1739 4684 mihi
1756 4621 1856 4687 fnisse
1878 4619 2067 4685 iracundiae
2084 4639 2208 4694 causas

214 4702 277 4766 rim
312 4702 476 4767 fraternae
508 4701 672 4766 societatis
703 4722 847 4768 manum.
898 4705 950 4768 De
985 4715 1096 4773 nostre
1130 4705 1186 4771 do·
1238 4723 1337 4786 quam
1369 4706 1404 4770 in
1436 4714 1587 4771 exterum
1617 4706 1795 4788 quemlibet
1822 4706 1877 4773 vel
1908 4707 2067 4790 ignotum.
2114 4704 2211 4785 Quod

214 4789 349 4854 mestieo
369 4808 530 4853 consensu
552 4785 769 4869 respondeant
791 4789 934 4873 collegae
961 4792 1041 4867 mei,
1069 4792 1187 4874 quibus
1237 4788 1266 4853 si
1300 4788 1444 4858 humano
1480 4813 1572 4857 mere
1601 4792 1641 4858 de
1680 4813 1733 4857 me
1765 4803 1962 4878 conquestus
1990 4799 2090 4868 esset,
2131 4792 2211 4855 ferte

214 4875 395 4939 eommunis
417 4894 543 4938 mecum
567 4881 618 4938 est
636 4872 733 4937 huius
754 4873 909 4940 eeclesiae
938 4872 1185 4943 administratio.
1237 4871 1351 4942 eadem
1373 4900 1430 4961 spe
1451 4899 1534 4960 quae
1556 4899 1609 4944 me
1631 4879 1790 4944 frustrata
1817 4886 1889 4943 erat
1912 4879 2033 4946 iterum
2058 4876 2215 4958 deceptas

215 4956 408 5043 Quicunque
431 4961 624 5024 exoriuntur
646 4979 784 5040 magnae
808 4960 886 5043 spei,
908 4961 1012 5027 modis
1035 4963 1186 5029 omnibus
1236 4967 1400 5043 optassem
1429 4964 1470 5029 de
1498 4965 1704 5030 vehementia
1734 4963 1856 5047 aliquid
1889 4965 2071 5030 remissum.
2116 4962 2214 5028 Nune

215 5042 334 5109 adiuvo
352 5057 510 5127 quantum
532 5046 567 5110 in
589 5066 641 5109 me
664 5056 728 5119 est,
752 5052 790 5108 ut
815 5047 922 5129 gratia
950 5057 984 5111 et
1011 5049 1186 5114 autoritate
1238 5066 1440 5132 veroquam
1463 5054 1538 5130 [pag.
1562 5053 1615 5129 aa]
1638 5050 1770 5119 beluina
1789 5050 1860 5114 eius
1883 5047 1991 5117 rabies
2011 5047 2159 5132 perditae
2181 5065 2217 5114 et

216 5128 360 5194 floreant.
408 5137 455 5197 ..lc
478 5134 591 5197 testari
613 5152 686 5196 cum
710 5131 802 5198 Mese
822 5131 908 5209 lieet,
928 5134 1055 5198 utinam
1073 5156 1186 5202 omnes
1238 5131 1428 5218 desperatae
1450 5136 1570 5203 mentis
1592 5137 1723 5220 mgnum
1744 5138 1875 5202 sitnon
1897 5131 2082 5213 obscurum,
2105 5134 2216 5201 dicere
