4748 5798
111 0 1182 126 11smlpatre'extorq'b's'''tee.
1211 0 1294 99 'seo
1316 34 1392 100 aas
1418 63 1465 103 ne.
1479 89 1513 118 ,f

103 148 253 193 inumen
274 127 379 211 patris
399 125 549 209 superius
577 133 653 201 est„
671 125 828 190 mentitus
850 129 902 189 est
922 129 1051 205 aposto-
1104 118 1216 184 Babel.

96 234 141 292 ns,
164 212 268 278 filium
290 214 321 277 ei
343 211 509 295 aequalem
535 230 692 276 asserens.
1539 254 1630 322 xm

532 346 595 414 nt
1197 375 1285 442 ona
1312 375 1402 441 aea
1428 377 1484 458 qa
1510 381 1555 442 ee
1581 375 1717 458 emas
1738 374 1895 456 tymme
1917 379 1969 438 „a
1989 374 2075 439 see

170 467 232 549 Qui
250 486 349 532 nmem
369 467 474 533 Deum
500 467 536 532 in
563 471 625 532 tres
646 465 856 548 proprietates
877 483 933 529 sen
945 481 1052 543 perso
1102 466 1176 534 θιος
1193 461 1307 543 absque
1333 461 1401 526 atta
1421 463 1475 527 sni
1503 461 1710 528 diminutione
1731 466 1815 533 nm
1829 461 1958 527 saeenta
1987 460 2073 543 λόγον

80 572 142 618 nas
162 553 342 636 distinguit,
370 554 417 618 oet
437 552 500 618 sibi
515 552 711 636 praestigias
730 550 818 632 sarit,
846 549 894 615 oet
914 568 1052 613 necessa
1103 547 1251 629 spiritum
1278 546 1478 629 ineffabiliter
1502 548 1626 631 ymnit:
1648 566 1719 611 non
1746 552 1848 612 mmm
1875 546 2075 629 eepbistioam

79 640 129 704 rio
148 639 246 704 nnius
266 638 332 704 Dei
352 639 557 705 substantiam
578 638 691 703 dividit
712 641 804 718 atque
819 635 974 715 discerpit.
1102 633 1321 716 cogitationen,
1337 633 1571 714 proprietatem,
1592 638 1649 698 ant
1669 634 1795 699 inanem
1816 633 2004 699 relationem

165 809 278 889 Ouius,
298 809 440 887 obseoro,
460 808 592 892 pudoris
609 816 669 886 est,
692 805 867 873 obseurum
888 801 1050 889 paedago·
1188 801 1287 867 Modo
1308 803 1672 882 iaeeesantealumniae,
1690 802 1774 868 nihil
1790 803 1827 868 iu
1846 806 2073 893 priore‘mem·

80 915 159 979 grim
182 894 317 960 verbulo
339 915 405 961 uno
422 895 673 960 iudieiumferre
690 891 731 958 de
752 891 876 958 eunetis
895 889 1050 956 eeclesiae
1103 886 1161 953 bro
1184 888 1273 966 dieis,
1295 889 1420 954 nisiex
1442 891 1563 955 nostris
1584 900 1617 953 et
1638 898 1769 973 patrum
1785 889 1877 956 libris
1894 900 2073 974 sumptum.

80 978 312 1062 scriptoribus?
365 981 489 1046 Probet
521 1001 613 1064 ergo,
648 979 700 1046 vel
733 973 899 1043 neminem
932 995 1050 1041 sanum
1103 972 1177 1055 Quo
1198 973 1432 1041 intolerabilior
1454 987 1503 1041 est
1526 984 1584 1040 tua
1603 975 1804 1059 improbitas,
1827 975 1907 1059 dum
1930 982 2006 1056 [pag.
2019 983 2073 1056 eo]

81 1065 227 1131 movebit
247 1067 318 1132 eius
340 1066 516 1131 temeritas.
1102 1067 1249 1124 nostram
1271 1059 1452 1137 donuinam
1474 1063 1625 1128 eontinuo
1645 1068 1721 1144 post
1740 1059 1901 1127 deformas
1923 1063 1991 1128 tuis
2014 1064 2072 1147 fig-

1100 1147 1228 1211 mentis.
1608 1167 1609 1172 ¹

539 1199 575 1266 X

166 1319 256 1386 Dens
276 1320 385 1386 babuit
404 1323 468 1386 vim
483 1322 652 1406 generandi
673 1341 711 1388 ae
725 1321 941 1404 propapandi,
974 1320 1051 1401 qnia
1121 1309 1124 1318 ’
1537 1281 1633 1348 ΧΠ·

79 1404 188 1471 votan-
213 1406 339 1488 ideoqne
366 1412 394 1471 et
413 1407 500 1488 λόγον
521 1412 591 1472 ante
615 1406 741 1474 satereia
759 1407 878 1490 genuit,
905 1411 933 1471 et
953 1406 1050 1486 spiri·
1191 1402 1370 1484 &annone
1390 1402 1481 1468 ittam
1502 1423 1600 1467 unam
1609 1402 1714 1468 Denm
1735 1404 1803 1469 sine
1819 1403 1939 1487 origine
1955 1425 2073 1487 aepro

81 1497 147 1557 tum
162 1495 359 1576 propagavit.
366 1494 397 1575 ²)
1096 1489 1176 1569 pria
1197 1488 1372 1553 substantia
1392 1488 1474 1553 nibet
1491 1489 1657 1553 imminuta
1675 1489 1779 1571 filiam
1789 1490 1932 1572 ymnisse
1951 1495 2071 1574 nepam,

1102 1579 1253 1655 tanqmm
1273 1574 1437 1656 manifeste
1462 1575 1658 1640 indaieantes
1684 1596 1721 1641 ae
1745 1575 2072 1655 nannetensis

165 1662 237 1729 Has
258 1664 422 1729 sententia
443 1664 577 1730 minime
594 1664 808 1729 labeiaetatur
829 1670 942 1727 nostra
958 1662 1049 1740 fides,
1102 1659 1284 1751 ebristianis
1304 1661 1463 1742 mysteriis
1485 1661 1612 1726 arcendi
1633 1666 1713 1725 sant.

80 1749 209 1834 quando
229 1749 373 1832 ingenue
383 1748 543 1814 tradimus
554 1750 627 1813 καθ’
648 1744 828 1832 duasepist)
847 1748 913 1814 Dei
929 1768 1051 1814 nomen

79 1835 167 1921 patri
187 1834 316 1917 proprie
337 1834 463 1900 ascribi.
1187 1830 1329 1896 Videtur
1350 1830 1411 1897 sibi
1431 1831 1528 1896 valde
1548 1829 1700 1909 callidus,
1728 1832 1783 1915 qui
1805 1833 1936 1915 pulehri
1956 1834 2074 1900 eoloris

535 1969 589 2035 XI
1103 1917 1254 2068 obtengu,
1281 1917 1363 1982 falsa
1378 1916 1512 2068 c{nvidis
1539 1938 1598 1981 nos
1680 1927 1745 1985 vat.
1790 1919 1858 1982 Nos
1880 1939 1959 1984 vero
1980 1920 2073 2069 igge-

590 2021 598 2035 ·
658 2056 661 2063 .
1102 2024 1167 2068 nne
1189 2025 1200 2067 t
1224 2025 1276 2068 em
1320 2022 1376 2068 rae
1400 2023 1532 2081 ruamus,
1561 2023 1614 2068 mo
1638 2024 1657 2068 ο
1679 2025 1721 2069 ne
1765 2026 1801 2069 er
1842 2025 1915 2068 ram
1936 2025 1991 2071 ree
2036 2028 2073 2069 n·

165 2091 302 2156 Aeterna
322 2090 408 2171 λόγου
429 2089 604 2156 substantia
619 2089 818 2171 primipinm
851 2090 1050 2173 etoripinern
1102 2109 1184 2173 gens
1206 2088 1248 2153 ad
1269 2023 1395 2172 pinam
1418 2089 1514 2155 unius
1536 2089 1599 2154 Dei
1622 2026 1764 2169 nomen?
1784 2025 1888 2155 fih‘eum
1911 2111 1930 2154 a
1953 2089 2074 2156 deitato

80 2176 167 2242 babet
188 2176 295 2257 oDeo,
316 2181 468 2258 qnatenus
486 2177 592 2259 penta
613 2175 806 2241 aedistinota
826 2176 877 2256 sit,
898 2196 959 2240 non
975 2196 1051 2257 qna
1101 2194 1213 2240 areeas
1234 2183 1269 2238 et
1287 2173 1452 2240 exoludas.

80 2269 168 2328 terrm
187 2263 238 2328 sit.
284 2262 356 2327 Non
377 2263 459 2327 enim
478 2267 523 2326 est
541 2282 580 2327 ee
601 2260 702 2326 nibsto
723 2265 911 2341 treatment
930 2263 968 2327 de
988 2262 1049 2328 att

81 2352 386 2430 mamaeam
406 2347 651 2428 masan,
673 2347 1050 2413 ramaneant
1548 2309 1627 2377 XV·

79 2435 200 2499 stantia
220 2433 310 2498 attins
330 2433 445 2498 sommi
466 2432 531 2498 Dei
547 2433 661 2516 penita.
1186 2429 1345 2496 Dorninns
1365 2435 1466 2495 noster
1477 2430 1569 2497 Iessea
1582 2430 1726 2497 bbristns
1745 2436 1900 2511 eneam,
1916 2434 2077 2514 proprios

1102 2521 1130 2580 et
1150 2516 1307 2581 naturalis
1325 2516 1415 2597 titius
1432 2517 1529 2581 nnius
1550 2517 1700 2582 obissimi
1721 2537 1759 2582 ae
1778 2519 1909 2582 maeatis
1926 2517 2001 2598 Dei,
2023 2539 2077 2584 nee

165 2601 203 2669 Si
224 2603 349 2670 diaeres
370 2604 431 2669 tilii
451 2603 612 2687 originem
632 2623 703 2669 esse
724 2624 744 2669 a
765 2610 867 2686 patre,
889 2610 1050 2686 quatenus
1102 2601 1202 2666 aliam
1223 2601 1310 2668 babet
1325 2607 1451 2682 patron
1470 2623 1564 2684 gnam
1582 2603 1683 2667 solnm
1699 2602 1814 2684 Deam,
1836 2624 1857 2668 a
1877 2624 1938 2684 ono
1960 2607 2075 2670 onmia

79 2696 131 2756 est
156 2689 305 2774 genitus,
337 2687 421 2754 nihil
453 2698 540 2754 esset
564 2690 829 2769 anseromiae„
862 2689 1047 2755 Essentiam

79 2796 159 2842 vero
181 2778 326 2858 genitam
349 2776 480 2858 probes,
509 2776 536 2840 si
565 2795 663 2857 quem
685 2774 767 2840 velis
789 2785 845 2839 tuo
867 2785 1048 2842 eommento
1185 2774 1699 2857 Exposniquosensusariptura,
1711 2772 1927 2857 dompetram
1940 2774 2078 2842 Christo

81 2866 153 2940 [pag.
181 2864 236 2939 29]
260 2863 470 2944 requiescere.
519 2861 664 2925 Interea*
678 2870 829 2926 notemus
851 2860 975 2926 Christi
997 2883 1048 2927 es-
1100 2867 1275 2943 eomparat,
1296 2880 1371 2924 eum
1394 2858 1699 2941 praedieetunieum
1713 2858 1836 2925 Deum:
1858 2882 1978 2944 nempe
1999 2863 2077 2945 quia
2211 2876 2252 2916 d

78 2950 232 3024 sentiam,
259 2956 422 3029 quatenus
442 2955 501 3019 est,
523 2967 635 3013 earere
656 2947 790 3030 origine.
839 2944 985 3027 Quodsi
1011 2948 1048 3012 in
1100 2945 1264 3029 legatione
1283 2965 1344 3028 pro
1362 2945 1434 3027 ipso
1456 2944 1611 3010 Christus
1632 2947 1789 3029 fungitur,
1806 2950 1828 3023 ¹)
1851 2948 1989 3028 eiusque
2008 2950 2075 3015 vir·
2214 2972 2251 2986 ·

79 3032 147 3097 filio
179 3042 230 3096 est
253 3039 385 3097 aeterne
418 3031 521 3113 patris
548 3032 706 3109 essentia,
734 3032 849 3097 erineo
876 3053 1048 3115 personam
1100 3040 1170 3096 tute
1191 3039 1225 3095 et
1245 3030 1399 3096 mandato
1427 3029 1585 3096 mundum
1612 3032 1783 3114 gubernat
1833 3030 1900 3097 Sed
1928 3032 2013 3100 haee
2038 3035 2076 3099 in
2203 3044 2251 3085 Δ
2339 3070 2342 3094 f

78 3137 150 3182 esse
172 3117 480 3183 communicabilem.
514 3115 610 3197 Quod
631 3116 722 3182 addit
742 3116 955 3183 deimmensa
971 3119 1048 3185 eub-
1099 3136 1239 3200 persona
1255 3125 1288 3181 et
1308 3122 1396 3182 statu
1418 3114 1608 3185 mediatoris
1629 3118 1802 3183 submissio
1823 3117 1906 3182 nihil
1928 3119 2090 3184 detrahit
2183 3114 2253 3170 -1
2329 3176 2331 3195 ,

78 3203 200 3268 stantia
221 3201 285 3267 Dei
306 3203 426 3268 summi
450 3224 521 3268 esse
546 3203 706 3287 genitam,
735 3224 800 3268 non
822 3201 918 3268 ahter
938 3203 1047 3283 stabit,
1100 3225 1142 3267 ex
1162 3203 1324 3268 immensa
1345 3201 1476 3267 deitatis
1503 3202 1574 3266 eius
1602 3203 1714 3286 gloria.
1763 3203 1817 3268 Ita
1838 3203 1959 3268 dieitur
1980 3216 2098 3289 patei·
2178 3211 2253 3254 Ἴ

79 3289 225 3369 quamsi
248 3287 402 3354 eoneedat
433 3297 491 3353 aut
511 3289 764 3353 immensitatem
785 3289 946 3355 essentiae
967 3290 1048 3355 resi-
1100 3287 1167 3354 filio
1189 3286 1316 3353 dedisse
1338 3298 1375 3352 ut
1396 3286 1516 3353 habeat
1538 3289 1640 3354 vitam
1661 3289 1697 3353 in
1719 3309 1754 3355 se
1774 3289 1788 3353 i
1810 3309 1854 3367 so,
1876 3290 1913 3354 in
1935 3311 2004 3373 que
2027 3302 2089 3357 ta·
2181 3308 2249 3325 ···

80 3372 157 3438 dere
177 3373 214 3437 in
236 3372 384 3451 Christo,
412 3381 470 3438 aut
496 3374 637 3456 aliquam
666 3374 738 3438 eius
766 3373 957 3457 portionem.
1008 3374 1049 3441 Si
1100 3395 1176 3439 men
1197 3374 1267 3441 vita
1287 3382 1359 3438 erat
1377 3373 1418 3438 ab
1435 3374 1552 3439 ultima
1561 3374 1762 3440 aeternitate.
1829 3374 1948 3457 enique
1970 3378 2091 3461 serip-
2179 3393 2246 3409 ”“·
2302 3373 2312 3461 j‘

79 3459 261 3524 eommunis
288 3468 340 3525 est
364 3459 431 3527 filio
459 3459 621 3524 essentiae
647 3459 867 3539 immensitas,
893 3469 1049 3544 sequetur
1100 3467 1193 3525 turae
1214 3459 1331 3524 tritum
1353 3471 1413 3538 est,
1434 3460 1469 3524 in
1491 3470 1594 3544 patre,
1617 3469 1771 3544 tanquam
1794 3460 1829 3525 in
1846 3461 1993 3543 speoulo,
2016 3485 2097 3529 no·
2167 3476 2246 3494 ’-

77 3564 148 3610 esse
168 3544 426 3610 interminatum.
463 3543 554 3626 Quid
570 3545 715 3629 ergofiet
734 3545 860 3628 primae
880 3546 1047 3629 prothesi?
1098 3545 1149 3612 bis
1179 3565 1360 3629 proponere
1392 3565 1555 3610 summam
1587 3544 1718 3611 deitatis
1749 3545 1902 3630 gloriam:
1936 3568 2007 3614 non
2040 3559 2098 3615 ur»
2165 3536 2241 3594 ὅ
2289 3554 2293 3602 t

78 3630 180 3712 Atqui
201 3630 415 3695 substantiam
431 3630 495 3696 Dei
512 3631 619 3697 lasere
638 3629 834 3715 partibilem,
857 3630 1048 3699 detestabile
1099 3629 1274 3714 quidquam
1301 3631 1368 3696 filio
1391 3634 1465 3710 [pag.
1485 3636 1539 3711 el]
1567 3632 1706 3710 auferat,
1734 3631 1792 3698 sed
1818 3633 1895 3715 quia
1916 3632 2100 3701 Ohrntue
2157 3631 2238 3677 Β
2279 3640 2285 3704 r

78 3713 289 3799 saerilegium
310 3726 368 3782 est
1098 3717 1170 3800 ipse
1190 3717 1326 3782 interior
1346 3717 1452 3783 fastus
1473 3726 1523 3782 est
1543 3726 1646 3799 patre,
1668 3726 1707 3782 ut
1723 3717 1765 3783 ad
1783 3726 1910 3800 patrem
1934 3740 1999 3785 nos
2017 3721 2100 3787 duae
2156 3731 2231 3751 ⁴·
2269 3749 2275 3807 J

523 3852 604 3918 m
1099 3802 1211 3881 eendo,
1234 3801 1276 3867 ad
1297 3803 1458 3885 seipsum
1475 3824 1603 3886 quoque
1624 3824 1684 3868 nos
1705 3801 1847 3869 dueeret
1890 3803 2101 3873 Undehu0
2144 3816 2225 3837 ⁴⁶·
2259 3838 2265 3908 ,2

1099 3888 1250 3972 gratinus
1271 3908 1339 3953 non
1360 3889 1470 3954 minus
1492 3889 1572 3955 saite
1596 3908 1696 3971 quam
1722 3910 1800 3955 vere
1826 3910 1903 3955 eum
1924 3893 2105 3958 nominat·
2133 3875 2218 3936 Δ
2249 3927 2254 3972 ;

165 3973 228 4056 Qni
256 3971 380 4039 stoan
410 3970 555 4037 meere
580 3993 645 4039 esse
667 3974 832 4054 oontendit,
862 3975 893 4040 is
919 3974 966 4039 oet
986 3975 1048 4041 dna
1099 3975 1189 4040 uam
1211 3994 1277 4056 qua
1298 3975 1375 4052 itur,
1398 3982 1432 4040 et
1452 3995 1586 4057 seopum
1610 3974 1663 4040 vel
1684 3983 1807 4040 metam
1828 3994 1892 4058 quo
1915 3977 2095 4044 tenditur·
2152 3999 2205 4019 ⁴·
2249 3973 2253 4010 ἶ

76 4065 198 4126 asserat
213 4059 386 4143 primipia,
407 4059 579 4125 oettnrrim
587 4058 688 4125 Babet
709 4060 847 4141 aedificet
867 4065 1047 4126 necesseest.
1535 4108 1632 4176 ΧΠ
2239 4049 2245 4113 l

162 4230 238 4296 Tibi
263 4250 344 4298 vero
371 4251 437 4295 non
463 4228 543 4295 adeo
570 4229 665 4297 faaile
692 4231 756 4298 erit
776 4231 845 4296 solo
866 4230 1049 4298 virulentae
1188 4228 1332 4301 masne
1351 4249 1414 4296 non
1434 4231 1503 4297 ideo
1523 4229 1588 4303 Dei
1606 4231 1695 4312 (ttius
1716 4236 1770 4310 Μ,
1792 4233 1869 4314 Μ
1888 4230 2001 4315 DQ
2023 4213 2181 4303 &aff
2219 4158 2235 4316 ly

75 4382 282 4398 “·“-·
1099 4321 1213 4396 ‘Was
1235 4315 1302 4381 Μ
1323 4321 1368 4383 ‘ti
1387 4315 1486 4396 Dm»
1507 4316 1584 4399 tuit
1603 4315 1668 4383 Dei
1686 4317 1784 4398 titisse.
1994 4376 2000 4387 ,
2208 4324 2218 4419 51

79 4467 582 4608 „intimassent
600 4484 654 4608 st
670 4468 923 4593 tvlhtm
1006 4484 1049 4527 ⁶¹⁹
1185 4487 1261 4554 ΝΜ
1281 4485 1624 4612 ⁸⁰ffi⁰⁰¹⁰t⁰¹¹¹lttuffl
1645 4507 1718 4554 ⁰⁸⁸⁰
1733 4485 1853 4568 ”mv
1875 4491 1941 4558 aa
1963 4500 1999 4559 θ*
2017 4511 2113 4578 ⁸⁰⁷
2189 4439 2205 4623 i

123 4660 125 4663 ,
145 4603 177 4670 2)
194 4621 211 4660 a
228 4606 345 4675 produit

147 4669 439 4751 mmmmm
1169 4674 1199 4743 1)
1217 4675 1307 4731 christ
1322 4681 1366 4730 est
1380 4673 1531 4730 deomant
1545 4691 1580 4732 en
1596 4691 1648 4731 sau
1663 4691 1734 4730 non.
2168 4647 2187 4827 fl

1101 4609 1304 4621 ...η-...-
