4748 5798
242 199 306 266 387
965 194 1218 264 EXPOSITIO
1239 193 1509 262 IMPIETA'I'IS
2120 288 2123 292 .
2176 196 2237 258 388

332 385 395 451 Per
416 387 443 452 il
464 387 516 451 clue
532 388 585 452 noi
610 389 782 454 danmomo
804 408 819 452 e
841 386 1016 453 ddestiaun
1037 385 1161 452 l’errore
1182 385 1216 449 di
1353 384 1465 466 Itaque
1486 383 1674 449 damnamus
1700 403 1737 449 ac
1763 382 1949 449 detestamur
1976 402 2083 448 eorum
2104 402 2238 449 errorern

243 471 337 555 anelli
360 471 412 537 cle
437 473 544 538 dicoreo
570 473 623 538 cle
648 473 674 539 il
697 471 802 539 Padre
823 472 1074 553 simplicemente,
1102 477 1216 552 anania
1267 473 1323 552 qui
1343 470 1450 536 dicunt
1464 474 1590 551 patrem
1610 468 1796 551 simpliciter
1820 489 1897 534 suae
1922 469 2070 535 essentiae
2090 475 2237 552 respmtu,

243 558 307 622 alla
329 578 390 623 sua
412 559 553 636 essentia,
576 564 602 623 et
624 561 659 623 in
680 563 794 640 quamn
805 558 898 642 eplii
919 557 982 623 solo
1003 578 1019 623 e
1040 577 1110 621 vero
1122 555 1215 623 Iddio
1267 561 1465 638 etquatenus
1488 555 1536 637 (ut
1546 555 1612 636 ipsi
1622 554 1802 637 manantur)
1825 554 1910 620 solus
1927 559 2021 620 eatae
2036 574 2129 620 caus
2139 553 2237 636 Deus,

243 643 336 725 (corne
357 645 420 707 essi
442 642 571 722 dicono),
593 643 635 708 la
660 649 804 727 penerato
826 645 853 709 il
873 664 930 709 suo
949 639 1101 725 pipliuolo:
1133 663 1215 708 eome
1264 642 1368 724 tilium
1389 661 1481 707 suum
1501 642 1658 725 penuisse,
1682 641 1814 722 perinde
1839 661 1876 707 ac
1897 640 2060 706 sidicino
2081 641 2237 722 maiestas,

242 749 275 794 se
296 727 462 793 laDiaina
474 728 607 809 Maesta,
630 729 778 810 Imperio,
792 732 815 811 ¹)
838 729 979 808 essentia,
1002 729 1080 793 etin
1096 748 1216 793 somma
1264 728 1367 811 picria
1379 731 1404 811 ¹)
1426 732 1453 793 et
1474 727 1622 807 essentia,
1649 727 1781 809 denique
1800 747 1873 791 nera
1894 725 1951 790 dla
1972 726 2074 791 deitas
2095 730 2173 792 esset
2192 746 2237 792 so-

242 814 275 879 la
295 835 368 879 uera
390 813 557 894 Divinitd,
585 835 646 879 nou
669 820 887 899 appartenesse
915 835 1032 879 senon
1052 813 1085 879 al
1109 813 1214 879 Padre
1266 814 1330 879 lius
1351 814 1459 895 patris
1476 813 1629 894 propria,
1662 817 1717 877 out
1745 811 1839 878 Iesus
1871 809 2015 878 Oliristus
2046 815 2073 876 ct
2105 812 2238 894 spiritus

242 900 318 979 solo,
352 920 367 964 e
394 900 446 964 cle
476 899 551 965 lesu
576 899 698 967 Christo
726 924 742 966 e
775 900 947 981 loSpirito
975 904 1064 964 santo
1087 900 1214 981 fusseuo
1265 905 1391 966 sanctus
1413 904 1512 964 essent
1539 898 1587 964 dii
1610 897 1649 962 ab
1669 898 1725 963 illo
1742 898 1954 980 procedentes,
1983 917 2020 962 ac
2035 897 2171 979 proinde
2191 897 2238 964 di·

242 984 333 1051 Iddii
349 986 525 1067 prandenti
547 987 589 1051 da
611 987 674 1066 lui,
708 986 797 1053 ecle
814 988 849 1052 in
870 990 975 1068 punto
996 986 1084 1051 ruodo
1103 985 1213 1051 lunitcl
1265 985 1336 1051 aisa
1353 990 1431 1051 esset
1451 1005 1488 1050 ac
1509 988 1656 1066 separata
1677 984 1804 1050 diuinae
1825 985 1973 1049 essentiae
1994 985 2109 1049 unitas.

241 1072 279 1136 de
300 1071 454 1136 lessentia
472 1071 596 1136 Divina
615 1073 703 1154 fusse
724 1073 830 1137 diuisa
847 1093 865 1137 o
883 1075 1037 1155 separata.

328 1156 371 1220 ln
391 1161 475 1221 tanto
495 1158 694 1239 confessando
710 1159 763 1223 noi
783 1158 836 1224 cle
856 1177 918 1223 non
939 1157 968 1222 ci
997 1158 1012 1220 i
1033 1176 1146 1222 senon
1168 1177 1213 1220 un
1276 1196 1282 1210 ·
1354 1154 1516 1222 Caeterum
1536 1175 1631 1236 qnam
1652 1175 1750 1219 unum
1761 1155 1917 1220 duntaxat
1926 1153 2033 1221 Deum
2044 1153 2238 1236 profitemur,

241 1241 304 1307 solo
326 1241 435 1321 Iddio,
463 1244 684 1308 ricauosciamo
711 1244 763 1308 clue
785 1247 860 1309 tatto
881 1241 980 1326 puello
1001 1241 1054 1307 cle
1074 1243 1104 1307 si
1124 1242 1213 1307 attri-
1266 1243 1462 1325 apnoscimus
1483 1241 1637 1324 quidquid
1659 1243 1728 1306 eius
1750 1241 1871 1321 deitati,
1900 1240 2019 1324 plorim
2039 1245 2067 1305 et
2087 1241 2237 1306 essentiae

240 1328 342 1394 luisse
372 1349 392 1391 a
419 1328 452 1392 la
472 1328 622 1394 Dioinitd
648 1334 677 1394 et
705 1330 771 1394 ada
799 1350 860 1394 sua
883 1329 987 1412 plania
1021 1333 1048 1392 et
1073 1330 1213 1407 essentia,
1265 1327 1454 1407 attribuitur,
1476 1333 1540 1392 tam
1558 1326 1754 1411 conuenire2)
1769 1326 1837 1408 filio
1858 1347 1952 1408 auam
1973 1326 2104 1408 spiritui
2124 1330 2237 1405 sancto,

241 1415 421 1493 conviene²)
444 1419 527 1479 tanto
550 1416 581 1480 ol
600 1415 738 1498 fipliuola
759 1419 874 1496 quanto
897 1413 959 1479 allo
980 1415 1092 1499 spirito
1114 1419 1211 1492 santo,
1248 1418 1360 1495 'quum
1381 1412 1564 1494 simpliciter
1585 1413 1691 1496 apitur
1718 1413 1755 1478 de
1777 1412 1859 1491 Deo,
1889 1412 2005 1495 absque
2025 1417 2134 1477 mrctrua
2157 1412 2238 1478 inter

241 1499 366 1581 quando
383 1500 524 1580 siparla
544 1501 785 1583 semplicemente
805 1500 839 1565 di
861 1499 926 1565 Dio
947 1518 1041 1564 senua
1060 1499 1115 1580 far
1135 1519 1213 1564 com
1264 1519 1296 1564 se
1313 1518 1523 1580 personarum
1543 1501 1778 1581 comparatione.
1814 1497 1874 1563 Sin
1895 1503 1997 1564 aedem
2013 1518 2168 1581 personae
2189 1498 2237 1562 in·

235 1586 403 1664 paratione
429 1586 472 1649 da
500 1607 565 1650 nna
587 1607 725 1669 persona
752 1608 773 1651 α
799 1586 913 1653 l'allra.
958 1584 1019 1649 Ma
1039 1584 1213 1666 succendosi
1263 1590 1310 1649 ter
1330 1605 1364 1650 se
1384 1590 1607 1666 comparentur,
1625 1584 1837 1650 'obsecundae
1857 1589 1929 1650 sunt
1949 1584 2146 1668 sinpularum
2161 1604 2237 1668 pro·

242 1669 275 1735 la
296 1672 523 1752 cornparatione
543 1672 580 1736 de
601 1672 629 1736 le
644 1693 789 1752 persone,
817 1671 854 1737 de
881 1672 970 1736 l'una
990 1691 1012 1735 a
1033 1670 1154 1750 l'altra,
1183 1672 1212 1736 oi
1261 1672 1424 1753 prietates,
1453 1671 1565 1753 quilius
1592 1672 1639 1735 ita
1666 1670 1902 1754 distinpuantur
1929 1676 1964 1735 ut
1987 1670 2080 1752 filius
2107 1690 2170 1736 non
2195 1671 2237 1736 sit

241 1756 381 1822 couniene
407 1777 565 1822 asservare
598 1757 697 1839 puello
722 1757 775 1822 cle
802 1760 819 1822 ὸ
837 1758 971 1839 proprio
1003 1775 1024 1820 a
1056 1757 1211 1834 mmcuna,
1258 1761 1351 1838 pater
1371 1777 1425 1822 nec
1444 1757 1576 1839 spiritcn
1598 1761 1725 1822 sanctus
1747 1758 1789 1822 sit
1807 1756 1905 1838 pctus.

235 1841 409 1923 perferri
435 1843 497 1907 tale
522 1844 701 1908 distintione
728 1843 780 1909 clue
807 1842 833 1908 il
856 1843 994 1927 fipliuola
1020 1862 1082 1907 non
1109 1843 1160 1907 sia
1187 1842 1212 1907 il

244 1925 358 2007 Padre,
379 1948 417 1992 ne
438 1929 468 1994 lo
488 1930 600 2011 spirito
617 1933 707 1993 santo
728 1931 780 1993 sia
799 1929 825 1994 it
844 1929 989 2013 tipliuolo.

330 2012 526 2093 Quantoalla
540 2014 854 2095 Persouadelnoslro
867 2013 981 2098 Sipnor
992 2012 1067 2079 Iesu
1080 2012 1210 2093 Olristo,
1352 2013 1439 2095 Quod
1466 2015 1574 2078 attinet
1604 2014 1647 2079 ad
1674 2034 1844 2095 personam
1875 2013 2007 2080 Domini
2039 2012 2142 2078 ruostri
2163 2010 2238 2079 Iesu

240 2097 315 2163 altre
335 2098 388 2162 cle
406 2100 452 2180 pin
473 2100 598 2182 daopni
619 2101 748 2166 uenia
769 2101 880 2167 estato
898 2105 1041 2183 pennata
1062 2098 1212 2165 dalddio
1266 2098 1393 2173 curisti,
1410 2104 1632 2181 praeterquam
1654 2099 1736 2180 quod
1756 2099 1795 2164 ab
1817 2101 1901 2164 oruni
1918 2099 2095 2165 aeternitate
2114 2099 2238 2182 paudus

239 2203 296 2247 suo
320 2181 434 2263 Padre,
456 2191 482 2250 et
506 2189 521 2250 ὲ
543 2190 621 2250 stato
637 2205 775 2266 persona
797 2186 928 2251 distinta
950 2186 992 2251 da
1013 2185 1069 2263 lui,
1096 2186 1149 2250 noi
1170 2191 1211 2251 te-
1264 2190 1309 2251 est
1329 2206 1350 2249 α
1371 2184 1440 2251 Deo
1454 2190 1556 2266 patre,
1580 2191 1608 2249 et
1628 2191 1673 2250 est
1687 2205 1826 2267 persona
1847 2184 1886 2249 ab
1908 2205 1941 2250 eo
1962 2185 2117 2264 distincta,
2132 2184 2237 2254 ,credi

239 2271 383 2353 niamo¹)
410 2271 463 2335 elce
489 2293 527 2336 ne
550 2272 584 2336 la
604 2292 666 2336 sua
687 2277 804 2338 natura
825 2271 979 2351 humana,
1007 2271 1045 2336 de
1066 2271 1100 2336 la
1121 2271 1212 2353 quale
1263 2291 1334 2335 mus
1345 2274 1372 2347 ¹)
1394 2291 1463 2335 eum
1485 2272 1520 2335 in
1541 2271 1682 2337 lcumena
1704 2292 1822 2353 quoque
1843 2275 1969 2351 natura,
1997 2291 2092 2353 quam
2113 2274 2237 2339 nostrae

241 2355 348 2438 eplisi
370 2357 386 2419 ὲ
406 2359 512 2422 vestito
528 2378 589 2438 per
614 2362 722 2422 nostra
743 2357 855 2437 salute,
885 2358 946 2440 epli
967 2359 983 2422 ὲ
1004 2376 1119 2422 ancora
1140 2377 1211 2422 aero
1263 2357 1377 2422 salutis
1404 2376 1501 2422 causa
1530 2357 1650 2434 induit,
1681 2377 1788 2423 omum
1816 2377 1853 2423 ae
1879 2357 2055 2422 naturalem
2083 2375 2150 2421 esse
2172 2355 2237 2422 Dei

239 2461 255 2505 e
276 2441 421 2506 naturale
440 2442 578 2526 fipliuolo
605 2442 640 2507 di
661 2442 742 2523 Dio,
764 2443 961 2524 perlucere
990 2443 1026 2506 in
1057 2442 1102 2507 tal
1123 2445 1212 2508 modo
1261 2442 1378 2523 filium,
1406 2443 1555 2523 quoniam
1581 2442 1721 2508 uidelicet
1749 2444 1831 2508 duas
1859 2449 1990 2508 naturas
2016 2443 2063 2507 ita
2080 2443 2116 2506 in
2138 2461 2237 2505 unum

239 2526 324 2590 unite
347 2526 374 2591 le
395 2527 455 2592 due
476 2533 596 2606 nature,
618 2527 670 2595 ele
692 2550 755 2594 non
777 2530 794 2593 ὲ
814 2549 848 2595 se
869 2549 931 2595 non
947 2550 991 2594 un
1012 2527 1212 2594 soloMedia·
1262 2529 1425 2595 coniunxit
1449 2533 1483 2591 ut
1510 2528 1553 2592 sit
1574 2529 1688 2594 unimus
1714 2530 1878 2609 mediator,
1907 2529 1997 2594 Deus
2017 2526 2237 2607 manifestatus

240 2616 312 2689 tore,
336 2611 638 2695 Iddiomanifestato
659 2616 693 2679 in
714 2636 814 2695 conce,
836 2614 1020 2680 riservando
1041 2622 1162 2695 sempre
1183 2614 1211 2681 le
1262 2615 1424 2692 incarne,
1449 2615 1583 2678 sanatis
1611 2619 1683 2693 [pag.
1705 2619 1759 2694 46]
1783 2619 1885 2679 tamen
1913 2615 2077 2696 utriusque
2103 2619 2238 2678 naturae

232 2697 396 2778 proprietd
417 2699 451 2762 di
472 2700 621 2766 ciascuna
641 2701 679 2765 de
700 2701 727 2767 lc
748 2702 807 2766 due
828 2706 946 2766 natiue.
1255 2699 1508 2782 proprietatibus.

325 2781 530 2866 Horfacendo
546 2785 921 2867 puestadioliaratione¹l
940 2786 1210 2869 noiprotesti‘umo,
1351 2784 1451 2850 Porro
1472 2786 1519 2849 ita
1538 2785 1619 2850 lanc
1640 2786 1860 2867 confessionem
1873 2786 1902 2870 ¹)
1925 2786 2055 2865 eclimus,
2077 2789 2112 2849 ut
2134 2791 2239 2851 sande

239 2887 370 2950 esnpra
386 2870 420 2935 la
437 2870 505 2951 fede
531 2872 583 2938 cle
603 2874 656 2943 noi
676 2872 834 2937 debbiamo
861 2893 883 2937 α
903 2871 969 2938 Dio
984 2872 1211 2954 promettiamo,
1262 2876 1405 2937 testam
1427 2891 1463 2936 ac
1477 2871 1698 2952 polliceamur,
1722 2892 1783 2953 per
1804 2893 1873 2937 cam
1894 2871 1988 2953 fidem
2009 2893 2072 2952 pua
2091 2871 2162 2937 Deo
2183 2893 2238 2937 su·

240 2974 255 3017 e
276 2955 305 3016 ci
331 2954 550 3040 ollipliamo¹)
579 2958 614 3022 di
641 2957 798 3042 sepuire¹)
823 2963 931 3040 quma
958 2959 1109 3036 dottrina,
1134 2978 1150 3021 e
1176 2958 1212 3024 di
1263 2978 1335 3022 mus
1356 2958 1538 3042 nstrata),
1560 2979 1616 3023 nos
1644 2959 1725 3024 lanc
1745 2958 1916 3024 doctrinam
1938 2957 2190 3043 obsunaturos⁶)
2213 2963 2243 3022 et

234 3059 435 3120 perseuerare
455 3044 489 3106 in
499 3063 577 3122 essa,
599 3064 693 3108 senna
703 3044 927 3109 contraveniroi
944 3065 981 3109 ne
1002 3044 1212 3110 direttameute
1263 3045 1299 3108 in
1320 3064 1356 3107 ea
1377 3044 1424 3107 ita
1439 3050 1702 3124 perseveraturos,
1725 3050 1761 3109 ut
1783 3064 1944 3126 riunquam
1964 3044 2077 3108 directe
2097 3043 2147 3107 ael
2164 3044 2240 3108 olli·

239 3144 278 3189 ne
299 3125 520 3208 obliquomente
541 3131 575 3195 di
597 3134 679 3194 certa
699 3131 839 3209 scientia,
868 3150 885 3195 o
907 3149 963 3195 oon
983 3131 1100 3196 alcuna
1121 3130 1212 3194 mali-
1264 3150 1331 3211 pue,
1353 3130 1488 3194 consulto
1510 3130 1634 3211 quidem
1657 3150 1693 3195 ac
1714 3130 1868 3196 malitiose
1888 3130 1938 3195 illi
1959 3149 2176 3214 repupnemus,
2200 3130 2244 3194 ad

239 3212 293 3290 tia,
311 3231 373 3294 per
392 3216 514 3279 nutrire
535 3216 648 3280 alcuna
668 3216 860 3282 dissuasione
888 3217 1138 3298 odifferentia¹)
1160 3215 1212 3280 ele
1262 3215 1425 3297 fovendam
1446 3215 1545 3280 ullam
1567 3216 1696 3282 dissidii
1705 3218 1733 3301 ¹)
1753 3216 1895 3296 speeiem,
1917 3235 1977 3298 quo
1992 3216 2098 3298 possit
2118 3214 2159 3279 ab
2176 3217 2248 3280 ista

238 3297 326 3378 fusse
341 3317 403 3377 per
423 3301 576 3366 disoiurci
603 3302 645 3365 do
673 3301 735 3366 tale
756 3302 891 3367 uccordo.
942 3301 977 3366 E
992 3303 1212 3386 peueralmentc
1264 3301 1426 3367 mncudia
1445 3301 1572 3366 discedi.
1626 3301 1780 3384 Denique,
1796 3306 1832 3364 ut
1853 3301 1994 3367 omnibus
2012 3301 2186 3366 discordiis
2207 3303 2245 3366 in

233 3401 295 3461 per
316 3382 459 3450 cliudere
480 3386 513 3451 la
537 3385 634 3451 Porta
661 3408 682 3451 a
703 3392 777 3452 tutte
803 3388 830 3452 le
852 3388 1006 3453 discordie
1021 3407 1081 3469 per
1102 3388 1212 3453 l’avae
1258 3392 1419 3467 posterum
1440 3392 1629 3466 occurratur,
1644 3390 1828 3470 profitemur
1849 3408 1907 3453 nos
1927 3389 2029 3452 vivere
2043 3389 2171 3452 canceri
2193 3388 2258 3451 deo

238 3468 317 3547 nire,
338 3471 392 3534 nai
403 3471 596 3537 dicliarcmo
606 3472 641 3537 di
659 3473 740 3538 oolcr
756 3474 858 3538 civem
875 3475 1016 3539 emorire
1036 3473 1106 3538 nell’
1129 3473 1211 3538 obbe-
1263 3473 1393 3537 uenisse
1410 3473 1578 3538 secundum
1598 3472 1694 3538 luius
1715 3474 1857 3539 ecclesiae
1867 3473 2047 3551 doctrinam,
2071 3478 2099 3536 et
2121 3478 2247 3538 eontra-

239 3552 360 3618 dientia
388 3557 425 3620 de
453 3557 486 3621 la
512 3558 685 3639 dottrina⁸)
712 3559 747 3624 di
773 3564 879 3640 questa
906 3559 1028 3638 clieso,
1049 3579 1074 3638 e,
1096 3563 1212 3639 quanto
1262 3559 1324 3622 riis
1344 3557 1486 3622 anmiburs
1505 3560 1596 3623 sectis
1617 3560 1787 3626 restiturus.
1833 3557 1921 3624 Haec
1939 3560 2045 3623 omnia
2062 3560 2254 3640 oornprola-

234 3657 296 3719 per
313 3641 366 3704 noi
387 3643 417 3706 si
433 3644 573 3721 potra,¹)
592 3646 734 3709 resistere
755 3665 776 3709 α
796 3649 870 3709 tutte
892 3645 919 3710 le
939 3644 1011 3710 selle
1033 3643 1085 3710 cle
1105 3646 1135 3709 si
1153 3665 1212 3726 po·
1262 3663 1346 3725 mus,
1374 3644 1542 3724 recipimus
1570 3663 1606 3708 aa
1632 3646 1865 3727 emufirmamus,
1880 3646 1919 3725 ¹¹)
1950 3665 1987 3709 ea
2012 3645 2189 3711 conditione
2210 3648 2258 3709 ut

239 3727 358 3789 tessono
379 3726 479 3792 leuare
498 3728 531 3792 al
553 3730 700 3809 incontra,
715 3732 756 3812 ¹⁰)
774 3750 790 3793 e
810 3731 874 3796 cosi
896 3730 1135 3813 l'approaiamo,
1163 3751 1211 3794 ac·
1263 3729 1317 3810 qui
1339 3748 1427 3794 sectis
1445 3730 1532 3810 fauit
1545 3728 1586 3812 ¹¹)
1604 3733 1809 3814 properium
1829 3751 1866 3795 ac
1882 3730 2004 3813 perfido
2024 3728 2189 3797 dalmtun.

238 3810 379 3876 celticmo
401 3833 416 3876 e
438 3814 658 3895 consenniamo
672 3820 712 3891 ¹¹)
739 3821 816 3881 sotto
842 3836 929 3898 penu
955 3817 990 3882 di
1012 3835 1095 3881 esser
1114 3816 1212 3880 tenuti

232 3895 396 3979 perplane)
416 3918 432 3962 e
452 3901 624 3964 mancatori
645 3899 680 3964 di
699 3901 776 3982 sede.

1266 4003 1332 4070 Ion.
1368 4002 1523 4088 Splaester
1560 4005 1683 4104 Tim.
1699 4025 1798 4103 supra
1835 4005 1985 4086 scriptam
2016 4004 2278 4086 confessiorem
2312 4031 2336 4040 ⁴

1266 4174 1324 4240 Fr.
1350 4088 1705 4258 assdlclcllirltusqtldcldld
1723 4112 1755 4242 cel
1775 4090 2096 4258 dllpruloyldtqffddtdld
2128 4197 2336 4260 stupra*-

1264 4347 1331 4412 Ion.
1350 4261 1916 4413 slllllldirlllfdlsesrllr‘tgmgllgllllllus
1937 4347 2055 4429 accipio
2075 4353 2112 4412 nt
2132 4366 2336 4431 supra,-

1263 4432 1455 4516 Hcppolptus
1479 4434 1644 4499 Pelerinus
1668 4433 1871 4518 Garipnanns
1893 4435 2011 4515 accipio
2031 4437 2067 4498 ut
2086 4453 2200 4517 stcpra.

1264 4518 1332 4584 Iol.
1355 4518 1506 4584 Nicotaus
1531 4518 1647 4586 Gallus
1660 4521 1702 4604 ¹¹)
1720 4521 1837 4608 accipio
1854 4524 1889 4584 ut
1909 4539 2017 4600 supra.

393 4719 422 4784 1)
446 4718 555 4773 Gallus.-
573 4719 699 4788 l'empire,
717 4720 744 4774 la
761 4721 855 4790 gleire.
966 4720 993 4790 2)
1011 4724 1136 4778 convient
1152 4730 1212 4778 tent
1229 4739 1264 4780 nn
1281 4725 1350 4779 Pero
1368 4724 1448 4793 qu’au
1466 4724 1510 4780 fils
1528 4733 1556 4780 et
1572 4741 1607 4780 nn
1624 4727 1711 4781 sainct
1726 4725 1828 4794 Eeprit.

392 4787 422 4854 3)
442 4803 510 4843 noun
528 4796 624 4842 tenone
643 4796 671 4843 et
688 4804 808 4859 croyona
962 4789 993 4853 4)
1013 4791 1177 4846 declaration
1194 4799 1223 4847 et
1240 4794 1402 4848 confession.
1503 4792 1533 4859 5)
1553 4810 1605 4862 qne
1615 4810 1683 4848 noue
1693 4793 1896 4850 devonsiDien
1913 4802 1942 4849 et
1950 4794 1996 4863 luy
2004 4809 2120 4850 commen
2130 4795 2278 4862 obliges.

394 4856 424 4921 6)
443 4857 475 4910 de
492 4873 589 4927 enyvre
608 4865 636 4913 el
654 4859 803 4912 meintenir.
965 4858 995 4924 l)
1012 4860 1161 4915 dissension
1182 4878 1217 4916 on
1234 4861 1367 4917 different.
1505 4861 1535 4927 8)
1555 4863 1631 4917 selon
1649 4863 1676 4917 le
1693 4862 1822 4918 doctrine.

393 4924 422 4991 9)
442 4932 536 4981 entant
552 4924 630 4994 qn’en
648 4942 716 4982 none
733 4942 803 4981 nera.
959 4927 1006 4995 10)
1024 4931 1042 4985 i
1059 4935 1148 4985 tontes
1166 4936 1255 4985 nectes
1272 4932 1427 4986 contraires.
1505 4929 1551 4997 11)
1570 4930 1643 4986 Add.
1663 4939 1692 4986 et
1708 4931 1838 4987 nntiflone.

394 4992 440 5061 12)
459 4995 529 5050 celui
546 4997 592 5063 qui
609 4994 668 5050 iere
685 5001 843 5050 entrement.
965 4995 1012 5064 18)
1030 4997 1103 5052 Aac.
1121 4997 1154 5052 dc
1171 4998 1307 5068 Serdigne.
