4748 5798
226 202 288 264 28⁷
991 193 1254 264 RESPONSIO
1277 197 1464 263 ALTERA
2164 193 2230 259 288

226 395 398 453 uteorum
419 386 599 453 calumnias
620 384 773 464 dilueret,
803 385 883 449 mihi
912 384 967 450 vel
988 384 1141 450 malevoli
1164 394 1198 451 et
1250 385 1329 450 dum
1358 393 1453 450 esset.
1510 385 1606 452 Nunc
1639 389 1713 464 [pag.
1740 389 1794 465 3ο]
1828 384 1919 451 libris
1952 383 2034 450 meis
2068 382 2226 449 omnibus

225 474 329 556 iniqui
351 474 457 538 locum
479 472 617 554 aliquem
646 473 681 535 in
703 471 765 536 hoc
794 469 976 536 sedulitatis
997 492 1117 556 genere
1139 470 1196 536 da-
1250 472 1432 555 promiscue
1460 473 1629 538 sinistram
1656 479 1766 535 notam
1794 490 1986 555 aspergens,
2015 469 2145 534 abolere
2175 472 2227 534 vis

225 560 316 625 bunt.
353 557 427 640 Quo
449 559 558 622 minus
576 556 754 631 tolerabilis
775 569 826 622 est
848 567 925 622 tuus
947 557 1095 632 latratus,
1118 556 1196 622 dum
1249 578 1363 622 eorum
1385 560 1590 623 memoriam:
1613 567 1648 622 et
1669 554 1756 640 quod
1779 558 1850 622 sina
1868 555 1936 621 ulla
1957 555 2136 621 offensione
2159 555 2226 640 legi

224 657 273 712 tot
295 644 421 709 labores
443 664 532 709 meos
554 663 649 708 caeco
671 642 894 726 impudentiae
911 644 1034 726 impetu
1054 642 1195 721 calcans,
1248 644 1284 706 in
1307 641 1399 708 libris
1428 645 1509 708 meis
1536 651 1679 725 poterat,
1731 663 1766 707 ro
1795 655 1851 706 tuo
1879 641 2048 707 commodo
2077 641 2226 726 maligne

224 740 275 796 ter
295 742 330 794 ct
351 739 468 813 quater
488 739 598 793 actum
620 749 717 813 agere
739 729 839 794 iubes.
1249 728 1446 812 depravans,
1474 729 1620 794 odiosum
1644 663 1762 794 reddis.
1810 728 1885 792 Etsi
1908 737 2018 792 autem
2042 728 2225 812 Augustini

313 823 384 895 [pag.
400 821 454 894 27]
477 813 543 880 Sed
567 814 645 880 dicis
668 814 702 879 in
715 836 780 879 uno
797 815 935 879 articulo
957 813 1097 879 validius
1120 834 1195 878 con·
1248 812 1456 897 prudentiam
1478 837 1543 879 non
1567 815 1722 899 improbo,
1745 812 1830 896 quod
1852 812 1994 878 hostiurn
2017 834 2153 878 suorum
2171 835 2226 879 as·

224 912 276 968 tra
297 922 351 966 me
371 922 518 984 pugnare
539 900 670 977 multos,
693 920 790 983 quam
810 908 849 965 ut
869 922 981 965 eorum
1001 911 1196 982 argumenta
1248 901 1350 965 tutiae
1372 915 1406 964 et
1426 899 1628 984 improbitati
1650 921 1819 966 occurrere
1842 899 1970 976 volens,
1993 898 2040 964 sic
2061 908 2226 982 temperat

224 1010 266 1053 cx
288 988 380 1053 libris
397 1007 418 1051 a
438 1006 492 1050 me
514 986 674 1052 hactenus
696 985 793 1050 editis
816 985 920 1050 refelli
942 986 1081 1069 possint:
1105 985 1196 1051 hunc
1248 1006 1324 1051 suas
1345 987 1588 1068 responsiones,
1617 995 1654 1051 ut
1680 985 1792 1050 odium
1820 983 1974 1061 declinet,
2002 984 2084 1049 mihi
2108 992 2223 1050 tamen

224 1085 334 1139 autem
352 1071 432 1138 dicis
454 1092 524 1137 esse
542 1069 582 1136 de
594 1070 906 1147 Praedestinatione,
930 1071 981 1135 vel
993 1072 1086 1135 Fato.
1120 1071 1195 1136 Uti·
1247 1071 1359 1136 utilius
1382 1072 1513 1137 videtur
1532 1072 1634 1138 libero
1655 1081 1715 1135 tua
1735 1069 1911 1136 maledicta
1931 1071 2087 1148 refutare,
2122 1092 2224 1154 quam

224 1182 301 1226 nam
322 1159 373 1224 vel
396 1157 541 1223 modeste
563 1158 735 1240 inquirere,
757 1155 809 1221 vel
831 1157 947 1221 saltem
965 1159 1106 1242 ingenue
1128 1157 1195 1222 ‹lis-

223 1255 338 1329 putare
366 1244 423 1308 tibi
457 1243 562 1327 magis
590 1244 704 1308 luisset
730 1243 947 1326 propositum,
979 1264 1078 1325 quam
1104 1244 1195 1307 omni

223 1330 348 1415 pudore
371 1331 518 1413 neglecto
547 1329 587 1394 ad
616 1329 722 1393 lucem
754 1327 1030 1412 exstinguendam
1057 1330 1194 1393 miscere

223 1439 277 1482 res
300 1415 545 1480 diversissimas.
596 1415 715 1478 Fatum
745 1426 905 1480 vocarunt
925 1413 1027 1480 Stoici
1055 1415 1194 1479 necessi-

223 1512 327 1568 tatem
349 1523 390 1565 ex
412 1502 503 1566 vario
529 1509 563 1565 et
590 1499 762 1581 multiplici
790 1500 980 1583 labyrintho
1009 1501 1194 1578 conflatam,

224 1610 307 1672 quae
332 1589 439 1651 Deum
462 1589 566 1669 ipsum
590 1584 825 1667 quodammodo
847 1587 879 1650 in
893 1583 1041 1651 ordinem
1053 1595 1193 1668 cogeret.

223 1673 570 1749 Praedestinationem,
593 1683 631 1735 ut
652 1693 763 1736 sacrae
784 1673 965 1754 scripturae
988 1672 1113 1746 docent,
1139 1671 1194 1734 de·

223 1758 460 1835 finiolibernm
484 1778 554 1823 esse
576 1757 641 1820 Dei
663 1757 849 1835 consilium,
872 1778 935 1839 quo
957 1764 991 1821 et
1012 1757 1192 1820 humanum

224 1867 328 1930 genus
349 1853 382 1909 et
402 1844 548 1928 singulas
562 1841 674 1906 mundi
687 1852 796 1926 partes
818 1864 877 1925 pro
889 1842 1048 1908 immensa
1070 1863 1130 1907 sua
1143 1864 1194 1907 sa-

223 1931 348 2016 pientia
361 1937 393 1994 et
403 1930 528 1994 iustitia
545 1926 867 2012 incomprehensibili
878 1926 1074 1992 moderatur.
1097 1927 1196 1991 Nunc

224 2018 251 2082 si
274 2027 307 2081 te
329 2028 362 2080 ct
381 2010 505 2099 ingenii
534 2015 692 2097 pravitas,
722 2022 755 2077 et
777 2013 905 2078 rixandi
930 2012 1043 2092 libido,
1070 2025 1104 2077 et
1126 2013 1195 2076 dia·

223 2102 346 2167 bolicus
368 2102 470 2166 fastus
493 2103 539 2164 ita
561 2114 721 2170 excaecat,
744 2109 781 2162 ut
802 2099 883 2179 nihil
909 2099 1019 2163 videas
1041 2100 1076 2163 in
1097 2101 1195 2163 meri·

223 2187 290 2267 die,
314 2187 449 2252 oculatis
471 2197 579 2250 tamen
602 2184 776 2249 lectoribus
798 2184 879 2249 haec
901 2184 1065 2250 distinctio
1087 2197 1195 2249 osten·

223 2274 279 2338 dot
301 2274 406 2355 qualis
419 2279 461 2348 sit
484 2275 555 2357 [pag.
568 2275 622 2351 28]
641 2292 797 2336 censurae
817 2280 892 2334 tuae
911 2271 1067 2354 aequitas.
1100 2269 1196 2351 Adde

224 2359 350 2443 quodsi
373 2357 537 2422 duntaxat·
557 2358 655 2421 libros
673 2377 762 2420 meos
783 2357 942 2439 inspicere
961 2363 1117 2439 gravmus
1129 2377 1195 2420 non

224 2466 325 2528 esses,
357 2466 454 2528 quam
476 2442 559 2506 mihi
583 2442 753 2525 displiceat
780 2442 951 2525 profanum
979 2442 1037 2506 l'ati
1064 2462 1194 2520 nomen,

223 2545 354 2613 poteras
376 2529 453 2593 inde
475 2527 642 2612 colligere,
673 2528 738 2592 imo
759 2527 895 2611 legisses
916 2526 955 2591 ab
979 2528 1116 2610 impuris
1137 2549 1195 2593 ne-

224 2614 398 2679 bulonibus
428 2614 539 2696 tuique
572 2613 734 2677 similibus
769 2613 847 2678 olim
876 2615 976 2677 fuisso
1010 2614 1196 2698 Augustino

224 2701 370 2784 maligne
392 2708 426 2764 et
446 2699 556 2764 odiose
579 2700 755 2785 obiectum,
785 2710 818 2762 et
839 2700 872 2763 in
897 2694 985 2763 illius
1007 2700 1052 2782 pii
1075 2701 1195 2771 sancti-

224 2789 287 2872 que
320 2787 462 2852 doctoris
494 2806 649 2869 responso
674 2785 826 2851 breviter
864 2785 963 2849 fuisso
1002 2785 1195 2868 expositum,

223 2871 309 2958 quod
332 2871 427 2937 hodie
450 2871 491 2937 ad
513 2893 630 2937 causac
652 2892 744 2936 meae
766 2869 987 2940 defensionem
1010 2869 1161 2935 sufficiat.

1247 1156 1300 1221 vel
1322 1159 1492 1223 minimam
1514 1159 1761 1242 tergiversantis
1784 1156 1862 1222 darc
1884 1159 2034 1239 speciem.

1720 1292 1748 1359 1.

1334 1416 1484 1479 Primum
1513 1414 1686 1480 articulum
1715 1415 1849 1496 arripis:
1885 1412 1981 1495 Quod
2008 1413 2102 1479 Deus
2131 1413 2224 1478 nudo

1247 1521 1394 1584 puroque
1416 1501 1594 1566 voluntatis
1622 1521 1702 1565 suaa
1730 1499 1866 1564 arbitrio
1893 1501 2073 1564 maximam
2103 1498 2222 1563 mundi

1247 1593 1375 1669 partem
1396 1589 1557 1652 creaverit
1584 1585 1623 1651 ad
1647 1585 1873 1669 perditionem.
1927 1586 2026 1668 Atqui
2049 1594 2158 1649 totum
2181 1586 2223 1650 il·

1246 1672 1305 1736 lud
1327 1672 1367 1736 de
1389 1673 1533 1737 maxima
1561 1682 1653 1754 parto
1674 1671 1805 1748 mundi,
1835 1682 1869 1736 et
1896 1670 1936 1735 de
1963 1670 2051 1735 nudo
2073 1692 2222 1754 puroque

1248 1759 1311 1823 Dei
1334 1758 1470 1823 arbitrio
1498 1758 1649 1823 fictitium
1679 1767 1744 1831 est,
1773 1765 1869 1839 atque
1898 1779 1940 1823 er
1967 1756 2112 1822 malitiae
2143 1767 2222 1822 tuac

1246 1845 1377 1909 officina
1404 1843 1607 1925 productum.
1664 1843 1738 1913 Etsi
1757 1844 1854 1912 ¹euim
1881 1842 1960 1929 quid
1987 1844 2047 1908 toti
2075 1842 2223 1908 humano

1246 1930 1359 2013 generi
1383 1934 1458 2008 [pag.
1482 1932 1535 2008 31]
1566 1930 1712 1994 futurum
1740 1943 1826 1993 esset
1852 1927 1944 1994 Deus
1973 1929 2013 1993 ab
2040 1930 2134 1992 initio
2164 1928 2222 1993 de·

1246 2017 1357 2092 crevit,
1380 2014 1461 2080 haec
1480 2024 1589 2080 tamen
1611 2015 1763 2100 loquendi
1778 2015 1861 2078 ratio
1879 2035 2040 2096 nusquam
2059 2012 2149 2097 apud
2167 2036 2222 2080 me

1246 2111 1409 2167 occurret:
1444 2101 1562 2165 Finem
1591 2101 1765 2166 creationis
1797 2122 1868 2165 esse
1896 2111 2067 2164 aeternum
2100 2101 2218 2167 interi·

1248 2198 1326 2251 tum.
1372 2187 1498 2269 Itaque,
1527 2188 1631 2251 instar
1658 2186 1763 2270 porci,
1791 2186 1872 2251 boni·
1896 2185 2005 2267 odoris
2034 2185 2220 2252 doctrinam

1246 2280 1351 2337 rostro
1374 2288 1430 2336 tuo
1452 2274 1584 2349 evertis,
1607 2282 1644 2336 ut
1665 2270 1787 2355 aliquid
1808 2272 1940 2337 foetoris
1963 2273 2115 2354 reperias.
2156 2273 2223 2338 De·

1247 2359 1333 2437 inde,
1353 2378 1541 2442 quanquam
1563 2357 1645 2422 mihi
1657 2358 1719 2422 Dei
1731 2358 1885 2423 voluntas
1896 2379 2024 2423 summa
2042 2366 2092 2423 est
2110 2378 2221 2436 causa,

1247 2445 1366 2528 ubique
1388 2455 1499 2508 tamen
1522 2444 1636 2520 doceo,
1667 2442 1721 2507 ubi
1744 2444 1779 2507 in
1801 2445 1872 2527 eius
1894 2444 2037 2509 consiliis
2058 2453 2091 2508 et
2113 2446 2223 2528 operi·

1247 2529 1307 2595 bus
1329 2550 1428 2596 causa
1449 2551 1514 2593 non
1539 2538 1682 2612 apparet,
1712 2528 1798 2611 apud
1821 2551 1896 2615 eum
1919 2539 2029 2608 tamen
2051 2549 2124 2594 esse
2146 2531 2221 2596 abs-

1246 2615 1422 2693 conditam,
1441 2624 1479 2678 ut
1501 2615 1584 2679 nihil
1597 2615 1670 2684 nisi,
1682 2616 1766 2679 iuste
1789 2624 1823 2680 ct
1845 2617 2010 2698 sapienter
2025 2613 2222 2689 decreverit

1247 2701 1364 2783 Itaque
1385 2701 1470 2784 quod
1499 2699 1539 2765 da
1567 2701 1714 2766 absoluta
1742 2710 1901 2785 potestate
1923 2723 1968 2766 nu
2013 2710 2091 2766 ntur
2114 2699 2222 2767 Scho-

1247 2786 1353 2853 lastici
1376 2806 1442 2851 non
1464 2787 1571 2852 solum
1593 2779 1737 2870 repudio,
1757 2787 1816 2852 sed
1840 2789 1939 2852 etiam
1983 2795 2119 2873 etestor,
2143 2790 2222 2871 quia

1247 2872 1406 2938 iustitiam
1428 2873 1498 2937 eius
1519 2872 1561 2937 ab
1578 2871 1715 2956 imperio
1737 2882 1900 2956 separant
1942 2872 2041 2938 Nunc
2058 2872 2142 2951 vide,
2167 2894 2223 2939 ca·

309 2959 352 3026 In
374 2957 520 3024 articulis
548 2957 647 3022 ctiam
671 2978 751 3038 quos
773 2978 815 3021 ex
835 2954 928 3021 libris
956 2956 1038 3021 meis
1060 2977 1194 3039 excerp·
1247 2959 1308 3036 nis,
1331 2957 1410 3041 quid
1431 2965 1581 3042 proterve
1603 2957 1753 3033 latrando
1775 2955 1932 3042 proficias.
1984 2956 2060 3042 Ego
2079 2959 2144 3024 Dci
2168 2981 2224 3024 ar-

222 3054 274 3110 tos
295 3045 396 3110 luisse
413 3043 508 3123 dicis,
533 3039 617 3107 mihi
639 3064 714 3108 cum
735 3042 848 3107 eodem
870 3041 927 3107 illo
949 3042 1051 3107 felicis
1072 3064 1195 3106 memo·
1247 3043 1344 3111 bitrio
1369 3044 1551 3110 humanum
1573 3065 1679 3129 genus
1701 3044 1887 3122 subiiciens,
1910 3044 1996 3110 clere
2014 3044 2148 3110 ‚affirmo
2171 3046 2224 3110 ni-

222 3132 291 3196 riae
319 3129 475 3212 scriptore
503 3130 685 3195 communis
712 3130 796 3193 ratio
825 3135 883 3193 est.
934 3126 1047 3209 Quum
1073 3128 1196 3193 scirent
1247 3129 1296 3194 hil
1317 3152 1392 3195 eum
1415 3129 1591 3196 decernere
1609 3130 1679 3197 sine
1690 3131 1813 3213 optima
1834 3151 1945 3196 causa:
1969 3152 2052 3214 quae
2073 3130 2103 3196 si
2124 3130 2224 3196 hodie

221 3214 374 3282 malevoli
396 3237 463 3280 non
491 3234 562 3280 csse
584 3213 775 3303 popularem
797 3214 883 3278 hanc
910 3211 1107 3293 doctrinam,
1136 3235 1194 3278 au·
1247 3214 1339 3282 nobis
1360 3217 1534 3301 incognitav
1548 3223 1606 3294 cst,
1629 3215 1745 3281 ultimo
1766 3216 1819 3282 die
1838 3217 1981 3300 patefiet.
2026 3217 2076 3280 uu
2099 3238 2225 3299 purum

223 3301 349 3388 gendae
376 3299 520 3367 invidiae
547 3321 646 3366 causa
674 3299 828 3366 articulos
861 3300 1040 3376 iactarunt,
1073 3298 1194 3382 partim
1247 3302 1435 3385 nudumque
1450 3301 1637 3379 arbitrium
1667 3299 1859 3379 obtrudens,
1893 3301 1975 3367 mihi
2009 3301 2224 3385 impudenter

222 3387 364 3466 mutilos,
387 3388 507 3471 partim
530 3385 683 3488 detqrtos,
707 3384 793 3450 unde
814 3385 959 3469 imporiti
981 3406 1048 3449 non
1070 3385 1133 3450 nisi
1151 3385 1211 3457 si-,
1246 3388 1425 3470 exprobras
1447 3391 1521 3466 [pag.
1542 3392 1595 3468 32]
1625 3386 1711 3471 quod
1739 3387 2008 3471 palamoentum
2036 3385 2090 3453 vol
2112 3388 2218 3472 pluri·

221 3473 365 3540 nistrum
387 3471 541 3538 iudicium
562 3478 697 3555 possent
713 3472 826 3536 facere.
860 3471 934 3535 Etsi
957 3480 1067 3535 autcm
1088 3472 1195 3554 prima
1247 3474 1307 3539 bus
1329 3471 1408 3538 locis
1439 3472 1611 3556 repudio..
1640 3472 1773 3547 Interea
1800 3473 1886 3539 hanc
1907 3495 1977 3539 esse
2005 3494 2115 3538 meam
2145 3474 2223 3540 doe-

222 3559 329 3643 spocie
351 3581 392 3623 ex
414 3557 502 3622 illius
525 3558 656 3649 scriptis
678 3557 777 3622 fuisse
794 3565 964 3639 excerptos
982 3556 1077 3642 multi
1098 3566 1193 3639 puta·
1246 3560 1368 3637 trinam
1390 3577 1544 3641 agnosco:
1568 3558 1642 3622 Non
1664 3558 1733 3623 solo
1746 3557 1808 3625 Dei
1830 3561 2002 3644 permissu,
2022 3557 2081 3626 sed
2103 3580 2223 3625 arcano

223 3645 319 3722 bant,
348 3643 430 3709 falso
453 3654 564 3708 tamen
586 3641 646 3709 sibi
670 3643 839 3724 impositos
861 3643 1085 3725 conqueritur:
1118 3643 1194 3725 quia
1246 3645 1346 3723 etiam
1368 3644 1502 3710 consilio
1524 3644 1650 3726 lapsum
1673 3642 1784 3710 luisse
1797 3645 1914 3723 Adam,
1944 3666 2124 3728 omnesque
2147 3667 2222 3730 pos·

222 3730 275 3796 vel
299 3731 445 3796 concisas
468 3734 541 3809 [pag.
556 3732 609 3807 29]
630 3728 810 3793 sententias
832 3726 872 3792 de
893 3727 1056 3793 industria
1073 3728 1194 3792 confla·
1246 3738 1333 3794 teros
1354 3751 1412 3794 suo
1431 3729 1524 3812 lapsu
1545 3730 1580 3794 in
1602 3739 1772 3794 aeternum
1791 3729 1962 3796 interitum
1984 3729 2135 3798 traxisse.

223 3826 349 3892 verant,
373 3815 424 3879 vel
446 3817 558 3898 paucis
579 3815 688 3879 verbis
709 3813 844 3877 mutatis
867 3815 918 3896 pie
940 3820 1091 3896 recteque
1109 3813 1195 3880 dicta
1331 3815 1532 3899 Utrumque,
1563 3827 1600 3886 ut
1628 3813 1738 3896 video,
1765 3816 1824 3882 tibi
1851 3815 2014 3900 displicet:
2044 3819 2124 3901 quia
2152 3826 2220 3887 tem

223 3910 439 3984 corruperant
465 3913 525 3965 suo
545 3901 698 3977 artificio,
729 3905 766 3963 ut
787 3900 999 3964 offensionem
1022 3900 1196 3992 gignerent
1246 3907 1383 3967 naturae
1412 3912 1510 3984 quam
1536 3904 1718 3984 scripturae
1747 3912 1916 3987 repugnet.
1966 3903 2113 3968 Naturae
2143 3925 2221 3970 con·

223 3985 311 4070 apud
334 3985 508 4069 simplices.
542 3984 697 4050 Eiusdem
708 4005 844 4069 prorsus
861 3985 992 4069 generis
1015 4006 1094 4065 esse,
1116 4007 1195 4067 quos
1246 3988 1385 4053 trarium
1407 4007 1478 4052 esse
1505 3986 1636 4069 probas,
1667 3979 1860 4071 quia'omnc
1882 3988 2003 4053 animal
2022 3989 2222 4057 naturaliter

224 4094 266 4138 ex
285 4071 367 4136 meis
391 4065 485 4136 libris
513 4060 667 4137 articulos
696 4091 876 4154 proponere
898 4077 931 4135 te
952 4072 1068 4147 iactas,
1096 4072 1215 4135 etiam¹
1247 4095 1344 4138 suum
1366 4074 1487 4139 loetum
1509 4080 1612 4140 amat:
1643 4074 1752 4140 Deum
1774 4073 1884 4224 igitur,
1913 4075 1969 4157 qui
1993 4074 2092 4140 talem
2115 4075 2224 4142 brutis

1807 4182 1819 4222 l

223 4178 277 4223 me
298 4166 436 4235 tacente,
459 4156 624 4239 reperient
640 4155 734 4241 probi
755 4156 938 4240 sincerique
956 4157 1102 4234 lectores,
1125 4158 1195 4240 qui·
1247 4180 1374 4241 quoque
1396 4156 1573 4241 pecudibus
1585 4158 1783 4228 affectumin
1819 4158 1877 4238 dit,
1897 4182 1963 4225 non
1981 4159 2092 4231 minus
2110 4183 2225 4245 amare

223 4245 284 4311 bus
306 4244 453 4325 impuras
474 4250 548 4307 tuas
566 4242 747 4308 calumnias
760 4264 841 4320 ,cum
859 4265 933 4308 mea
950 4241 1098 4308 doctrina
1119 4263 1208 4318 con·¹
1247 4242 1413 4322 homines,
1468 4249 1548 4308 u'um
1575 4245 1642 4309 sint
1668 4244 1738 4310 eius
1765 4245 1880 4311 foetus.
1925 4245 1997 4311 Hoc
2019 4269 2098 4312 vero
2121 4249 2225 4316 nimis

222 4331 310 4408 ferre
331 4329 506 4394 molestum
528 4349 595 4418 non
616 4329 686 4393 erit.
737 4330 786 4394 Ac
815 4330 958 4411 primum
981 4327 1112 4412 quidem
1134 4327 1195 4394 hoc
1247 4350 1364 4408 crasse,
1388 4266 1545 4414 quilquid
1563 4331 1725 4399 cernisin
1746 4330 1829 4396 bove
1851 4339 1885 4396 et
1906 4332 2007 4408 asino,
2033 4331 2146 4399 aDeo
2165 4355 2226 4400 na·

223 4415 364 4493 obtineo,
387 4422 420 4479 te
443 4434 547 4496 neque
570 4413 768 4493 humaniter,
792 4435 896 4497 neque
913 4415 1056 4498 ingenue
1078 4415 1194 4491 facere,
1248 4430 1341 4479 turae
1364 4424 1479 4480 autore
1501 4415 1642 4499 exigere,
1664 4435 1702 4480 ac
1713 4416 1742 4481 si
1763 4416 1879 4483 iisdem
1890 4417 2018 4502 legibus
2038 4438 2121 4502 quas
2131 4441 2226 4486 crea·

224 4501 305 4567 dum
336 4499 423 4565 locos
452 4499 560 4566 nullos
595 4499 761 4585 designas,
795 4522 836 4564 ex
865 4499 983 4582 quibus
1009 4499 1196 4584 intelligant
1247 4502 1330 4566 turis
1353 4501 1419 4565 suis
1442 4501 1535 4578 tulit,
1565 4500 1740 4568 obstrictus
1763 4504 1854 4568 foret
1906 4503 1955 4570 Ut
1975 4525 2072 4570 omne
2094 4506 2226 4571 anima·

221 4586 361 4654 lectores
388 4606 442 4650 me
469 4586 517 4650 ita
551 4587 718 4668 scripsisse
746 4594 784 4649 ut
811 4585 936 4649 recitas.
987 4582 1075 4665 Quid
1108 4586 1196 4650 enim
1248 4585 1328 4650 lium
1351 4607 1455 4669 genus
1477 4597 1686 4674 propagaret,
1715 4590 1898 4673 appetitum
1919 4588 2105 4674 gignendae
2129 4593 2228 4659 sobo-

222 4672 369 4756 iniquius
392 4685 451 4750 est,
471 4693 574 4754 quum
586 4680 635 4737 tot
656 4670 755 4736 libros
777 4668 945 4749 ediderim,
968 4671 1101 4736 confuse
1120 4692 1196 4754 pro·
1248 4671 1290 4737 lis
1311 4670 1449 4756 singulis
1470 4671 1598 4739 indidit.
1643 4671 1748 4738 'Nunc
1770 4694 1845 4739 cum
1867 4694 1905 4744 eo
1927 4675 2114 4759 expostula,
2136 4677 2228 4762 quod

223 4758 391 4835 nunciare,
420 4779 462 4822 ex
484 4757 723 4841 quinquaginta
743 4754 850 4832 libris,
879 4753 934 4820 vel
955 4756 1094 4835 circiter,
1117 4777 1197 4840 qua·
1249 4757 1290 4822 ab
1319 4757 1438 4823 ultima
1466 4759 1661 4824 aeternitate
1688 4780 1723 4824 se
1752 4780 1818 4825 uno
1846 4769 2034 4845 contentus,
2062 4763 2229 4831 virtutem

223 4842 404 4910 tuordecim
443 4843 598 4910 articulos
637 4843 736 4907 luisse
767 4839 939 4906 collectos?
1003 4843 1199 4908 Pracstabat
1249 4864 1343 4908 suam
1375 4844 1466 4926 quasi
1500 4843 1647 4910 sterilem
1681 4850 1756 4925 [pag.
1773 4851 1828 4927 33]
1861 4848 2069 4913 continuerit
2125 4849 2230 4918 Certe

224 4949 313 5009 sane,
342 4929 371 4996 si
390 4929 511 5013 quain
532 4938 564 4993 te
584 4927 700 4993 fuisset
721 4923 891 5009 probitatis
913 4935 1018 5012 gutta,
1049 4928 1102 4995 vel
1122 4949 1197 5017 sen·
1249 4950 1378 5013 semper
1396 4931 1446 4995 sui
1472 4929 1612 4995 similem
1634 4931 1735 5000 luisse
1756 4939 1894 5016 oportet
1945 4933 1993 4998 'Pe
2014 4954 2093 5018 ergo
2114 4936 2228 5004 iudice

224 5016 346 5080 tentius
366 5033 458 5080 meas
478 5014 601 5079 referre
617 5011 660 5080 ad
679 5012 826 5090 verbum,
850 5011 904 5077 vel
921 5014 951 5080 si
968 5013 1047 5098 quid
1064 5012 1198 5078 videbas
1249 5023 1388 5080 naturae
1410 5013 1559 5081 ordinem
1581 5015 1724 5097 violavit,
1746 5018 1903 5101 quamdiu
1923 5017 2043 5085 maluit
2064 5024 2156 5091 omni
2176 5045 2231 5090 so-

223 5116 299 5164 esse
319 5099 463 5182 periculi,
487 5099 623 5164 lectores
645 5117 778 5164 monere
800 5098 958 5182 aquibus
978 5099 1057 5165 locis
1078 5118 1194 5166 caven·
1248 5100 1321 5166 bole
1353 5121 1479 5181 carere,
1519 5122 1618 5186 quam
1650 5124 1800 5170 exserere
1834 5125 1938 5170 suam.
1959 5105 2231 5178 foecunditatem.
