4620 5828
187 261 251 323 roe
331 273 333 275 >
875 247 940 315 nn
963 245 1092 313 vurta
1113 235 1509 313 enarremimoun
2125 196 2212 308 eoox

188 444 341 530 quamvis
371 443 501 510 nullum
524 440 629 508 simile
651 440 695 507 sit
715 438 818 517 idern,
845 438 880 504 in
899 435 1033 502 homino
1055 441 1166 500 tamen
1304 430 1395 515 Quin
1422 433 1522 500 etiam
1549 430 1748 499 carminibus
1779 454 1839 499 nos
1867 440 2037 519 oppugnat
2056 434 2186 501 Heshu-

189 553 266 597 vere
287 530 413 615 fulgere
432 528 608 614 imaginem
630 526 703 605 Dei,
725 526 810 591 sicut
830 524 926 609 panis
946 543 1024 589 vere
1047 519 1167 586 dicitur
1218 520 1296 586 sius
1356 519 1443 585 Nam
1480 519 1557 603 quia
1591 518 1773 604 Gregorius
1805 519 2033 585 Nazianzenus
2058 522 2187 611 'poetico

189 638 315 700 corpus.
371 613 468 682 Unde
501 613 609 698 palam
640 612 743 695 liquet
768 609 851 676 nihil
878 609 968 675 illius
999 606 1165 689 scriptoris
1217 605 1305 690 stylo
1342 606 1512 671 exsultans
1545 602 1625 671 dicit
1661 604 1845 671 sacerdotes
1877 606 2029 671 manibus
2059 614 2187 691 gestare

190 702 293 768 menti
316 722 387 767 esse
408 700 518 767 minus
540 705 810 777 consentaneum,
840 716 940 779 quam
966 692 1053 778 quod
1080 713 1165 757 som·
1217 690 1329 776 magni
1357 691 1483 774 plasma
1504 691 1577 772 Dei,
1601 691 1756 758 audacter
1777 691 1901 775 colligit
1921 713 2038 776 panem
2062 695 2188 778 proprie

190 790 260 853 niat
281 786 484 865 Heshusius,
510 806 629 868 panem
651 803 731 850 vere
759 790 793 848 et
813 779 1073 848 substantialiter
1094 798 1166 844 esse
1216 799 1288 844 esse
1308 799 1344 844 oo
1386 799 1425 842 us
1446 776 1581 844 Christi.
1616 777 1689 863 Ego
1716 786 1842 857 autem,
1865 780 1951 862 quod
1973 782 2062 846 sanis
2084 781 2188 846 omni·

190 895 245 942 cor
269 895 318 940 us.
363 871 504 953 Quaerit
530 879 642 935 mmen
668 891 727 934 our
753 869 880 953 flagitet
899 864 1108 951 Epiphanius
1129 864 1166 929 in
1217 864 1278 929 bus
1321 883 1358 929 ro
1382 870 1471 928 atum
1488 863 1530 927 iri
1548 862 1684 942 confido,
1706 863 1898 948 simpliciter
1909 865 2104 949 respondeo:
2124 889 2188 932 non

191 896 300 1028 verbis
327 978 446 1024 coenae
475 956 590 1036 fidem,
604 948 606 955 ’
619 957 647 1022 si
675 956 769 1040 panis
796 953 1013 1020 eucharistiae
1035 972 1102 1016 uon
1123 951 1166 1016 sit
1217 949 1285 1015 aliu
1330 949 1472 1017 voluisse
1494 949 1709 1032 Gregorium,
1735 970 1833 1034 quam
1860 950 1948 1035 quod
1977 952 2074 1036 paulo
2096 953 2188 1018 iami-

191 1066 317 1130 corpus.
360 1043 488 1125 Nempe
510 1043 672 1125 quianon
693 1040 757 1107 nisi
779 1040 845 1105 fide
865 1040 1011 1122 capimus
1033 1057 1165 1120 eorrup-
1215 1034 1328 1101 liarius
1349 1035 1504 1119 exprimit
1525 1037 1740 1120 Augustinus,
1762 1034 1819 1101 ubi
1841 1035 1881 1103 de
1902 1036 2034 1105 Christo
2055 1039 2190 1123 loquens

191 1122 314 1197 tibilem
343 1128 451 1196 cibum
483 1128 604 1212 pignus
631 1148 702 1193 esse
733 1127 820 1191 vitae
853 1133 1013 1190 aeternae.
1063 1121 1166 1189 Cibus
1217 1141 1336 1205 panem
1355 1120 1522 1205 discipulis
1533 1122 1730 1205 porrigente,
1750 1122 1894 1188 Ferebat
1910 1143 1954 1204 se,
1977 1124 2092 1208 inquit,
2112 1146 2188 1208 quo·

190 1216 308 1294 ventri,
329 1215 437 1299 inquit
447 1214 572 1279 Paulus
595 1215 639 1296 (l.
652 1212 728 1279 Cor.
748 1216 777 1291 6,
802 1211 866 1293 13),
889 1217 924 1276 et
942 1215 1058 1275 ventor
1079 1208 1164 1275 cibo:
1217 1205 1389 1274 dammodo
1402 1208 1553 1273 manibus
1574 1208 1658 1273 suis:
1679 1229 1743 1291 qua
1759 1208 1919 1293 particula
1941 1209 2046 1276 nodus
2068 1211 2189 1295 optime

190 1313 367 1384 utrumque
389 1300 480 1365 Deus
502 1298 650 1365 abolebit.
683 1298 753 1364 Nos
775 1318 852 1363 vero
874 1297 909 1362 in
925 1316 1011 1379 pane
1032 1303 1067 1361 et
1087 1294 1166 1360 vino
1217 1293 1365 1360 solvitur.
1409 1292 1497 1358 Nam
1519 1291 1604 1376 quod
1625 1294 1662 1358 in
1683 1316 1841 1363 sermone.
1854 1295 1894 1361 de
1912 1296 2075 1363 Paschate
2097 1294 2189 1364 dicit:

192 1386 362 1472 spirituale
392 1387 576 1469 quaerimus
604 1384 796 1449 alimentum
823 1382 908 1466 quod
936 1381 1063 1448 animas
1090 1401 1166 1445 nos·
1216 1378 1267 1444 Ne
1289 1379 1389 1462 impie
1410 1378 1620 1445 hallucineris
1647 1383 1842 1465 sanguinem
1862 1382 1928 1447 Dei
1949 1392 1983 1447 et
2003 1383 2190 1466 passionem

191 1481 261 1539 tras
282 1472 428 1536 vivificet
448 1472 484 1535 in
505 1491 596 1553 spem
618 1468 731 1535 beatae
752 1468 1011 1535 resurrectionis.
1057 1466 1165 1548 Quac-
1217 1464 1353 1530 audiens
1381 1473 1415 1529 et
1441 1474 1596 1544 mortem,
1609 1543 1612 1552 y
1625 1465 1682 1531 sed
1703 1466 1906 1533 confidenter
1932 1465 1992 1534 ede
2019 1489 2137 1552 corpus
2158 1476 2191 1535 et

192 1561 295 1624 rimus
308 1557 487 1636 Christum,
510 1565 548 1621 ut
565 1557 600 1620 in
617 1554 726 1639 ipsum
747 1555 975 1633 coalesuamus,
995 1563 1033 1618 ut
1054 1553 1088 1617 in
1108 1574 1165 1617 no·
1219 1551 1293 1618 bibe
1315 1551 1518 1634 sanguinem,
1542 1551 1570 1616 si
1591 1550 1696 1617 vitum
1721 1554 1857 1637 expetis,
1879 1553 2019 1639 insipide
2042 1554 2084 1620 ab
2106 1554 2190 1622 Hes·

192 1643 241 1710 bis
265 1642 403 1720 habitet,
433 1653 530 1724 atque
560 1662 663 1706 unum
690 1642 734 1705 sit
754 1641 931 1706 uobiscum.
977 1639 1078 1722 Atqui
1100 1660 1165 1704 non
1217 1637 1313 1702 husio
1342 1646 1512 1719 torquetur
1543 1638 1578 1701 in
1611 1636 1754 1728 alionum
1783 1660 1930 1705 sensum:
1962 1641 2093 1724 quando
2125 1663 2190 1707 uon

192 1723 311 1795 tractat
338 1727 547 1811 Epiphanius
574 1727 614 1792 de
647 1728 758 1791 fructu
787 1726 839 1792 vel
866 1726 1009 1792 efficacia
1036 1746 1165 1802 menae,
1218 1723 1284 1789 illio
1307 1722 1346 1788 de
1369 1743 1488 1788 coenae
1510 1727 1666 1808 mysterio
1688 1746 1794 1789 sermo
1817 1724 1972 1805 habetur,
2000 1725 2058 1792 sed
2079 1725 2120 1792 de
2141 1729 2190 1792 in·

192 1813 249 1880 sed
271 1813 311 1878 de
333 1814 514 1879 substantia
540 1813 693 1896 corporis.
743 1812 817 1877 Hoc
843 1834 942 1894 quam
971 1831 1085 1877 verum
1113 1810 1165 1887 sit,
1219 1811 1405 1876 carnatione
1432 1815 1466 1872 et
1487 1817 1601 1874 morte.
1652 1810 1726 1875 Etsi
1753 1832 1820 1895 non
1848 1812 1970 1877 infitior
1992 1812 2192 1899 Gregorium

194 1901 368 1967 aestiment
397 1921 436 1963 ox
464 1898 623 1982 proximis
651 1895 762 1964 verbis
789 1898 935 1963 lectores.
980 1897 1167 1979 Antequam
1219 1895 1255 1959 in
1283 1894 1394 1960 verbis
1423 1893 1540 1959 edendi
1568 1902 1603 1960 et
1629 1895 1777 1974 bibendi,
1809 1898 1928 1980 quibus
1955 1905 2066 1964 tamen
2094 1899 2191 1986 fidem

195 1986 281 2051 enim
302 1984 341 2050 de
363 1986 518 2069 mysterio
540 2005 658 2050 coenae
680 1984 782 2049 verba
803 1984 900 2049 faeiat
922 1987 996 2063 [pag.
1014 1987 1068 2061 63]
1087 1982 1165 2065 Epi·
1219 1980 1434 2057 commendat,
1458 1980 1499 2045 ad
1521 2001 1654 2045 coenam
1677 1981 1831 2048 alludere.

194 2071 349 2155 phanias,
378 2070 470 2136 dicit:
504 2071 535 2134 A
561 2070 653 2135 Mose
687 2067 810 2153 incepit
842 2070 962 2154 figura,
997 2089 1017 2132 a
1043 2069 1168 2133 Ioanne
1304 2067 1356 2131 Do
1379 2066 1582 2150 Hieronymo
1605 2065 1683 2150 quid
1704 2069 1823 2134 attinet
1844 2068 1940 2152 plura
1962 2068 2092 2135 dicere?
2137 2068 2191 2136 Ci-

194 2164 305 2241 aperta
322 2163 373 2221 est
393 2157 508 2239 figura,
531 2155 566 2219 in
589 2154 720 2220 Christo
741 2175 819 2220 vero
842 2156 1022 2238 perfectum
1044 2161 1093 2220 est
1110 2152 1168 2218 do·
1220 2158 1310 2217 tatur
1332 2152 1372 2218 ab
1395 2152 1563 2217 Heshusio
1584 2152 1684 2231 locus,
1707 2154 1764 2219 ubi
1787 2154 1865 2220 dicit
1888 2176 2005 2238 panem
2029 2176 2102 2221 esse
2123 2177 2192 2222 cor·

194 2264 283 2308 num.
318 2241 453 2307 Habent
475 2241 576 2324 igitur
593 2261 706 2306 omnes
728 2239 813 2324 quod
835 2238 1167 2315 estseoundumima-
1219 2259 1281 2320 pus
1302 2236 1436 2303 Christi.
1481 2239 1554 2322 Ego
1577 2247 1686 2303 autem
1705 2240 1779 2322 plus
1800 2240 1931 2326 largior.
1964 2239 2089 2308 Scribit
2106 2241 2193 2306 enim

195 2329 314 2413 ginom,
337 2326 396 2391 sed
418 2348 485 2390 non
499 2323 689 2391 ‘secuudum
710 2334 870 2391 naturam.
915 2325 989 2391 Non
1011 2327 1098 2391 enim
1117 2347 1167 2390 se·
1220 2322 1262 2388 ad
1296 2322 1510 2390 Heliodorum
1550 2323 1683 2390 clericos
1716 2327 1875 2392 conficere
1907 2325 2033 2393 Christi
2066 2347 2192 2411 corpus.

195 2412 337 2479 eundum
358 2411 589 2495 aequalitatem
606 2410 672 2475 Dei
685 2414 709 2495 ¹)
732 2410 854 2476 habent
875 2411 961 2495 quod
984 2423 1034 2476 est
1051 2430 1167 2477 seeun-
1219 2409 1308 2474 Alibi
1340 2410 1453 2488 etiam,
1490 2409 1683 2475 distribuere
1721 2411 1806 2494 plebi
1843 2414 1914 2478 eius
1951 2414 2156 2497 sanguinem.
2169 2413 2193 2497 ¹)

195 2496 274 2564 dum
295 2498 481 2581 imaginem.
525 2498 617 2562 Deus
639 2497 727 2562 enim
750 2506 800 2563 cst
820 2496 1167 2582 incomprehensibilis,
1221 2497 1364 2561 Tantum
1386 2495 1637 2579 quaeriturque
1660 2518 1768 2561 sensu.
1805 2496 1842 2563 si
1860 2498 2001 2565 addatur
2022 2498 2193 2582 particula,

195 2584 330 2667 spiritus
357 2603 456 2665 super
483 2602 613 2646 omnem
641 2583 809 2666 spiritum,
827 2582 886 2648 lux
908 2604 1008 2667 super
1038 2604 1168 2648 omnem
1220 2581 1262 2645 In
1291 2581 1465 2665 mysterio,
1498 2603 1541 2646 an
1570 2604 1635 2647 nou
1665 2581 1829 2668 dirempta
1862 2586 1925 2649 erit
1956 2585 2194 2651 controversia:

195 2669 316 2735 lucem:
344 2688 428 2751 quae
455 2674 566 2732 tamen
596 2667 758 2746 definivit,
791 2668 843 2735 his
870 2690 936 2733 non
969 2669 1167 2735 destituitur.
1221 2666 1349 2750 quando
1370 2666 1413 2731 In
1435 2669 1600 2751 mysterio,
1628 2678 1662 2733 et
1684 2667 1915 2752 Corporaliter‚
1939 2670 2105 2736 antitheta
2125 2691 2195 2736 esse

195 2755 301 2821 Miror
328 2760 438 2819 tamen
465 2750 622 2836 quomodo
648 2751 725 2819 fidei
752 2754 952 2821 mentionem
978 2756 1083 2821 facere
1110 2776 1168 2820 au·
1219 2751 1369 2818 constat?
1391 2752 1465 2819 Hac
1474 2754 1664 2836 exceptione
1682 2775 1837 2838 expressa
1847 2777 1949 2840 quum
1959 2777 2092 2822 omnem
2103 2776 2195 2822 soru-

196 2837 272 2905 deat
292 2839 346 2922 qui
371 2839 492 2922 absque
519 2838 583 2904 tide
609 2859 726 2923 eorpus
749 2838 874 2906 Christi
895 2840 1020 2907 comedi
1042 2840 1168 2920 asserit,
1221 2839 1335 2922 pulum
1355 2838 1447 2903 tollat
1468 2839 1706 2925 Hieronymus,
1735 2841 1813 2924 quid
1841 2842 2017 2926 sophistice
2045 2843 2196 2908 cavillari

196 2945 320 3009 nosque
348 2925 501 2990 amooiter
528 2925 687 3008 exagitat,
715 2925 800 3009 quod
828 2927 926 2992 fidem
953 2927 1167 3012 requiramus.
1220 2924 1333 2991 iuvat?
1387 2925 1509 2991 Fateor
1542 2925 1641 3001 etiam
1672 2926 1749 2993 alibi
1775 2928 2018 3013 Hieronymum
2054 2928 2196 3005 tradere,

280 3010 442 3098 Basiliam
471 3010 631 3094 gloriatur
659 3033 755 3077 suum
777 3031 862 3078 esse:
895 3013 972 3097 quia
993 3013 1169 3079 sceleratos
1220 3011 1395 3077 sceleratos
1431 3011 1567 3095 indigue
1604 3012 1773 3078 comedere
1809 3034 1926 3097 corpus
1962 3014 2104 3080 Christi:
2139 3013 2198 3080 sed

195 3107 230 3165 et
251 3097 368 3180 impios
389 3103 527 3175 accuset,
550 3096 607 3180 qui
623 3095 747 3162 audent
766 3120 842 3164 oum
860 3100 988 3164 animae
1009 3118 1089 3165 suae
1106 3100 1168 3164 im·
1219 3117 1320 3179 quum
1342 3097 1433 3162 addit
1454 3098 1515 3164 hoc
1536 3097 1632 3162 modo
1653 3097 1736 3163 illud
1761 3099 1921 3182 polluere,
1948 3121 2008 3166 our
2028 3100 2066 3165 in
2087 3100 2134 3166 so'

194 3181 358 3249 munditia
385 3182 547 3266 attingere
568 3203 686 3266 corpus
708 3183 849 3250 Christi:
871 3205 948 3250 nom
971 3206 989 3250 e
1009 3185 1169 3268 quomodo
1220 3182 1325 3249 nodus
1349 3187 1424 3263 [pag.
1442 3189 1497 3264 65]
1519 3183 1713 3267 quaeretur?
1757 3184 1831 3251 Nisi
1852 3187 1935 3251 forte
1955 3185 2134 3269 impiorum
2171 3187 2197 3236 ’-

197 3277 323 3335 veteres
345 3288 441 3352 saepe
469 3267 582 3335 dicunt
609 3288 726 3354 corpus
748 3269 875 3339 Christi
963 3292 1018 3336 ere
1044 3272 1080 3336 in
1103 3279 1168 3338 ter·
1219 3268 1322 3335 bidini
1341 3268 1512 3336 Christum
1532 3270 1581 3336 ita
1602 3269 1752 3337 subiiciat
1767 3270 1965 3352 Heshusius,
1988 3280 2024 3337 ut
2045 3280 2198 3339 muctam

195 3376 266 3421 ram
286 3362 320 3420 et
340 3355 496 3432 consumi,
518 3355 594 3436 quia
604 3355 653 3419 rei
663 3376 782 3421 nomen
800 3355 842 3422 ad
859 3356 1044 3441 symbolum
1061 3366 1169 3425 trans-
1220 3362 1253 3420 et
1273 3376 1390 3438 puram
1412 3356 1481 3421 eius
1505 3377 1637 3422 carnem
1655 3377 1715 3422 sua
1731 3358 1924 3441 contagione
1942 3359 2099 3424 inficiant
2135 3360 2198 3423 At-

196 3440 282 3506 ferre
303 3439 394 3506 nulla
415 3439 480 3505 illis
502 3440 564 3504 fuit
585 3440 708 3524 religio.
1053 3474 1056 3482 ·
1219 3442 1276 3525 qui
1296 3440 1521 3525 Hieronymus
1542 3448 1654 3526 aperte
1676 3443 1819 3527 exponit,
1842 3464 1959 3527 corpus
1977 3442 2116 3524 Christi,
2140 3443 2198 3509 ubi

281 3527 369 3591 Ante
391 3526 557 3591 confessus
579 3547 653 3590 sum
675 3524 894 3592 eodemmodo
915 3527 1086 3613 loquutum
1098 3550 1169 3596 esse
1219 3527 1349 3609 impure
1374 3534 1550 3607 tractatur,
1584 3549 1656 3594 esse
1686 3550 1806 3612 panem
1839 3529 2009 3613 pollutum.
2064 3529 2199 3596 Verum

197 3605 418 3677 Ambrosium:
443 3609 500 3677 sed
522 3631 586 3694 quo
608 3632 717 3689 sensu,
740 3633 782 3679 ex
803 3614 872 3678 inte
912 3615 1072 3681 rotatione
1095 3636 1168 3682 ver·
1221 3612 1299 3679 alibi
1313 3612 1558 3697 clariusznegat
1572 3615 1660 3679 enim
1674 3615 1913 3700 aperteimpios
1930 3615 2102 3684 comodere
2124 3641 2199 3684 car·

197 3697 312 3762 borum
323 3695 447 3763 Christi
469 3704 613 3780 apparet
647 3695 733 3778 Quia
750 3698 892 3765 morteC
918 3700 990 3766 risti
1007 3699 1170 3786 redempti
1220 3719 1298 3765 uem
1309 3697 1444 3776 Christi,
1465 3706 1522 3763 aut
1543 3698 1989 3787 biberesanguinemeius.²)
2033 3699 2200 3770 Similiter

197 3802 320 3861 sumus,
342 3782 494 3868 inquit,²)
523 3782 619 3848 huius
646 3784 695 3847 rei
723 3804 884 3850 memores
911 3784 1038 3851 edendo
1065 3795 1099 3852 et
1119 3787 1169 3854 bi·
1221 3805 1289 3868 cap.
1314 3788 1333 3848 9
1360 3784 1397 3848 in
1419 3781 1553 3850 Ossam:
1586 3785 1687 3870 Impii
1715 3786 1836 3854 multas
1863 3788 2036 3855 immolant
2060 3789 2199 3869 hostias,

197 3865 303 3931 bando
329 3889 461 3934 caruem
489 3875 523 3933 et
544 3868 739 3953 sanguinem
760 3890 843 3953 quae
864 3892 924 3953 pro
945 3873 1040 3938 nobis
1061 3872 1171 3939 oblata
1221 3878 1255 3936 et
1276 3868 1450 3938 comeduut
1476 3892 1591 3938 carnes
1620 3892 1748 3951 earum,
1778 3895 1879 3940 unam
1901 3873 2026 3942 Christi
2051 3874 2200 3942 hostiam

194 3960 280 4031 sunt,
303 3952 534 4037 significamus,
562 3961 621 4021 etc.
672 3954 718 4019 Et
737 3954 835 4038 paulo
856 3964 945 4040 post:
978 3959 1170 4025 Testamen-
1222 3957 1417 4034 deserentes,
1440 3977 1501 4022 neo
1523 3958 1728 4026 comedentes
1750 3960 1820 4026 eius
1842 3980 1982 4039 carnem,
2005 3963 2200 4029 ouius'caro

195 4044 264 4103 tum
298 4058 375 4122 ergo
403 4039 562 4122 sanguine
590 4041 805 4106 constitutum
834 4050 899 4108 est:
932 4044 1009 4127 quia
1038 4042 1170 4111 divinae
1221 4041 1312 4110 cibus
1323 4041 1526 4108 credentium
1535 4055 1594 4109 est.
1628 4043 1717 4126 Quid
1732 4046 1797 4111 iam
1808 4046 1978 4129 pueriliter
1993 4046 2030 4112 in
2052 4070 2199 4115 voceca·

195 4123 321 4276 gratiae
343 4125 477 4222 sanguis
498 4137 548 4191 est
576 4128 683 4227 testis,
713 4127 748 4192 in
774 4127 868 4228 cuius
896 4136 1013 4213 typum
1035 4153 1094 4196 nos
1116 4153 1169 4199 ca·
1221 4127 1331 4194 villari
1346 4126 1434 4208 libet,
1449 4126 1504 4192 ubi
1521 4137 1591 4228 tam
1600 4129 1746 4230 dilucida
1761 4133 1924 4217 ingeritur
1934 4134 1982 4199 rei
1997 4133 2198 4217 explicatio?

197 4229 290 4376 eiii
309 4216 1061 4382 dilituit?ltt⁰¹ttt¹¹tlt..t'tt¹.t
1082 4225 1168 4369 tlt?
1222 4301 1257 4365 a
1279 4213 2023 4385 tltttatltlllCitati-lit
2040 4220 2199 4305 ΨΜ

196 4381 240 4446 tis
256 4378 412 4446 Domini?
445 4378 574 4447 Devoto
595 4383 697 4467 igitur
718 4385 827 4450 animo
848 4384 1001 4453 accedero
1022 4386 1064 4453 ad
1084 4410 1171 4455 oom-
1226 4419 1385 4503 Qum-d
1401 4424 1527 4485 „mm
1550 4419 1669 4488 omi
1694 4444 1815 4506 cmm
1842 4425 2096 4492 mmm
2117 4432 2146 4491 et
2163 4446 2198 4492 n

196 4466 387 4531 munionem
413 4464 518 4530 iubet:
547 4476 584 4531 nt
604 4471 686 4535 sciat
706 4491 799 4538 mens
821 4473 1040 4539 reverentiam
1062 4475 1093 4540 ei
1115 4474 1170 4541 de-
1265 4505 1339 4587 ima
1359 4510 1403 4570 ωε
1422 4525 1550 4588 W,

197 4552 276 4630 beri,
299 4549 341 4615 ad
362 4551 455 4617 ouius
477 4572 592 4635 corpus
608 4555 803 4622 sumendum
823 4556 955 4625 accedit
988 4559 1061 4626 Hoo
1082 4561 1172 4661 euim
1225 4590 1347 4657 pamm
1364 4611 1475 4658 mm
1495 4612 1605 4658 wem
1625 4593 1787 4676 hm,
1818 4597 2042 4678 semmam,
2066 4598 2195 4682 own-4

197 4636 285 4702 aud
314 4658 349 4703 se
383 4635 479 4704 debet
506 4637 665 4719 iudicare,
713 4641 778 4707 uod
799 4641 963 4710 Dominus
990 4647 1049 4725 sit,
1079 4668 1171 4713 eurus
1432 4678 1439 4691 ·
1675 4682 1681 4694 ·
1792 4683 1799 4697 ·
2129 4688 2136 4700 ·

198 4658 1171 4884 Hmretn2.⁹iut.1utunurtr
1265 4676 1981 4869 attenuarentur.
1995 4686 2194 4872 Q*

200 4892 335 4974 dubitet,
402 4896 413 4958 i
435 4861 539 4960 nihilo
551 4896 660 4963 minus
680 4918 740 4964 nos
762 4902 837 4978 [pag.
861 4905 915 4981 et]
937 4902 1043 4983 iuvat,
1072 4925 1171 4989 quam
1222 4847 1569 5002 &2525meae
1594 4851 1843 4922 mmmm
1869 4861 1899 4921 d
1931 4877 1967 4922 ’θ
1988 4877 2064 4939 ‘9³⁰
2083 4877 2191 4939 m

200 4977 228 5044 si
249 4916 581 5047 decubuformulam
602 4972 679 5048 inde
699 5003 847 5050 essomm
866 4989 1017 5054 mutuati.

269 5150 298 5209 ll
317 5151 393 5206 selon
411 5152 438 5207 la
456 5169 561 5209 nesure
579 5155 624 5224 qui
642 5160 684 5211 est
701 5170 735 5209 en
752 5152 830 5209 Dieu.
1293 5159 1322 5223 1)
1340 5159 1371 5214 ln
1389 5159 1549 5217 Malachiam
1566 5179 1599 5217 oa
1619 5201 1626 5217 .
1645 5163 1660 5217 1

269 5215 299 5282 2)
316 5219 348 5273 ln
365 5220 399 5274 ll
416 5236 474 5291 cap.
493 5224 591 5291 prioris
608 5225 643 5279 ad
660 5223 780 5281 Coriutb.
1291 5227 1321 5295 2)
1341 5229 1372 5284 ln
1389 5228 1486 5286 Iaaiam
1504 5247 1563 5301 cap.
1580 5180 1623 5288 GC.
