4748 5798
140 272 202 334 429
718 268 782 335 ΑΒ
800 268 1181 337 PRAEOENTOREM
1198 268 1561 338 LUGDUNENSEM.
2076 274 2141 337 430

141 477 219 522 vero
241 456 470 540 praefationis,
492 479 589 541 qnam
613 457 831 524 conductitius
852 457 908 524 ille
929 460 1042 526 rhetor
1063 481 1115 524 re·
1167 457 1396 524 demonstrabo
1429 460 1556 543 quoties
1589 480 1671 542 opus
1703 459 1816 536 fuerit,
1850 458 1879 524 si
1915 459 2140 543 obtemperare

142 543 302 627 signabat,
325 542 440 626 cupide
461 545 601 627 arripuit
614 544 796 624 ¹)¹Gabriel‚
821 565 859 611 aa
876 545 937 610 sibi
960 545 1115 611 dimidius
1167 544 1294 627 placeat
1315 564 1427 610 eorum
1450 544 1593 622 consilio,
1616 544 1702 609 nihil
1723 545 1828 629 megia
1850 544 2041 629 fugiendum
2068 565 2140 611 esee

141 649 200 692 rex
219 630 289 693 fore
309 629 399 696 visus
421 641 486 709 est,
512 631 548 695 si
569 631 659 714 regio
681 631 809 695 nomini
836 652 934 695 suum
955 635 1113 697 misceret.
1166 629 1348 694 idololatria
1380 630 1498 712 papali.
1553 630 1724 695 Hactenus
1761 641 1895 696 strenue
1933 630 2140 698 vociferando

142 713 295 779 Ridicula
316 735 394 780 vero
416 714 486 812 eius
507 717 649 792 fatuitas,
672 717 727 798 qui
746 737 811 781 non
834 716 918 783 vidit
938 738 1114 799 puerorum
1167 713 1229 780 hoc
1250 714 1388 799 adeptus
1409 715 1622 781 Praecentor:
1645 715 1799 799 quoniam
1821 716 1955 782 eeclesia
1975 715 2140 782 erroribus

142 820 271 949 qqqqqe
299 799 449 950 ludiibfrire
475 822 511 866 se
537 802 713 952 obdnqxium
738 803 817 901 tore.
851 801 964 952 alid&
993 803 1116 869 seilicet
1167 799 1297 950 apsiduq
1319 802 1508 951 tipsiostatur,
1530 799 1651 951 Figulo
1672 800 1832 952 οανθὲἀοε
1853 822 1925 867 esse
1943 802 2139 952 fhilaeraeicqp,

217 907 261 949 or
414 907 435 949 n
1100 905 1888 951 -erarrernumna
2123 925 2138 939 -

140 906 200 1054 ,⁰221-
222 898 1115 1056 effttpttftttttltfttsstttltttzt.
1166 907 1270 1036 erle
1299 907 1453 1038 aedil
1472 908 1618 1038 alla
1644 973 1758 1051 aar,
1789 909 1942 1056 ,tuti
1956 909 2138 1039 inlata

141 1056 245 1120 lantia
266 1055 396 1123 abunde
418 1060 566 1142 cognitus
588 1068 647 1124 est.
680 1058 749 1123 Nee
770 1079 850 1124 vero
861 1059 896 1122 in
914 1060 1115 1141 praefatione
1167 1057 1300 1123 confuse
1332 1056 1529 1142 exagitando
1561 1079 1597 1124 se
1630 1060 1736 1143 magis
1766 1068 1800 1124 et
1837 1079 1931 1124 suam
1969 1068 2136 1125 catenam

141 1140 319 1224 quidquam
340 1143 497 1208 eximium
519 1152 663 1227 apparet,
686 1145 724 1208 in'
740 1165 802 1227 quo
824 1144 885 1209 sihi
907 1146 1025 1210 artifex
1043 1144 1115 1227 pla-
1167 1163 1265 1225 quam
1286 1141 1490 1209 adversaries
1512 1151 1639 1228 gravet

142 1248 215 1292 cere
228 1226 351 1292 debeat.
387 1226 453 1294 Sed
472 1230 903 1312 quamlibettenuisingenii
920 1230 973 1295 vel
996 1230 1115 1295 doctri·
1252 1229 1386 1294 Transit
1402 1227 1797 1313 deindeadhypcthesin:
1813 1230 1838 1315 ¹)
1855 1236 2019 1314 utcunque
2036 1232 2139 1314 scrip·

141 1334 203 1377 nae
220 1313 364 1379 scintilla
380 1315 505 1394 emicet,
524 1315 651 1380 tollitur
665 1315 773 1379 omnis
784 1315 953 1381 dubitatio.
964 1315 992 1399 ⁸)
1026 1314 1115 1381 Suae
1167 1320 1275 1378 turam
1309 1314 1489 1379 obtendant
1520 1314 1689 1392 haeretiei,
1719 1313 1915 1381 obserandas
1936 1338 2007 1382 esse
2029 1337 2136 1386 aures:

141 1420 219 1482 ergo
240 1399 483 1480 existimationi,
507 1403 534 1466 si
551 1414 620 1483 q'ua
641 1422 711 1467 esse
732 1409 848 1484 potest,
870 1401 956 1466 male
976 1401 1115 1466 consulit
1187 1400 1242 1463 uia
1262 1399 1397 1465 solenne
1418 1400 1484 1465 illis
1511 1421 1641 1484 semper
1667 1401 1766 1465 fuerit
1780 1401 1954 1466 mundum
1982 1402 2044 1468 hoc
2063 1403 2139 1469 fuco

141 1483 348 1562 Praecentor,
371 1487 426 1568 qni
448 1495 601 1570 tanquam
619 1486 784 1553 cornicula
806 1485 920 1551 alienis
942 1487 1061 1571 plumis
1079 1508 1114 1552 se
1166 1420 1329 1567 decipere,
1363 1494 1396 1549 et
1422 1485 1539 1551 iisdem
1572 1486 1672 1550 armis
1699 1485 1870 1552 Christum
1895 1508 2068 1572 aggressus
2095 1490 2139 1555 sit

142 1571 284 1649 vestivit,
307 1579 341 1635 et
362 1569 521 1639 dedecora
541 1572 696 1655 produxit
716 1573 750 1636 in
773 1571 928 1652 medium,
958 1593 1040 1656 quae
1060 1572 1113 1638 vel
1166 1568 1280 1635 Satan.
1324 1571 1488 1653 Equidem
1508 1570 1629 1636 iudicio
1650 1592 1730 1655 opus
1752 1593 1824 1638 esse
1852 1572 1970 1653 fateor,
2003 1594 2046 1638 ne
2066 1586 2138 1641 ore-

141 1655 175 1720 in
208 1655 371 1722 oblivione
398 1657 562 1738 iacebant,
591 1659 643 1724 vel
670 1656 848 1724 manebant
874 1658 1002 1724 inclusa
1027 1659 1114 1724 inter
1166 1655 1306 1721 dulitate·
1322 1657 1425 1722 nimia
1445 1657 1643 1735 irretiamur,
1665 1658 1755 1723 ubil
1798 1678 1878 1723 neos
1899 1659 2041 1725 tendunt
2061 1680 2136 1744 per-

141 1762 253 1806 muros
274 1740 374 1807 urbis.
1164 1742 1252 1807 versi
1273 1743 1454 1826 scripturae
1476 1745 1680 1826 interpretes.
1732 1741 1777 1809 Se
1820 1742 1895 1809 ideo
1915 1744 2014 1811 fidem
2035 1746 2137 1829 scrip-

141 1910 209 1978 1000
228 1827 738 1981 taalid‘tttbtttt‘
757 1830 1113 1983 lttttffizattt
1165 1829 1625 1997 tartesiacas
1645 1826 1839 1980 ttttttt
1848 1831 2137 2000 erraras

141 1995 339 2064 descendere
367 1998 536 2078 videatur,
564 2000 630 2066 nisi
651 1999 733 2066 hene
759 2011 922 2081 armatus,
944 2008 1114 2068 coacervat
1166 2007 1221 2062 tur
1242 1999 1420 2082 simplices,
1453 2021 1519 2065 non
1540 1965 1648 2065 niinus
1669 1999 1848 2083 insipidum
1869 2010 1920 2067 est
1939 2023 2039 2084 quam
2060 2024 2137 2086 pro-

141 2083 298 2165 plurimos
320 2085 499 2168 scripturae
526 2085 627 2164 locos,
657 2086 774 2170 quibus
801 2095 980 2153 monentur
1001 2085 1113 2151 fideles
1165 2084 1286 2151 fanum.
1331 2084 1542 2164 Gloriantur,
1569 2085 1693 2167 inquit,
1721 2087 1893 2171 scripturis
1914 2086 2080 2167 haeretici,
2102 2099 2136 2154 et

141 2167 180 2232 ab
209 2170 374 2236 erroribus
402 2179 437 2236 et
462 2171 559 2237 sectis
587 2194 710 2238 cavere.
762 2171 933 2257 Spatietur
965 2192 1045 2238 sane
1076 2171 1112 2236 in
1164 2168 1229 2234 Dei
1251 2169 1404 2253 spiritum
1424 2171 1487 2237 sibi
1509 2180 1672 2254 arrogant.
1705 2172 1828 2237 Fateor
1849 2193 1937 2238 sane.
1970 2173 2060 2258 Ergo
2080 2195 2136 2256 pe·

141 2252 201 2320 hoe
222 2275 353 2339 campo,
381 2263 479 2340 etque
500 2259 599 2321 etiam
626 2258 771 2324 exsultet
791 2267 950 2342 quantum
971 2256 1111 2322 libuerit.
1164 2255 1253 2321 nitus
1275 2257 1496 2334 excutiantur,
1525 2268 1559 2322 et
1579 2258 1690 2321 statim
1718 2256 1980 2341 deprehendetur
1996 2260 2135 2325 vanitas.

142 2340 213 2423 Ego
236 2348 355 2420 autern,
377 2341 433 2407 ubi
455 2343 566 2408 omnia
587 2341 715 2422 dixerit,
738 2352 842 2410 totam
861 2346 931 2410 eius
952 2344 1111 2409 achonem
1162 2341 1365 2407 Praecentor
1390 2351 1500 2407 antem
1534 2347 1607 2421 [pag.
1634 2346 1685 2421 11]
1719 2341 1877 2409 melodiae
1907 2344 2044 2420 oblitus,
2078 2366 2135 2409 ne-

141 2423 266 2492 duobus
288 2427 398 2493 verbis
414 2426 572 2494 claudam.
605 2429 707 2495 Recte
725 2429 880 2495 admonet
896 2429 1025 2507 Petrus,
1048 2428 1111 2494 sic-
1163 2426 1269 2510 glecto
1290 2429 1450 2507 examine,
1472 2429 1670 2512 scripturam
1690 2427 1857 2512 repudiari
1877 2430 1975 2497 iubet.
2020 2428 2135 2511 Quan-

140 2511 189 2575 nti
211 2513 345 2576 fuerunt
371 2515 405 2578 in
426 2514 532 2578 veteri
554 2515 682 2599 populo,
710 2516 757 2581 ita
778 2517 839 2582 sub
861 2536 963 2600 regno
986 2513 1112 2580 Christi
1162 2533 1260 2601 quam
1281 2514 1371 2578 enim
1398 2514 1498 2580 verbo
1525 2514 1649 2579 fatetur
1676 2535 1802 2580 sacram
1830 2535 1901 2582 esse
1922 2516 1992 2582 eius
2013 2516 2135 2582 antori-

141 2598 281 2749 orithrros
306 2598 407 2664 falsos
434 2599 608 2751 dpzeetores,d
625 2602 680 2684 qui
713 2601 881 2751 ceplesiam
914 2600 1112 2667 conturbent
1163 2606 1281 2677 mtem,
1308 2607 1342 2663 et
1369 2619 1467 2681 quam
1492 2600 1605 2751 neippd
1613 2601 1657 2665 sit
1683 2598 1882 2750 convqllere,
1914 2620 1976 2667 nec
2001 2600 2044 2667 de
2064 2601 2136 2686 ipsa

155 2687 173 2746 2
222 2695 282 2748 etr.
302 2687 331 2762 2,
353 2689 395 2750 l.
504 2707 586 2750 son
609 2697 663 2750 et
736 2686 743 2701 “
827 2708 884 2751 nm
949 2686 1111 2752 rtaverint
1162 2704 1234 2750 esse
1256 2686 1524 2764 controversiam,
1624 2695 1757 2761 ,tantum
1789 2707 1808 2752 a
1865 2707 1945 2754 nau:
1966 2707 2009 2751 ne
2053 2695 2136 2753 tta·

141 2681 254 2834 bmnes
274 2767 339 2834 Dei
361 2684 460 2837 abrai:
491 2706 577 2836 edne
599 2708 681 2838 alios
690 2707 949 2838 (bhletidirerindo
942 2772 1110 2856 graviores
1162 2790 1240 2835 men
1266 2769 1576 2920 apertelquidquam
1602 2771 1639 2835 in
1667 2791 1707 2838 ea
1735 2792 1805 2837 esee
1829 2707 1980 2853 bdrmnm,
2010 2708 2135 2857 gdrepi-

139 2853 291 2936 impetus,
310 2875 407 2938 quam
426 2856 466 2922 ab
487 2857 557 2940 ipso
579 2857 708 2942 templo,
729 2879 830 2942 quum
851 2859 990 2942 superbe
1010 2858 1111 2923 iacta·
1161 2874 1269 2932 ouum,
1291 2855 1346 2922 vel
1367 2857 1517 2935 acidum,
1539 2857 1576 2921 in
1597 2877 1661 2940 quo
1683 2864 1756 2922 tuto
1767 2858 1961 2940 acquiescas.
2023 2879 2135 2925 amma

140 2949 214 3004 rent
235 2939 418 3007 sacerdotes
439 2949 472 3007 et
489 2942 790 3028 pseudoprophetae
811 2944 872 3010 sibi
894 2942 1025 3027 quidvis
1042 2951 1110 3008 sta-
1160 2940 1248 3007 redit
1269 2939 1311 3006 ad
1338 2941 1473 3026 vulgare
1499 2941 1727 3026 proverbium:
1762 2943 1961 3009 Flexibilem
1984 2964 2056 3011 esso
2082 2945 2135 3010 in·

140 3023 254 3090 tuendi
276 3048 346 3092 esse
368 3027 549 3106 arbitrium,
571 3030 648 3111 quia
669 3029 723 3095 lex
740 3050 760 3093 a
776 3031 1002 3097 sacerdotibus
1024 3050 1109 3094 nun·
1161 3035 1231 3092 star
1250 3027 1324 3093 nasi
1344 3028 1439 3094 cerei
1488 3027 1657 3094 Audacter
1681 3026 1770 3093 enim
1798 3036 1898 3113 negat
1918 3029 1995 3096 ullis
2016 3032 2135 3095 errori-

141 3130 237 3193 quam
260 3112 389 3195 periret.
433 3112 573 3194 Deinde,
600 3135 702 3198 quum
723 3114 765 3180 de
786 3116 873 3181 tristi
895 3124 928 3181 et
946 3112 1110 3180 horrenda
1160 3111 1230 3191 bus,
1253 3113 1372 3196 quibua
1397 3115 1464 3180 iam
1489 3113 1530 3188 ab
1558 3113 1652 3177 initio
1679 3134 1837 3180 concussa
1863 3115 1927 3180 fuit
1952 3115 2133 3182 orthodoxa

140 3195 334 3277 delectione,
363 3220 445 3282 quae
472 3199 639 3266 ecclesiam
663 3200 861 3285 dissipatura
881 3208 968 3280 erat,
995 3200 1109 3266 vatici·
1159 3198 1250 3277 fides,
1273 3198 1409 3263 allatum
1425 3199 1525 3264 fnisse
1546 3197 1729 3264 remedium
1745 3221 1788 3265 ex
1809 3200 1979 3284 scriptura,
2001 3200 2059 3267 aad
2081 3222 2133 3267 ec»

140 3291 240 3347 natur
260 3283 393 3363 Paulus,
421 3285 662 3352 Antichristum
683 3288 718 3351 in
739 3288 811 3370 ipso
834 3287 896 3353 Dei
921 3286 1108 3352 sanctuario
1159 3283 1278 3351 clasiae
1299 3283 1437 3349 decretis
1454 3285 1555 3349 hrisse
1598 3285 1774 3369 rolligetos.
1818 3283 2037 3369 Ostuporem
2058 3285 2132 3371 plue

139 3386 306 3433 sessurum
328 3391 399 3436 esee
413 3372 564 3438 .alfirmat
583 3373 618 3456 (2
637 3373 751 3438 Thess.
771 3376 800 3451 2,
819 3374 864 3454 4).
907 3369 1108 3437 Haeresibus
1159 3391 1258 3453 quam
1290 3368 1476 3434 beluinum!
1532 3304 1606 3435 rili
1637 3390 1716 3454 ergo
1749 3369 1902 3437 (lhristns
1934 3371 1998 3436 erit
2029 3372 2130 3451 Deus,

139 3453 293 3604 retertpm
315 3476 386 3522 esse
402 3458 514 3523 orbem
531 3456 897 3609 deploratPraecerqtor,
918 3466 955 3608 pp
973 3456 1107 3522 merito:
1159 3455 1236 3538 quia
1256 3454 1453 3605 sicnplacuit
1474 3455 1639 3607 &baffia
1666 3456 1818 3607 eyrfqpldo:t
1836 3477 1898 3524 nee
1924 3455 2014 3607 aliulql
2040 3464 2131 3523 tuam

159 3560 268 3605 uano
358 3544 399 3608 tie
443 3565 484 3608 uo
506 3566 547 3610 ue
594 3565 650 3611 aec
671 3544 752 3610 trita
794 3546 898 3610 riem
956 3543 983 3607 it
1003 3543 1107 3608 canti·
1159 3540 1389 3607 conscien‘am
1414 3561 1474 3607 con
1618 3542 1685 3607 ‘um
1754 3541 1802 3608 eie
1881 3562 1958 3607 uam
2009 3563 2133 3608 nmana

138 3559 221 3691 lena
272 3562 495 3696 silentiare
520 3651 540 3696 a
567 3631 623 3713 qui
643 3629 741 3713 paulo
761 3566 876 3696 rbelior
903 3638 974 3695 erat
1001 3637 1106 3712 poeta,
1159 3624 1340 3692 autoritas?
1384 3625 1483 3709 Quod
1503 3628 1531 3693 si
1559 3625 1656 3693 hodie
1676 3563 2001 3711 summisissent
2024 3627 2131 3694 Atha·

139 3728 238 3792 quam
259 3711 313 3780 hio
336 3717 493 3796 musicus,
519 3715 661 3781 Romam
688 3737 807 3783 reeens
834 3715 1018 3782 haereseon
1037 3733 1108 3778 ma·
1159 3713 1272 3778 nasius
1293 3721 1326 3777 et
1347 3711 1417 3778 eius
1434 3712 1585 3798 collegae,
1607 3711 1764 3796 pecudem
1775 3712 1863 3780 hanc
1873 3711 2130 3780 detestarentur:

139 3806 223 3862 trem
249 3820 349 3882 grave
378 3800 510 3866 vulnus¹
532 3802 600 3866 suis
625 3800 757 3866 inflixit
807 3801 920 3886 Vagus
948 3801 1049 3884 igitur
1073 3805 1109 3865 et
1158 3798 1236 3882 quia
1257 3797 1348 3864 nulla
1367 3797 1435 3865 illis
1456 3798 1568 3864 afferri
1588 3799 1728 3865 atrocior
1747 3799 1868 3864 iniuria
1888 3804 2005 3882 potest,
2031 3821 2130 3884 qnam

139 3884 297 3950 erraticus
317 3885 380 3949 erit
401 3905 508 3950 sermo
530 3885 708 3965 Gabrielis,
727 3885 829 3953 denec
850 3886 1030 3952 haereticos
1051 3884 1108 3950 de-
1160 3883 1289 3967 siquid
1310 3885 1514 3951 asseruerint
1532 3904 1600 3950 non
1622 3891 1800 3966 praeeunte
1821 3884 1991 3967 scriptura
2023 3882 2062 3951 Si
2071 3907 2129 3951 ex-

139 3969 241 4048 liniat,
263 3991 400 4052 quorum
422 3971 587 4037 cavendae
608 3973 675 4037 sint
696 3971 841 4038 insidiae
877 3971 980 4038 Nobis
997 3979 1107 4037 autem
1159 3969 1272 4053 cipiet,
1301 3970 1499 4054 gubernatas
1530 3969 1663 4053 quidem
1698 3969 1799 4034 finisse
1826 3969 1944 4053 spiritu
1969 3977 2004 4036 et
2029 3970 2130 4037 verbo

135 4054 184 4118 sic
205 4055 242 4119 in
264 4077 318 4121 ecs
339 4066 490 4139 torquere
512 4077 550 4123 ae
566 4056 707 4143 dirigere
727 4065 913 4142 promptum
935 4063 987 4123 eet
1008 4075 1107 4140 quse-
1158 4055 1232 4135 Dei,
1255 4055 1445 4138 simpliciter
1465 4063 1578 4121 tamen
1596 4053 1753 4120 standum
1773 4074 1846 4121 esee
1866 4075 1979 4121 eorum
1999 4054 2129 4136 indicia,

138 4146 435 4223 cunque[pag.10]
458 4142 627 4210 denoxiis
654 4141 808 4209 ecclesiae
835 4141 982 4226 pestibus
1003 4141 1107 4209 conti-
1158 4139 1352 4206 attollatur
1372 4140 1582 4225 ambiguitas,
1611 4147 1645 4205 et
1665 4140 1765 4205 animi
1787 4142 1947 4207 fluctuare
1968 4140 2128 4222 desinant,

138 4237 194 4290 net
215 4229 391 4310 scriptura:
420 4238 544 4294 utnon
564 4228 660 4295 medo
691 4229 728 4293 in
760 4236 844 4308 cute,
866 4228 982 4293 sedin
1003 4228 1106 4294 visee-
1158 4227 1246 4310 ipses
1267 4223 1398 4309 quidem
1424 4235 1535 4309 patrea
1562 4245 1583 4288 a
1610 4226 1795 4291 temeritate
1822 4224 1984 4306 absolvet,
2013 4227 2128 4293 sedin

138 4310 229 4377 ribus
250 4311 359 4411 defixa
377 4314 541 4380 haereant
574 4314 683 4416 Multa
704 4313 804 4414 etiam
812 4313 983 4464 msiplqdior
1003 4313 1107 4464 alter-p
1158 4313 1267 4462 Datum
1288 4312 1386 4410 nimis
1413 4310 1548 4463 sppleste
1575 4310 1828 4461 cpntupieliesua
1852 4312 2128 4462 acfblasphemua

1227 4415 1234 4460 :
1283 4417 1319 4461 ur
1515 4418 1548 4462 m
1574 4415 1679 4462 cama

139 4416 324 4549 tttttz
343 4410 702 4561 tlttttlttt
721 4409 891 4570 stetit
912 4420 1105 4551 testib.
1157 4419 1245 4551 tt„
1261 4417 1300 4547 b
1321 4417 1444 4562 mlle,
1458 4416 1561 4549 ⁰31„
1580 4481 1653 4566 ιαμ
1672 4396 2127 4567 patibilis-‘lm

58 4627 62 4630 ,
140 4570 242 4651 Atqui
269 4591 311 4635 ex
343 4581 501 4655 perpetua
528 4594 640 4638 eorum
674 4572 822 4638 doctrina
853 4570 946 4636 nullo
976 4570 1107 4655 negotia
1158 4573 1229 4637 nitu
1250 4568 1330 4635 utile
1351 4579 1421 4634 erat
1448 4567 1728 4649 (Deut.30,15):
1760 4591 1819 4654 per
1840 4569 1962 4636 Isaiam
1983 4573 2050 4648 (46,
2071 4573 2126 4655 16)

1156 4679 1236 4723 vero
1257 4677 1292 4722 se
1314 4677 1378 4720 non
1396 4658 1431 4721 in
1448 4653 1658 4721 absconditol
1700 4662 1815 4722 uatum
1826 4675 1905 4733 esse,
1927 4676 1989 4721 nec
2004 4656 2127 4723 hastra

1156 4742 1343 4820 mandasse,
1374 4745 1448 4821 [pag.
1470 4744 1521 4820 12]
1548 4747 1588 4805 nt
1613 4740 1654 4806 ab
1694 4742 1799 4808 sraele
1824 4748 2008 4890 quaeratur.
2058 4740 2126 4809 Sed

206 4842 237 4913 1)
254 4841 299 4897 n’s
314 4860 365 4912 pas
382 4846 441 4899 este
458 4847 544 4901 moine
562 4844 650 4899 triani
668 4845 702 4900 ‹te
714 4844 965 4912 hunerlaloumge
983 4844 1105 4900 decerta
1157 4826 1236 4913 quid
1257 4829 1292 4892 in
1313 4847 1350 4892 re
1371 4846 1573 4910 supervacua
1589 4826 1715 4893 laboro:
1738 4847 1823 4911 quan
1846 4825 2033 4892 oeiusmodi
2050 4848 2125 4894 een·

141 4911 265 4981 Pressas,
288 4912 405 4994 laquelle
422 4914 467 4983 luy
489 4916 571 4969 estoit
593 4915 728 4983 resignes,
750 4929 803 4983 que
826 4930 875 4969 son
892 4913 1063 4968 Rhetorieien
1089 4914 1107 4968 t
1156 4914 1279 4980 tantiae
1305 4912 1426 4995 passim
1459 4921 1647 4993 occurrunt,
1678 4914 1793 4997 quibus
1824 4917 1965 4976 metatur
1990 4913 2124 4996 spiritua

142 4978 216 5048 laage
234 4988 316 5035 estoit
326 4984 619 5055 gourmandtmanqer
635 4983 683 5038 des
701 4984 768 5039 bons
785 4997 929 5038 moreeaux
947 4985 963 5038 a
980 4981 1105 5037 estable.

206 5047 235 5115 2)
252 5049 326 5103 Add.
344 5059 372 5103 et
389 5051 421 5105 de
439 5060 536 5107 cartes

207 5119 238 5186 a)
255 5120 329 5174 Ado.
349 5138 399 5189 que
419 5137 449 5175 ce
467 5138 501 5175 ue
521 5122 574 5176 soit
591 5135 709 5188 aavmqe
726 5121 873 5189 empruntt.
1585 5153 1587 5158 ,

207 5188 238 5257 4)
255 5189 278 5243 ll
296 5192 416 5245 exhorre.
1225 5184 1255 5252 1)
1274 5184 1294 5240 il
1311 5186 1384 5242 vient
1400 5187 1461 5256 puis
1478 5204 1559 5258 apres
1576 5185 1594 5239 a
1610 5183 1742 5255 apecifler.
