4724 5886
160 287 206 349 25
364 279 367 287 '
511 314 513 319 a
810 278 1082 356 DocuRINAE
1105 280 1169 345 DE
1189 278 1529 349 SAORAMEN'PIS.
2131 291 2172 352 26

155 490 261 557 quam
280 471 570 556 quodseripturoe
588 472 773 539 testimonio
791 470 952 538 refellitur
973 470 1038 536 tale
1058 491 1146 536 oom-
1198 470 1341 539 diximus
1362 494 1496 541 manere
1518 475 1622 559 signa,
1644 473 1855 560 indignisque
1875 473 1942 540 Dei
1963 476 2105 560 gratiam
2126 477 2185 541 οι-Δ

50 604 57 609 -
152 569 333 637 loentum,
363 559 568 641 experientia
593 558 693 623 etiam
722 557 886 624 rsolamat.
936 558 1028 641 Ergo
1050 557 1147 623 siouti
1197 557 1296 633 ferre,
1324 581 1385 626 neo
1406 561 1486 627 vim'
1502 560 1755 645 promissionum
1778 560 1981 642 labefnotari,
2009 561 2086 629 linet
2106 583 2175 628 non

147 663 225 726 per
246 663 283 710 se
304 650 443 709 externa
464 662 529 709 vox
551 643 695 708 hominis
715 645 751 708 in
774 643 872 709 oorda
890 642 1025 708 minime
1046 663 1146 726 pene·
1197 643 1358 726 resipiant
1379 651 1453 725 [pag.
1473 651 1528 726 38]
1550 645 1710 713 inereduli
1739 646 1826 729 quod
1848 647 1994 712 offertur.
2036 645 2090 712 Do
2111 649 2173 712 mi·

153 736 243 809 trat,
258 733 282 807 ¹)
311 728 369 795 sed
399 749 441 793 ex
467 729 580 795 multis
601 727 806 795 auditoribus
827 728 887 793 soli
910 728 952 793 ad
973 727 1145 794 Ohristum
1198 729 1312 795 nistris
1332 730 1387 797 hio
1408 751 1476 797 non
1498 732 1623 815 agitur,
1654 731 1694 796 de
1737 732 1834 798 uibus
1856 733 1956 798 stulte
1978 732 2058 797 olim
2080 731 2174 799 dubi·

152 815 309 882 veniunt
330 815 387 898 qui
408 813 588 880 trahuntur
604 816 696 881 intus
714 837 734 880 ι
755 824 850 897 patre
872 814 1002 897 (Ioann.
1023 817 1052 893 6,
1073 816 1143 897 44):
1199 821 1305 879 tatum
1328 826 1392 896 est,
1421 836 1466 882 an
1494 837 1609 882 eorum
1636 753 1776 900 perfidia
1803 819 1856 883 vel
1877 817 2098 902 aliaquaevis
2120 819 2174 882 in-

150 901 264 966 inxta
291 899 375 965 illud
395 900 523 966 Iesaiae
554 905 621 978 (53,
646 906 693 984 l),
721 921 786 966 non
809 900 890 966 alios
911 899 1146 984 praedicationi
1199 899 1342 984 dignitas
1369 912 1574 968 saoramenta
1599 903 1705 968 vitiet.
1759 903 1862 969 Nobis
1890 911 2001 968 autern
2030 903 2175 969 sanofior

151 985 303 1070 medere
331 987 395 1052 nisi
426 985 547 1068 quibus
572 986 755 1053 revelatum
783 998 835 1052 est
862 986 926 1051 Dei
960 986 1145 1050 braohium:
1198 994 1250 1050 est
1271 987 1334 1051 Dei
1356 987 1537 1066 institutio,
1566 1009 1664 1070 quam
1694 997 1733 1053 ιι
1753 990 1824 1054 eius
1846 990 1896 1054 vis
1921 990 1964 1055 ab
1986 989 2176 1056 bominibus

156 1073 216 1136 ita
236 1091 340 1157 penes
360 1070 501 1136 liberum
529 1080 564 1135 et
589 1073 772 1155 gratuitum
800 1071 947 1137 eiusdem
968 1072 1032 1136 Dei
1059 1071 1146 1136 arbi·
1198 1071 1348 1153 pendeat.
1393 1070 1447 1138 Sit
1467 1073 1572 1157 igitur
1593 1082 1651 1139 aut
1671 1073 1772 1138 Iudas
1800 1083 1858 1139 ant
1879 1075 2062 1158 Epicureus
2083 1076 2174 1158 quis·

152 1158 273 1222 trium
302 1163 367 1237 est,
399 1155 477 1222 dare
503 1156 622 1239 quibus
649 1156 806 1236 voluerit,
842 1159 943 1222 utin
977 1158 1147 1240 signorum
1197 1156 1287 1238 piam
1321 1178 1488 1223 serrorum
1521 1160 1667 1224 omnium
1698 1165 1904 1243 oontemptor
1934 1160 2087 1242 baptismi
2121 1159 2175 1227 vel

151 1263 231 1308 usn
254 1243 434 1326 proficiant.
480 1242 551 1309 Neo
570 1263 651 1308 vero
672 1242 749 1307 dum
771 1243 819 1308 ita
840 1242 1019 1325 loquimur,
1051 1240 1146 1325 quid·
1199 1261 1310 1309 saetae
1331 1263 1451 1309 eoenae
1472 1244 1640 1310 minister:
1669 1265 1733 1309 non
1758 1265 1852 1311 seous
1874 1255 1909 1309 ιι
1929 1245 2099 1310 lavaerum
2123 1268 2175 1310 re-

144 1349 268 1411 quam
290 1328 412 1393 mutari
429 1327 645 1411 intelligimus
664 1328 700 1391 in
718 1336 997 1394 sacramentorum
1015 1337 1145 1407 natura,
1198 1329 1428 1410 generationis,
1451 1337 1484 1394 ιι
1500 1329 1671 1412 spirituale
1689 1331 1798 1397 earnm
1814 1337 1849 1396 et
1865 1331 2036 1414 sanguinis
2047 1329 2175 1397 Obristi

143 1414 245 1497 quin
269 1435 329 1480 suo
350 1412 417 1478 illis
439 1422 573 1478 maneat
594 1415 775 1497 integritas.
824 1414 938 1497 Neque
962 1415 1052 1478 enim
1074 1413 1167 1478 Au·.
1199 1412 1393 1479 alimentum
1412 1413 1562 1481 fidelibus
1580 1436 1640 1498 per
1657 1416 1729 1480 eius
1744 1436 1879 1481 manum
1903 1416 2077 1481 aDomino
2097 1437 2175 1481 eon·

137 1500 333 1584 tustinus,
344 1500 374 1582 ²)
396 1498 476 1563 dum
498 1497 540 1581 od
559 1518 679 1582 eorpus
700 1499 863 1579 ecelesiae,
886 1499 973 1582 quod
994 1500 1030 1564 in
1051 1518 1145 1582 prae-
1196 1499 1277 1564 ferri
1288 1500 1472 1579 statuimus,
1495 1501 1634 1583 quamsi
1656 1501 1793 1582 angelus
1815 1501 1934 1567 ooeloe
1954 1499 2174 1567 deseenderst

145 1584 386 1666 destinatis,⁸)
408 1584 464 1668 qui
486 1584 552 1649 iam
572 1605 613 1649 ex
636 1592 732 1667 parte
749 1585 917 1651 iustifioati
938 1594 1017 1650 sunt
1037 1594 1070 1649 et
1088 1582 1146 1665 ad·
1197 1584 1312 1668 Nona)
1337 1584 1424 1667 quod
1453 1587 1620 1652 oommnni
1647 1586 1803 1652 omission
1830 1586 1958 1653 ineuria
1985 1585 2041 1653 vol
2062 1588 2175 1652 nonni·

145 1670 232 1737 lino
254 1670 490 1748 iustificantur,
519 1679 553 1734 et
574 1669 653 1735 olim
674 1668 879 1754 glorifioandi
899 1679 986 1750 sunt,
1008 1669 1146 1753 restrin-
1198 1671 1311 1735 ventio.
1337 1671 1440 1735 foveri
1463 1670 1579 1738 deoeat
1605 1671 1742 1738 vitiosos
1767 1672 1952 1751 ministros,
1983 1679 2017 1738 et
2042 1674 2100 1756 qui
2121 1687 2174 1738 sa·

143 1757 215 1840 git
236 1776 351 1823 ιιιιιι
369 1774 490 1822 ιοιιιι
512 1756 674 1834 effoetum,
698 1755 768 1822 eius
788 1757 868 1835 vim,
890 1756 919 1820 si
940 1757 1013 1839 ipsa
1032 1776 1091 1838 per
1111 1775 1147 1821 se
1199 1774 1292 1840 orum
1313 1755 1421 1822 looum
1444 1752 1576 1839 impura
1598 1756 1666 1823 vita
1687 1757 1929 1823 oontominant:
1963 1759 2042 1840 quin
2064 1759 2174 1840 potius
2268 1831 2270 1836 ,

144 1841 369 1920 aestimetur,
391 1842 471 1925 erga
498 1842 661 1924 reprobos
683 1848 821 1910 evaonat
844 1840 897 1906 vel
919 1842 1054 1906 minuit:
1088 1839 1147 1906 sed
1199 1849 1266 1905 tam
1295 1841 1424 1925 publioe
1449 1861 1548 1926 quam
1577 1842 1733 1926 privatim
1761 1842 1871 1908 danda
1896 1862 1996 1925 opera
2025 1851 2097 1922 est,
2137 1849 2176 1908 ut
2263 1880 2267 1911 ;

145 1928 382 1992 mtumeius
399 1928 543 1992 fructum
557 1932 632 2007 [pag.
646 1932 700 2006 37]
718 1926 1146 2011 peraequeomnibusoom·
1199 1925 1320 1992 talibus
1341 1926 1600 2009 inquinamentis
1623 1929 1686 1993 Dei
1710 1930 1932 1994 sanctuarium
1954 1940 2123 2012 purgetur,
2146 1929 2175 1994 si

146 2033 302 2077 munem
324 2032 396 2078 esse
417 2020 528 2096 neget
565 2010 707 2093 Quando
725 2033 804 2079 vero
825 2014 972 2095 reprobis
989 2032 1058 2086 non
1081 2011 1146 2078 nisi
1198 2012 1269 2077 fieri
1290 2019 1406 2094 potest
1451 2013 1577 2079 Vemm
1601 2015 1629 2077 si
1650 2033 1733 2097 quos
1753 2034 1889 2097 prorsus
1910 2013 2029 2097 impios
2051 2013 2093 2079 od
2115 2014 2174 2080 ho-
2251 2075 2254 2078 .

144 2118 226 2163 uua
247 2096 463 2164 ineredulitas
485 2097 653 2164 obstaoulo
670 2107 729 2176 est,
748 2099 922 2181 quominus
934 2098 1070 2164 Christo
1087 2118 1146 2181 po·
1197 2117 1314 2163 norem
1333 2098 1412 2163 obre
1435 2119 1490 2164 ere
1500 2100 1679 2183 oontingat,
1703 2098 1956 2164 velambitiosus
1968 2095 2176 2181 quorundam

145 2184 307 2261 tiantur,
334 2183 370 2248 in
397 2184 478 2267 ipsis
500 2204 627 2266 qnoque
656 2191 726 2248 tota
747 2183 844 2266 eulpa
865 2181 995 2250 residet.
1041 2183 1145 2248 Doni·
1198 2182 1291 2248 favor
1317 2119 1478 2266 impediat
1510 2205 1553 2249 no
1580 2187 1614 2249 in
1642 2184 1790 2250 ordinem
1823 2204 1862 2250 oo
1905 2193 1984 2249 ntur
2010 2184 2173 2264 dissoluti,

143 2290 228 2351 qne
257 2268 427 2334 neminem
455 2268 636 2334 frustratur
663 2270 751 2352 signi
778 2269 1052 2351 repraesentatio,
1081 2269 1146 2333 nisi
1198 2268 1250 2332 vel
1272 2267 1435 2351 protinus,
1458 2278 1497 2333 ιι
1516 2269 1697 2353 optandum
1719 2270 1811 2347 foret,
1842 2292 1861 2334 ι
1884 2268 2046 2349 dioentur,
2068 2290 2174 2352 quan·

146 2355 220 2437 qni
243 2353 332 2419 ultro
354 2361 387 2419 et
408 2353 554 2437 maligno
575 2375 610 2420 se
632 2356 740 2437 ipsum
763 2355 880 2438 privat
923 2354 1144 2420 Verissimum
1197 2355 1323 2419 tumuis
1345 2352 1545 2420 detestabilis
1567 2355 1611 2420 eit
1632 2374 1745 2420 eornm
1771 2353 1963 2438 indignitas,
1986 2357 2174 2422 eaeremon-

145 2441 254 2508 enim
277 2445 468 2505 esttantnm
491 2460 652 2523 quemque
670 2440 798 2505 fruetus
820 2461 863 2505 ex
885 2441 989 2524 signis
1010 2440 1143 2518 referre,
1197 2439 1240 2505 tis
1262 2439 1346 2503 nibil
1369 2439 1521 2524 derogat:
1551 2439 1684 2524 quando
1706 2461 1774 2505 non
1795 2442 1859 2507 nisi
1881 2463 1901 2506 a
1923 2461 1958 2505 se
1979 2441 2050 2523 ipso
2071 2441 2175 2506 sumit

150 2533 328 2609 quantum
354 2525 432 2590 fidei
457 2545 537 2592 uase
563 2526 730 2608 peroipiet
782 2525 832 2592 Ao
855 2525 972 2590 merito
994 2523 1144 2590 sorboni-
1197 2522 1448 2609 chnsmsquod
1470 2524 1538 2591 illio
1553 2526 1648 2592 nobis
1663 2525 1814 2610 largitur,
1839 2527 2040 2592 aministris
2062 2534 2175 2591 autem

150 2631 241 2684 oum
268 2609 353 2675 illud
379 2612 576 2694 figmentum
597 2609 824 2694 repudiemus,
850 2631 956 2676 novae
982 2609 1067 2693 legis
1093 2630 1145 2674 sa-
1196 2628 1264 2673 non
1297 2609 1409 2675 haurit
1439 2611 1493 2675 vel
1521 2609 1658 2678 derivat
1703 2611 1821 2694 Itaque
1842 2609 2174 2694 quod'intentionem

149 2703 338 2763 uramenta
358 2695 511 2762 omnibus
538 2695 707 2779 prodesse,
737 2697 792 2781 qui
813 2693 910 2761 modo
931 2694 1056 2762 obioem
1078 2715 1146 2760 non
1197 2697 1418 2761 oonseorantis
1440 2696 1624 2762 neeessario
1646 2697 1820 2779 requirunt
1847 2697 2011 2781 papistae,
2040 2718 2174 2782 perver-
2224 2719 2228 2726 ·

150 2788 294 2865 ponant
313 2782 439 2864 peoooti
460 2780 618 2847 mortalis.
668 2781 755 2846 Nam
778 2783 935 2848 virtutem
953 2780 1021 2846 illis
1049 2780 1145 2846 affin·
1198 2800 1271 2846 snm
1299 2789 1333 2846 et
1359 2780 1530 2864 exitiales)
1558 2783 1755 2866 figmentum
1783 2802 1855 2848 esse
1881 2803 1948 2848 non
1976 2782 2174 2848 dubitamus.

153 2887 253 2951 gere,
284 2888 384 2950 qnam
406 2873 562 2933 externus
584 2872 715 2933 tantum
736 2887 815 2932 usus
835 2869 940 2934 instar
962 2866 1086 2932 oanalb
1107 2866 1143 2931 in
1198 2863 1266 2931 Sed
1288 2887 1389 2949 quum
1402 2864 1568 2932 Dominus
1590 2887 1668 2932 vero
1690 2888 1820 2951 semper
1842 2867 1928 2952 quod
1951 2869 2082 2952 figurat,
2104 2875 2176 2934 tam

151 2953 295 3018 mimas
315 2950 484 3033 infundat,
511 2953 609 3037 plane
631 2952 811 3036 insipidos)
833 2953 1024 3035 superstitio
1045 2960 1104 3018 est.
1115 2954 1145 3036 ⁴)
1196 2971 1257 3034 per
1278 2953 1396 3036 impios
1416 2972 1516 3035 qnam
1536 2951 1651 3018 fideles
1668 2953 1844 3033 ministros,
1867 2961 2036 3036 praestare
2056 2956 2100 3019 sit
2115 2975 2175 3038 pa·

151 3036 265 3119 Quod
294 3039 324 3102 ei
352 3037 452 3103 fidem
477 3037 622 3104 medinm
648 3038 849 3104 intercedere
871 3045 1013 3121 oportet,
1047 3057 1146 3103 nemo
1198 3045 1300 3116 ratus,
1317 3057 1384 3102 non
1407 3037 1472 3103 nisi
1493 3037 1560 3103 fide
1581 3038 1684 3120 reeipi
1705 3037 1857 3114 fatemur,
1871 3040 1895 3122 ¹)
1918 3038 2005 3123 quod
2027 3038 2175 3105 oblatum

152 3145 267 3189 sanus
289 3124 433 3208 negabit,
456 3122 597 3189 eundem
619 3121 739 3201 Deum,
762 3124 817 3207 qui
840 3124 893 3189 his
916 3121 1071 3191 subsidiis
1093 3123 1145 3187 in·
1197 3131 1262 3188 est:
1296 3120 1481 3189 ineredulos
1503 3123 1722 3189 veroinanes
1744 3122 1884 3188 dioimus
1901 3144 2086 3207 vaonosqne
2109 3123 2176 3189 die·

150 3210 358 3274 firmitatem
385 3215 534 3276 nostram
559 3209 665 3289 levat,
693 3208 793 3275 fldem
814 3211 915 3284 etiam
937 3207 1031 3287 dare,
1060 3228 1145 3291 quae
1197 3208 1320 3292 eadere.
1365 3208 1479 3291 Neque
1501 3218 1613 3274 tamen
1642 3228 1758 3275 eorum
1785 3208 1866 3275 vitio
1887 3210 2084 3275 sacramenti
2107 3209 2174 3275 vir-

152 3293 292 3361 idoneis
314 3294 447 3361 fulturis
469 3293 611 3361 subnixo
628 3294 670 3360 ιι
691 3293 862 3361 Obristum
880 3292 1086 3372 oonsoendat,
1108 3301 1146 3358 ut
1196 3294 1262 3359 tuti
1281 3293 1461 3378 quidquam
1483 3292 1619 3377 deperit
1664 3292 1805 3358 Aditum
1833 3293 1957 3360 alaudit
1984 3301 2018 3360 et
2044 3293 2175 3358 obserat

150 3381 238 3533 322¹.
258 3379 1144 3534 adstiti..lida‘tdiffdtttdsdtt
1195 3379 1928 3547 lal⁹il⁰fddu⁸rraddbbll
1944 3379 2176 3529 earm

149 3550 276 3617 radios
297 3552 449 3618 emittere
478 3571 546 3616 non
579 3553 760 3632 suffioeret,
793 3552 859 3617 nisi
878 3551 973 3635 prins
995 3548 1063 3616 dati
1084 3570 1143 3616 no-
1195 3571 1290 3615 suam
1311 3548 1495 3615 retrahere:
1518 3549 1599 3634 quin
1619 3549 1744 3632 potins,
1773 3558 1812 3615 ut
1833 3551 1897 3616 sibi
1918 3556 2076 3634 perpetuo
2098 3569 2176 3614 oon·

148 3636 215 3702 bis
238 3643 352 3704 essent
372 3635 458 3702 oonli
479 3638 535 3718 qui
546 3637 621 3705 luoe
633 3638 704 3703 eins
720 3637 882 3717 fiuantm,
905 3638 953 3702 ita
961 3636 1144 3702 Dominum
1196 3642 1279 3717 stet,
1308 3655 1345 3701 ne
1367 3635 1529 3701 immensa
1550 3636 1698 3702 bonitate
1721 3657 1781 3701 sna
1808 3642 1911 3700 uertet
1931 3655 2007 3701 oum
2033 3633 2177 3699 hominis

151 3724 290 3789 froeno
311 3723 458 3789 externis
476 3722 581 3806 signis
609 3723 808 3801 illueesoere‚
832 3722 898 3788 nisi
920 3742 981 3787 nos
998 3721 1143 3787 oonlatos
1195 3720 1331 3800 malitia,
1354 3741 1434 3785 vere
1455 3720 1543 3804 quod
1563 3721 1730 3804 respuitur
1751 3720 1869 3786 offerre
1891 3721 2077 3785 asserimus

147 3805 291 3874 reddat
334 3807 418 3888 Imo,
446 3809 543 3874 aienti
563 3808 642 3875 solis
663 3808 751 3874 calor
771 3808 886 3886 vivum
908 3815 943 3872 et
961 3809 1144 3873 animatum
1281 3804 1350 3872 Sed
1371 3806 1454 3872 haee
1477 3805 1541 3872 dno
1565 3807 1664 3890 longe
1686 3806 1775 3870 inter
1803 3804 2040 3885 sedifferunt,
2072 3803 2174 3870 fidem

146 3913 285 3978 corpus
310 3901 470 3977 vegetans
496 3894 531 3959 in
559 3893 720 3960 oadavore
747 3894 905 3958 foetorem
930 3894 1067 3972 excitat,
1096 3892 1142 3957 ita
1192 3891 1339 3956 Domino
1367 3901 1519 3957 oonstare
1548 3889 1590 3956 ad
1618 3889 1855 3974 praestandum
1882 3889 1968 4040 quod
1994 3891 2088 3975 signo
2116 3889 2173 3956 de-

150 3987 374 4053 sani-amenta
393 3977 449 4044 ubi
466 3999 533 4044 non
554 3978 649 4046 ιιιιι
668 3977 746 4044 fidei
765 3979 911 4061 spiritus,
934 3979 1142 4044 mortiferum
1194 3983 1372 4042 monstrat:
1396 3986 1438 4042 et,
1450 3977 1627 4054 hominem,
1651 3985 1688 4040 ut
1703 3976 1834 4040 fruatur
1855 3976 1965 4042 obsta
1986 3976 2102 4059 gretia,
2125 3975 2172 4041 lo-

147 4064 394 4147 potiusquam
415 4063 705 4131 vitalemodorem
726 4065 851 4147 spirare
873 4071 999 4130 eertum
1021 4067 1080 4130 est
1195 4082 1270 4132 oum
1299 4062 1494 4146 promissori
1524 4061 1616 4127 dare:
1656 4062 1732 4143 quia
1760 4069 1797 4125 nt
1822 4061 1896 4142 quis
1924 4061 2063 4144 reeipiat
2086 4060 2173 4144 qnod
2302 4062 2306 4067 ’

205 4187 207 4190 -
251 4148 433 4216 (laetarum
451 4171 495 4216 ne
514 4151 588 4234 quis
608 4149 691 4228 ideo,
711 4149 765 4215 vel
787 4148 964 4232 quidquam
986 4148 1143 4215 denodare
2078 4188 2080 4192 ι

1195 4219 1398 4227 -——————-

146 4241 444 4300 eaoramentorum
472 4235 603 4315 virtut-i,
631 4234 685 4302 vel
713 4233 886 4300 bominum
912 4233 1143 4301 ineredulitata

145 4326 203 4382 et
221 4319 348 4385 malitia
368 4320 531 4386 infirmari
549 4319 616 4386 Dei
637 4321 811 4387 veritatem
833 4327 974 4402 putaret,
1003 4318 1142 4404 diligen,
1265 4303 1296 4366 a)
1313 4299 1376 4354 Non
1400 4299 1473 4368 quod
1498 4300 1630 4353 communi
1654 4337 1737 4352 ....
1761 4299 1851 4353 haurit
1873 4299 1916 4356 vel
1940 4299 2054 4353 derivat
2094 4299 2173 4354 Haeo
2295 4332 2297 4336 Α

147 4409 221 4468 ter
236 4424 297 4471 nos
318 4405 444 4473 novisse
466 4406 637 4486 existimo,
667 4405 745 4472 dum
772 4404 902 4488 integra
929 4403 1145 4472 nihilominus
1191 4367 1558 4506 ffifflfflfflffi
1575 4365 1794 4490 ,fflssffi
1817 4365 2173 4504 f‘ffgffig'ffffffl

1197 4505 1252 4561 sint
1274 4504 1401 4572 ministri,
1432 4509 1480 4558 ιιι
1501 4502 1641 4571 polluatur
1663 4511 1808 4559 ornetnrve
1836 4504 2012 4558 ministerium
2035 4507 2170 4557 senonim:

1197 4572 1246 4630 sed
1263 4571 1334 4642 qnod
1353 4569 1504 4642 signidem
1521 4570 1652 4638 volumus,
1670 4585 1721 4626 nos
1737 4571 1866 4626 virtutem
1879 4578 2109 4626 immentorum
2125 4584 2171 4624 ne·

235 4645 264 4708 1)
282 4642 357 4698 aad
375 4649 404 4699 ιι
419 4658 454 4698 ιι
472 4643 512 4713 s'y
536 4643 625 4699 donne
646 4645 724 4713 point
741 4641 860 4699 d’entrde
879 4658 949 4711 pour
968 4642 1086 4712 changer
1103 4643 1144 4699 lea
1196 4656 1331 4765 quaquam
1359 4640 1496 4720 derivare·
1509 4654 1544 4721 ιι
1571 4637 1700 4720 miste
1727 4640 1772 4720 vel
1796 4641 1851 4694 in*
1890 4641 1955 4694 'tate
1980 4639 2172 4720 ministrorum.

132 4703 295 4769 hommes
440 4758 442 4761 .
1221 4717 1326 4766 atenim
1343 4707 1445 4776 alioqur
1460 4712 1599 4762 mnenon
1623 4707 1748 4775 indignos
1764 4724 1792 4762 m
1810 4725 1826 4763 o
1888 4723 1931 4763 em
1947 4704 2116 4776 redigendos,
2134 4713 2172 4773 ιι,

234 4780 266 4847 2]
284 4781 377 4836 'l'rset
394 4780 423 4834 in
439 4779 533 4835 Ioann-
551 4778 595 4835 26.
943 4778 947 4785 '
1197 4779 1221 4834 si
1237 4777 1338 4834 realta
1354 4774 1490 4845 flagitarit,
1507 4775 1656 4830 ministerio
1674 4774 1848 4831 abdicandos.
2214 4828 2216 4831 ,

233 4846 265 4917 d)
300 4846 348 4907 n’il
365 4847 406 4903 dit
422 4854 495 4904 estre
513 4848 547 4903 de
566 4864 635 4905 oeus
652 4865 705 4930 qne
722 4848 791 4904 Dian
809 4864 827 4903 ι
843 4846 1015 4921 predestinea
1032 4852 1080 4902 ιιι.
1100 4848 1145 4912 (ia
1265 4846 1297 4912 b)
1318 4844 1346 4899 0.
1364 4845 1511 4898 ιιιιιιιιιε
1529 4843 1689 4899 diabolicum
1706 4841 1869 4913 figmentum
1905 4841 2084 4910 Bauinqem
2100 4841 2171 4896 eole-

134 4905 251 4975 lateo
267 4866 378 4988 dunen
394 4915 485 4971 ἀιιιιι
501 4917 626 4986 udaeam
650 4933 682 4972 ιιι
716 4917 878 4972 Meum
895 4915 1058 4971 manaae
1074 4931 1145 4986 quoe
1195 4914 1257 4969 bor:
1273 4912 1517 4980 inaneetexitiule,
1534 4911 1878 4982 oonqaodidonoaoere
1894 4911 2056 4992 ιιαιιιιιιι,
2072 4907 2172 4991 redae

139 4978 429 5056 dopmnis
445 4985 640 5056 surdaque
714 4987 853 5049 ιιιιιιιιι).
1121 4997 1124 5003 ·
1194 4979 1275 5037 malli
1290 4981 1362 5034 inter
1375 4996 1417 5050 po
1443 4982 1449 4994 ·
1528 4995 1646 5050 magras
1671 4980 1733 5049 spei
1752 4979 1809 5035 oiri
1831 4980 1938 5036 aaran
1959 4976 2115 5034 masma
2132 4977 2171 5032 lo-

231 5058 261 5125 ι)
282 5055 420 5112 eam
436 5053 599 5136 serrpmotr
624 5055 738 5136 magica
772 5053 952 5124 Bullinum
968 5050 1086 5108 ιιιιιιιι
1103 5052 1142 5106 in·
1194 5048 1371 5122 quatiendis
1423 5049 1593 5131 ιιιιιιιιιιιιι.
1898 5115 1904 5128 .
1989 5114 1996 5128 .

147 5130 237 5197 ttae,
253 5124 298 5182 rel
319 5122 409 5179 simile
426 5120 562 5191 quidpiam
579 5124 677 5180 minna
809 5163 811 5166 Α
882 5162 886 5170 .
1186 5162 1189 5177 .
1263 5116 1294 5186 1)
1311 5133 1344 5173 ιι
1360 5115 1431 5174 n'est
1446 5129 1499 5187 pse
1515 5119 1534 5174 ι
1550 5116 1608 5172 dre
1625 5131 1678 5186 qne
1692 5131 1763 5172 nous
1781 5133 1799 5186 y
1815 5129 1957 5171 moeuons
1973 5128 2032 5168 nen
2049 5129 2102 5184 que
2120 5128 2189 5184 pm.

191 5224 201 5241 ι
215 5195 259 5265 ι)
277 5191 357 5250 Add
375 5204 458 5262 voyre
475 5206 529 5246 uns
546 5190 711 5253 soreellerie.
964 5231 968 5238 .
1194 5188 1253 5258 loy:
1273 5184 1346 5257 qaod
1358 5201 1461 5255 poeau
1477 5186 1608 5243 marae
1625 5198 1735 5241 verm
1750 5183 1867 5240 eim.
