<?xml version="1.0" encoding="UTF-8"?>
<!DOCTYPE html PUBLIC "-//W3C//DTD XHTML 1.0 Transitional//EN"
    "http://www.w3.org/TR/xhtml1/DTD/xhtml1-transitional.dtd">
<html xmlns="http://www.w3.org/1999/xhtml" xml:lang="en" lang="en">
 <head>
  <title>
</title>
<meta http-equiv="Content-Type" content="text/html;charset=utf-8" />
  <meta name='ocr-system' content='tesseract 3.04.00' />
  <meta name='ocr-capabilities' content='ocr_page ocr_carea ocr_par ocr_line ocrx_word'/>
</head>
<body>
  <div class='ocr_page' id='page_1' title='image "./ioanniscalvinio01reusgoog_0288.png"; bbox 0 0 4620 5828; ppageno 0'>
   <div class='ocr_carea' id='block_1_1' title="bbox 202 205 2207 280">
    <p class='ocr_par' dir='ltr' id='par_1_1' title="bbox 202 205 2207 280">
     <span class='ocr_line' id='line_1_1' title="bbox 202 205 2207 280; baseline -0.002 0"><span class='ocrx_word' id='word_1_1' title='bbox 202 217 266 280; x_wconf 75' lang='lat'>4⁷5</span> <span class='ocrx_word' id='word_1_2' title='bbox 896 205 961 273; x_wconf 78' lang='lat' dir='ltr'>Du</span> <span class='ocrx_word' id='word_1_3' title='bbox 984 206 1113 275; x_wconf 81' lang='lat' dir='ltr'><strong>VERA</strong></span> <span class='ocrx_word' id='word_1_4' title='bbox 1133 205 1525 276; x_wconf 72' lang='lat' dir='ltr'>Pfflulcffsulouu</span> <span class='ocrx_word' id='word_1_5' title='bbox 2143 212 2207 276; x_wconf 75' lang='lat'>4⁷6</span> 
     </span>
    </p>
   </div>
   <div class='ocr_carea' id='block_1_2' title="bbox 154 394 2310 4934">
    <p class='ocr_par' dir='ltr' id='par_1_2' title="bbox 154 394 2310 3993">
     <span class='ocr_line' id='line_1_2' title="bbox 290 394 2209 482; baseline -0.001 -18"><span class='ocrx_word' id='word_1_6' title='bbox 290 401 399 482; x_wconf 83' lang='lat' dir='ltr'>Atque</span> <span class='ocrx_word' id='word_1_7' title='bbox 433 419 474 462; x_wconf 84' lang='lat' dir='ltr'>ex</span> <span class='ocrx_word' id='word_1_8' title='bbox 510 397 570 462; x_wconf 90' lang='lat' dir='ltr'>hoc</span> <span class='ocrx_word' id='word_1_9' title='bbox 599 394 788 480; x_wconf 80' lang='lat' dir='ltr'>syllogismo</span> <span class='ocrx_word' id='word_1_10' title='bbox 815 401 1003 479; x_wconf 85' lang='lat' dir='ltr'>cognoscat,</span> <span class='ocrx_word' id='word_1_11' title='bbox 1027 396 1126 461; x_wconf 90' lang='lat' dir='ltr'>etiam</span> <span class='ocrx_word' id='word_1_12' title='bbox 1153 396 1182 461; x_wconf 93' lang='lat' dir='ltr'>si</span> <span class='ocrx_word' id='word_1_13' title='bbox 1232 394 1446 462; x_wconf 85' lang='lat' dir='ltr'>nihilominus</span> <span class='ocrx_word' id='word_1_14' title='bbox 1473 415 1612 478; x_wconf 89' lang='lat' dir='ltr'>persona</span> <span class='ocrx_word' id='word_1_15' title='bbox 1631 395 1759 462; x_wconf 88' lang='lat' dir='ltr'>Christi</span> <span class='ocrx_word' id='word_1_16' title='bbox 1786 395 1830 460; x_wconf 92' lang='lat' dir='ltr'>sit</span> <span class='ocrx_word' id='word_1_17' title='bbox 1856 395 1993 480; x_wconf 89' lang='lat' dir='ltr'>ubique,</span> <span class='ocrx_word' id='word_1_18' title='bbox 2022 402 2056 460; x_wconf 93' lang='lat' dir='ltr'>et</span> <span class='ocrx_word' id='word_1_19' title='bbox 2077 395 2209 481; x_wconf 86' lang='lat' dir='ltr'>aequali</span> 
     </span>
     <span class='ocr_line' id='line_1_3' title="bbox 204 479 2207 566; baseline -0.002 -14"><span class='ocrx_word' id='word_1_20' title='bbox 204 486 296 553; x_wconf 89' lang='lat' dir='ltr'>nulla</span> <span class='ocrx_word' id='word_1_21' title='bbox 317 486 361 549; x_wconf 94' lang='lat' dir='ltr'>sit</span> <span class='ocrx_word' id='word_1_22' title='bbox 382 485 416 547; x_wconf 92' lang='lat' dir='ltr'>in</span> <span class='ocrx_word' id='word_1_23' title='bbox 438 480 559 547; x_wconf 91' lang='lat' dir='ltr'>mundo</span> <span class='ocrx_word' id='word_1_24' title='bbox 581 479 707 564; x_wconf 91' lang='lat' dir='ltr'>philoso</span> <span class='ocrx_word' id='word_1_25' title='bbox 733 481 803 560; x_wconf 89' lang='lat' dir='ltr'>hia,</span> <span class='ocrx_word' id='word_1_26' title='bbox 826 502 861 545; x_wconf 92' lang='lat' dir='ltr'>se</span> <span class='ocrx_word' id='word_1_27' title='bbox 883 489 993 546; x_wconf 87' lang='lat' dir='ltr'>tamen</span> <span class='ocrx_word' id='word_1_28' title='bbox 1026 501 1097 547; x_wconf 87' lang='lat' dir='ltr'>esse</span> <span class='ocrx_word' id='word_1_29' title='bbox 1120 482 1183 545; x_wconf 92' lang='lat' dir='ltr'>im·</span> <span class='ocrx_word' id='word_1_30' title='bbox 1233 502 1309 549; x_wconf 88' lang='lat' dir='ltr'>curn</span> <span class='ocrx_word' id='word_1_31' title='bbox 1337 490 1430 565; x_wconf 89' lang='lat' dir='ltr'>patre</span> <span class='ocrx_word' id='word_1_32' title='bbox 1457 483 1607 565; x_wconf 90' lang='lat' dir='ltr'>potentia</span> <span class='ocrx_word' id='word_1_33' title='bbox 1632 489 1733 566; x_wconf 89' lang='lat' dir='ltr'>regat.</span> <span class='ocrx_word' id='word_1_34' title='bbox 1782 481 1854 547; x_wconf 94' lang='lat' dir='ltr'>Imo</span> <span class='ocrx_word' id='word_1_35' title='bbox 1881 483 1975 548; x_wconf 92' lang='lat' dir='ltr'>novit</span> <span class='ocrx_word' id='word_1_36' title='bbox 2001 488 2090 548; x_wconf 89' lang='lat' dir='ltr'>totus</span> <span class='ocrx_word' id='word_1_37' title='bbox 2117 482 2207 549; x_wconf 88' lang='lat' dir='ltr'>orbis</span> 
     </span>
     <span class='ocr_line' id='line_1_4' title="bbox 154 503 2207 660; baseline -0.001 -23"><span class='ocrx_word' id='word_1_38' title='bbox 154 639 161 660; x_wconf 57' lang='grc'><em>,</em></span> <span class='ocrx_word' id='word_1_39' title='bbox 203 591 322 657; x_wconf 87' lang='lat' dir='ltr'>puram</span> <span class='ocrx_word' id='word_1_40' title='bbox 342 575 415 649; x_wconf 69' lang='lat' dir='ltr'>[pag</span> <span class='ocrx_word' id='word_1_41' title='bbox 436 573 489 648; x_wconf 78' lang='lat'>24]</span> <span class='ocrx_word' id='word_1_42' title='bbox 512 567 657 632; x_wconf 88' lang='lat' dir='ltr'>bestiam.</span> <span class='ocrx_word' id='word_1_43' title='bbox 702 503 770 632; x_wconf 64' lang='lat' dir='ltr'>ded</span> <span class='ocrx_word' id='word_1_44' title='bbox 799 566 902 632; x_wconf 94' lang='lat' dir='ltr'>voluit</span> <span class='ocrx_word' id='word_1_45' title='bbox 928 567 1084 632; x_wconf 87' lang='lat' dir='ltr'>nimirum</span> <span class='ocrx_word' id='word_1_46' title='bbox 1121 565 1182 631; x_wconf 86' lang='lat' dir='ltr'>hae</span> <span class='ocrx_word' id='word_1_47' title='bbox 1233 587 1330 650; x_wconf 90' lang='lat' dir='ltr'>quam</span> <span class='ocrx_word' id='word_1_48' title='bbox 1365 567 1547 650; x_wconf 90' lang='lat' dir='ltr'>impetuose</span> <span class='ocrx_word' id='word_1_49' title='bbox 1579 589 1632 633; x_wconf 91' lang='lat' dir='ltr'>me</span> <span class='ocrx_word' id='word_1_50' title='bbox 1660 567 1813 633; x_wconf 79' lang='lat' dir='ltr'>vexarint</span> <span class='ocrx_word' id='word_1_51' title='bbox 1840 588 1953 633; x_wconf 87' lang='lat' dir='ltr'>omnes</span> <span class='ocrx_word' id='word_1_52' title='bbox 1981 568 2051 640; x_wconf 87' lang='lat' dir='ltr'>eius</span> <span class='ocrx_word' id='word_1_53' title='bbox 2078 566 2207 634; x_wconf 88' lang='lat' dir='ltr'>sodales</span> 
     </span>
     <span class='ocr_line' id='line_1_5' title="bbox 204 651 2208 754; baseline -0.002 -32"><span class='ocrx_word' id='word_1_54' title='bbox 204 657 389 741; x_wconf 89' lang='lat' dir='ltr'>promiscua</span> <span class='ocrx_word' id='word_1_55' title='bbox 406 653 613 718; x_wconf 79' lang='lat' dir='ltr'>damnatione</span> <span class='ocrx_word' id='word_1_56' title='bbox 634 652 771 718; x_wconf 89' lang='lat' dir='ltr'>rationis</span> <span class='ocrx_word' id='word_1_57' title='bbox 788 651 954 718; x_wconf 80' lang='lat' dir='ltr'>licentiam</span> <span class='ocrx_word' id='word_1_58' title='bbox 982 653 1017 717; x_wconf 91' lang='lat' dir='ltr'>in</span> <span class='ocrx_word' id='word_1_59' title='bbox 1037 653 1182 718; x_wconf 67' lang='lat' dir='ltr'>crebre</span> <span class='ocrx_word' id='word_1_60' title='bbox 1233 662 1365 736; x_wconf 89' lang='lat' dir='ltr'>propter</span> <span class='ocrx_word' id='word_1_61' title='bbox 1397 651 1496 720; x_wconf 90' lang='lat' dir='ltr'>huius</span> <span class='ocrx_word' id='word_1_62' title='bbox 1535 651 1702 720; x_wconf 90' lang='lat' dir='ltr'>doctrinae</span> <span class='ocrx_word' id='word_1_63' title='bbox 1741 652 1971 720; x_wconf 81' lang='lat' dir='ltr'>defensionem</span> <span class='ocrx_word' id='word_1_64' title='bbox 2025 655 2136 754; x_wconf 80' lang='lat' dir='ltr'>Atque</span> <span class='ocrx_word' id='word_1_65' title='bbox 2170 659 2208 720; x_wconf 92' lang='lat' dir='ltr'>ut</span> 
     </span>
     <span class='ocr_line' id='line_1_6' title="bbox 205 735 2208 826; baseline -0.003 -15"><span class='ocrx_word' id='word_1_66' title='bbox 205 745 267 812; x_wconf 89' lang='lat' dir='ltr'>sibi</span> <span class='ocrx_word' id='word_1_67' title='bbox 287 742 462 826; x_wconf 88' lang='lat' dir='ltr'>acquirere,</span> <span class='ocrx_word' id='word_1_68' title='bbox 485 744 522 802; x_wconf 92' lang='lat' dir='ltr'>ut</span> <span class='ocrx_word' id='word_1_69' title='bbox 540 735 620 803; x_wconf 89' lang='lat' dir='ltr'>haec</span> <span class='ocrx_word' id='word_1_70' title='bbox 642 737 870 820; x_wconf 81' lang='lat' dir='ltr'>consequentia</span> <span class='ocrx_word' id='word_1_71' title='bbox 899 736 1035 803; x_wconf 91' lang='lat' dir='ltr'>valeret:</span> <span class='ocrx_word' id='word_1_72' title='bbox 1070 736 1181 818; x_wconf 84' lang='lat' dir='ltr'>Quum</span> <span class='ocrx_word' id='word_1_73' title='bbox 1236 737 1396 805; x_wconf 89' lang='lat' dir='ltr'>crassiore</span> <span class='ocrx_word' id='word_1_74' title='bbox 1423 739 1577 821; x_wconf 85' lang='lat' dir='ltr'>Minerva</span> <span class='ocrx_word' id='word_1_75' title='bbox 1609 737 1671 805; x_wconf 91' lang='lat' dir='ltr'>hoo</span> <span class='ocrx_word' id='word_1_76' title='bbox 1700 738 1934 822; x_wconf 85' lang='lat' dir='ltr'>exprimerem,</span> <span class='ocrx_word' id='word_1_77' title='bbox 1969 737 2065 804; x_wconf 51' lang='lat' dir='ltr'>trito*</span> <span class='ocrx_word' id='word_1_78' title='bbox 2083 738 2141 805; x_wconf 83' lang='lat' dir='ltr'>illo</span> <span class='ocrx_word' id='word_1_79' title='bbox 2171 739 2208 804; x_wconf 92' lang='lat' dir='ltr'>in</span> 
     </span>
     <span class='ocr_line' id='line_1_7' title="bbox 205 823 2207 908; baseline -0.002 -13"><span class='ocrx_word' id='word_1_80' title='bbox 205 830 327 896; x_wconf 90' lang='lat' dir='ltr'>mentio</span> <span class='ocrx_word' id='word_1_81' title='bbox 349 829 387 892; x_wconf 86' lang='lat' dir='ltr'>fit</span> <span class='ocrx_word' id='word_1_82' title='bbox 406 823 625 892; x_wconf 86' lang='lat' dir='ltr'>crucifixionis</span> <span class='ocrx_word' id='word_1_83' title='bbox 648 835 682 886; x_wconf 91' lang='lat' dir='ltr'>et</span> <span class='ocrx_word' id='word_1_84' title='bbox 702 823 934 890; x_wconf 88' lang='lat' dir='ltr'>beneficiorum</span> <span class='ocrx_word' id='word_1_85' title='bbox 955 845 1039 908; x_wconf 89' lang='lat' dir='ltr'>quoe</span> <span class='ocrx_word' id='word_1_86' title='bbox 1066 825 1180 889; x_wconf 88' lang='lat' dir='ltr'>vivum</span> <span class='ocrx_word' id='word_1_87' title='bbox 1232 824 1352 890; x_wconf 90' lang='lat' dir='ltr'>scholis</span> <span class='ocrx_word' id='word_1_88' title='bbox 1373 823 1459 890; x_wconf 87' lang='lat' dir='ltr'>dioto</span> <span class='ocrx_word' id='word_1_89' title='bbox 1479 845 1558 890; x_wconf 91' lang='lat' dir='ltr'>usus</span> <span class='ocrx_word' id='word_1_90' title='bbox 1576 845 1663 890; x_wconf 92' lang='lat' dir='ltr'>sum:</span> <span class='ocrx_word' id='word_1_91' title='bbox 1688 823 1783 906; x_wconf 74' lang='lat' dir='ltr'>Quod</span> <span class='ocrx_word' id='word_1_92' title='bbox 1801 832 1889 890; x_wconf 90' lang='lat' dir='ltr'>totus</span> <span class='ocrx_word' id='word_1_93' title='bbox 1900 823 2055 890; x_wconf 90' lang='lat' dir='ltr'>Christus</span> <span class='ocrx_word' id='word_1_94' title='bbox 2072 825 2116 890; x_wconf 91' lang='lat' dir='ltr'>sit</span> <span class='ocrx_word' id='word_1_95' title='bbox 2134 825 2207 891; x_wconf 90' lang='lat' dir='ltr'>nbi·</span> 
     </span>
     <span class='ocr_line' id='line_1_8' title="bbox 205 908 2208 996; baseline -0.003 -13"><span class='ocrx_word' id='word_1_96' title='bbox 205 928 240 983; x_wconf 91' lang='lat' dir='ltr'>et</span> <span class='ocrx_word' id='word_1_97' title='bbox 260 911 474 981; x_wconf 80' lang='lat' dir='ltr'>substantiale</span> <span class='ocrx_word' id='word_1_98' title='bbox 495 930 611 992; x_wconf 87' lang='lat' dir='ltr'>corpus</span> <span class='ocrx_word' id='word_1_99' title='bbox 622 908 747 975; x_wconf 92' lang='lat' dir='ltr'>Christi</span> <span class='ocrx_word' id='word_1_100' title='bbox 767 911 939 992; x_wconf 89' lang='lat' dir='ltr'>praestitit,</span> <span class='ocrx_word' id='word_1_101' title='bbox 958 909 1180 995; x_wconf 83' lang='lat' dir='ltr'>symbolicum,</span> <span class='ocrx_word' id='word_1_102' title='bbox 1233 930 1305 993; x_wconf 90' lang='lat' dir='ltr'>que,</span> <span class='ocrx_word' id='word_1_103' title='bbox 1329 909 1386 975; x_wconf 90' lang='lat' dir='ltr'>sed</span> <span class='ocrx_word' id='word_1_104' title='bbox 1408 931 1473 976; x_wconf 91' lang='lat' dir='ltr'>non</span> <span class='ocrx_word' id='word_1_105' title='bbox 1495 918 1616 990; x_wconf 88' lang='lat' dir='ltr'>totum;</span> <span class='ocrx_word' id='word_1_106' title='bbox 1631 909 1654 996; x_wconf 91' lang='lat'>¹)</span> <span class='ocrx_word' id='word_1_107' title='bbox 1687 930 1806 994; x_wconf 86' lang='lat' dir='ltr'>nempe</span> <span class='ocrx_word' id='word_1_108' title='bbox 1827 911 1904 994; x_wconf 91' lang='lat' dir='ltr'>quia</span> <span class='ocrx_word' id='word_1_109' title='bbox 1925 911 2053 995; x_wconf 81' lang='lat' dir='ltr'>integer</span> <span class='ocrx_word' id='word_1_110' title='bbox 2072 909 2110 975; x_wconf 91' lang='lat' dir='ltr'>in</span> <span class='ocrx_word' id='word_1_111' title='bbox 2130 931 2208 993; x_wconf 90' lang='lat' dir='ltr'>per·</span> 
     </span>
     <span class='ocr_line' id='line_1_9' title="bbox 206 995 2208 1089; baseline -0.004 -21"><span class='ocrx_word' id='word_1_112' title='bbox 206 1002 362 1089; x_wconf 79' lang='lat' dir='ltr'>typicum,</span> <span class='ocrx_word' id='word_1_113' title='bbox 387 997 440 1063; x_wconf 92' lang='lat' dir='ltr'>vel</span> <span class='ocrx_word' id='word_1_114' title='bbox 469 995 678 1079; x_wconf 87' lang='lat' dir='ltr'>allegoricum</span> <span class='ocrx_word' id='word_1_115' title='bbox 705 1016 821 1079; x_wconf 89' lang='lat' dir='ltr'>corpus</span> <span class='ocrx_word' id='word_1_116' title='bbox 848 995 988 1079; x_wconf 82' lang='lat' dir='ltr'>intelligi</span> <span class='ocrx_word' id='word_1_117' title='bbox 1020 1016 1087 1060; x_wconf 91' lang='lat' dir='ltr'>non</span> <span class='ocrx_word' id='word_1_118' title='bbox 1110 1003 1181 1078; x_wconf 75' lang='lat' dir='ltr'>pot</span> <span class='ocrx_word' id='word_1_119' title='bbox 1233 1015 1313 1062; x_wconf 89' lang='lat' dir='ltr'>sona</span> <span class='ocrx_word' id='word_1_120' title='bbox 1344 995 1532 1061; x_wconf 89' lang='lat' dir='ltr'>mediatoris</span> <span class='ocrx_word' id='word_1_121' title='bbox 1569 995 1696 1062; x_wconf 90' lang='lat' dir='ltr'>coelum</span> <span class='ocrx_word' id='word_1_122' title='bbox 1725 1003 1759 1061; x_wconf 90' lang='lat' dir='ltr'>et</span> <span class='ocrx_word' id='word_1_123' title='bbox 1793 1007 1914 1062; x_wconf 89' lang='lat' dir='ltr'>terram</span> <span class='ocrx_word' id='word_1_124' title='bbox 1945 995 2093 1078; x_wconf 89' lang='lat' dir='ltr'>impleat:</span> <span class='ocrx_word' id='word_1_125' title='bbox 2129 995 2208 1062; x_wconf 92' lang='lat' dir='ltr'>licet</span> 
     </span>
     <span class='ocr_line' id='line_1_10' title="bbox 207 1071 2207 1169; baseline -0.004 -15"><span class='ocrx_word' id='word_1_126' title='bbox 207 1097 266 1155; x_wconf 89' lang='lat' dir='ltr'>est</span> <span class='ocrx_word' id='word_1_127' title='bbox 310 1086 400 1169; x_wconf 77' lang='lat' dir='ltr'>Ergo</span> <span class='ocrx_word' id='word_1_128' title='bbox 429 1082 530 1148; x_wconf 90' lang='lat' dir='ltr'>verba</span> <span class='ocrx_word' id='word_1_129' title='bbox 551 1079 695 1146; x_wconf 88' lang='lat' dir='ltr'>Christi:</span> <span class='ocrx_word' id='word_1_130' title='bbox 718 1071 792 1146; x_wconf 84' lang='lat' dir='ltr'>Hoc</span> <span class='ocrx_word' id='word_1_131' title='bbox 826 1087 877 1147; x_wconf 93' lang='lat' dir='ltr'>est</span> <span class='ocrx_word' id='word_1_132' title='bbox 907 1102 1023 1164; x_wconf 89' lang='lat' dir='ltr'>corpus</span> <span class='ocrx_word' id='word_1_133' title='bbox 1052 1092 1179 1146; x_wconf 84' lang='lat' dir='ltr'>meum:</span> <span class='ocrx_word' id='word_1_134' title='bbox 1233 1102 1332 1147; x_wconf 89' lang='lat' dir='ltr'>carne</span> <span class='ocrx_word' id='word_1_135' title='bbox 1353 1081 1453 1146; x_wconf 91' lang='lat' dir='ltr'>sitin</span> <span class='ocrx_word' id='word_1_136' title='bbox 1475 1081 1579 1160; x_wconf 91' lang='lat' dir='ltr'>coelo,</span> <span class='ocrx_word' id='word_1_137' title='bbox 1608 1081 1662 1146; x_wconf 92' lang='lat' dir='ltr'>ubi</span> <span class='ocrx_word' id='word_1_138' title='bbox 1697 1081 1861 1147; x_wconf 89' lang='lat' dir='ltr'>humanae</span> <span class='ocrx_word' id='word_1_139' title='bbox 1889 1101 1967 1147; x_wconf 91' lang='lat' dir='ltr'>suae</span> <span class='ocrx_word' id='word_1_140' title='bbox 1987 1090 2126 1147; x_wconf 89' lang='lat' dir='ltr'>naturae</span> <span class='ocrx_word' id='word_1_141' title='bbox 2148 1081 2207 1147; x_wconf 92' lang='lat' dir='ltr'>do-</span> 
     </span>
     <span class='ocr_line' id='line_1_11' title="bbox 207 1164 2208 1252; baseline -0.004 -12"><span class='ocrx_word' id='word_1_142' title='bbox 207 1174 272 1240; x_wconf 90' lang='lat' dir='ltr'>Hie</span> <span class='ocrx_word' id='word_1_143' title='bbox 294 1178 344 1237; x_wconf 92' lang='lat' dir='ltr'>est</span> <span class='ocrx_word' id='word_1_144' title='bbox 365 1169 498 1252; x_wconf 89' lang='lat' dir='ltr'>sanguis</span> <span class='ocrx_word' id='word_1_145' title='bbox 520 1187 622 1241; x_wconf 86' lang='lat' dir='ltr'>meus,</span> <span class='ocrx_word' id='word_1_146' title='bbox 645 1187 712 1230; x_wconf 93' lang='lat' dir='ltr'>non</span> <span class='ocrx_word' id='word_1_147' title='bbox 738 1166 915 1250; x_wconf 88' lang='lat' dir='ltr'>symbolice</span> <span class='ocrx_word' id='word_1_148' title='bbox 938 1189 999 1233; x_wconf 92' lang='lat' dir='ltr'>neo</span> <span class='ocrx_word' id='word_1_149' title='bbox 1031 1178 1181 1250; x_wconf 81' lang='lat' dir='ltr'>metony-</span> <span class='ocrx_word' id='word_1_150' title='bbox 1232 1165 1391 1233; x_wconf 91' lang='lat' dir='ltr'>micilium</span> <span class='ocrx_word' id='word_1_151' title='bbox 1412 1166 1520 1251; x_wconf 89' lang='lat' dir='ltr'>elegit,</span> <span class='ocrx_word' id='word_1_152' title='bbox 1543 1166 1644 1232; x_wconf 88' lang='lat' dir='ltr'>donee</span> <span class='ocrx_word' id='word_1_153' title='bbox 1671 1167 1708 1232; x_wconf 88' lang='lat' dir='ltr'>in</span> <span class='ocrx_word' id='word_1_154' title='bbox 1730 1166 1888 1233; x_wconf 89' lang='lat' dir='ltr'>iudicium</span> <span class='ocrx_word' id='word_1_155' title='bbox 1907 1188 1948 1250; x_wconf 88' lang='lat' dir='ltr'>ap</span> <span class='ocrx_word' id='word_1_156' title='bbox 1972 1176 2071 1232; x_wconf 89' lang='lat' dir='ltr'>areat</span> <span class='ocrx_word' id='word_1_157' title='bbox 2116 1164 2208 1248; x_wconf 80' lang='lat' dir='ltr'>Quid</span> 
     </span>
     <span class='ocr_line' id='line_1_12' title="bbox 207 1250 2207 1337; baseline -0.005 -11"><span class='ocrx_word' id='word_1_158' title='bbox 207 1259 300 1337; x_wconf 89' lang='lat' dir='ltr'>mica,</span> <span class='ocrx_word' id='word_1_159' title='bbox 325 1254 381 1323; x_wconf 91' lang='lat' dir='ltr'>sed</span> <span class='ocrx_word' id='word_1_160' title='bbox 413 1251 672 1320; x_wconf 87' lang='lat' dir='ltr'>substantialiter</span> <span class='ocrx_word' id='word_1_161' title='bbox 697 1250 912 1336; x_wconf 84' lang='lat' dir='ltr'>intelligenda</span> <span class='ocrx_word' id='word_1_162' title='bbox 937 1261 1023 1319; x_wconf 89' lang='lat' dir='ltr'>sunt.</span> <span class='ocrx_word' id='word_1_163' title='bbox 1079 1250 1182 1333; x_wconf 74' lang='lat' dir='ltr'>Quasi</span> <span class='ocrx_word' id='word_1_164' title='bbox 1232 1251 1335 1335; x_wconf 90' lang='lat' dir='ltr'>igitur</span> <span class='ocrx_word' id='word_1_165' title='bbox 1356 1251 1463 1317; x_wconf 89' lang='lat' dir='ltr'>obstat</span> <span class='ocrx_word' id='word_1_166' title='bbox 1484 1254 1657 1336; x_wconf 90' lang='lat' dir='ltr'>quominus</span> <span class='ocrx_word' id='word_1_167' title='bbox 1684 1252 1742 1318; x_wconf 90' lang='lat' dir='ltr'>illo</span> <span class='ocrx_word' id='word_1_168' title='bbox 1769 1253 1912 1319; x_wconf 88' lang='lat' dir='ltr'>evidenti</span> <span class='ocrx_word' id='word_1_169' title='bbox 1963 1251 2127 1318; x_wconf 83' lang='lat' dir='ltr'>&#39;acrimine</span> <span class='ocrx_word' id='word_1_170' title='bbox 2149 1274 2207 1336; x_wconf 92' lang='lat' dir='ltr'>po-</span> 
     </span>
     <span class='ocr_line' id='line_1_13' title="bbox 207 1336 2207 1422; baseline -0.004 -10"><span class='ocrx_word' id='word_1_171' title='bbox 207 1366 287 1412; x_wconf 90' lang='lat' dir='ltr'>vero</span> <span class='ocrx_word' id='word_1_172' title='bbox 308 1365 373 1408; x_wconf 91' lang='lat' dir='ltr'>non</span> <span class='ocrx_word' id='word_1_173' title='bbox 395 1340 530 1404; x_wconf 89' lang='lat' dir='ltr'>videant</span> <span class='ocrx_word' id='word_1_174' title='bbox 550 1337 752 1402; x_wconf 84' lang='lat' dir='ltr'>elementarii</span> <span class='ocrx_word' id='word_1_175' title='bbox 774 1358 900 1422; x_wconf 91' lang='lat' dir='ltr'>quoque</span> <span class='ocrx_word' id='word_1_176' title='bbox 921 1339 1023 1421; x_wconf 88' lang='lat' dir='ltr'>pueri,</span> <span class='ocrx_word' id='word_1_177' title='bbox 1041 1336 1182 1422; x_wconf 80' lang='lat' dir='ltr'>symboli</span> <span class='ocrx_word' id='word_1_178' title='bbox 1234 1339 1310 1415; x_wconf 90' lang='lat' dir='ltr'>sito,</span> <span class='ocrx_word' id='word_1_179' title='bbox 1345 1339 1433 1402; x_wconf 91' lang='lat' dir='ltr'>inter</span> <span class='ocrx_word' id='word_1_180' title='bbox 1462 1360 1521 1404; x_wconf 90' lang='lat' dir='ltr'>nos</span> <span class='ocrx_word' id='word_1_181' title='bbox 1548 1338 1809 1409; x_wconf 74' lang='lat' dir='ltr'>consentiamus?</span> <span class='ocrx_word' id='word_1_182' title='bbox 1859 1339 1986 1422; x_wconf 87' lang='lat' dir='ltr'>Nempe</span> <span class='ocrx_word' id='word_1_183' title='bbox 2014 1336 2101 1422; x_wconf 92' lang='lat' dir='ltr'>quod</span> <span class='ocrx_word' id='word_1_184' title='bbox 2128 1359 2207 1404; x_wconf 86' lang='lat' dir='ltr'>mox</span> 
     </span>
     <span class='ocr_line' id='line_1_14' title="bbox 208 1421 2206 1509; baseline -0.005 -12"><span class='ocrx_word' id='word_1_185' title='bbox 208 1451 328 1497; x_wconf 91' lang='lat' dir='ltr'>nomen</span> <span class='ocrx_word' id='word_1_186' title='bbox 349 1426 391 1492; x_wconf 91' lang='lat' dir='ltr'>ad</span> <span class='ocrx_word' id='word_1_187' title='bbox 412 1445 529 1509; x_wconf 89' lang='lat' dir='ltr'>panem</span> <span class='ocrx_word' id='word_1_188' title='bbox 551 1423 675 1500; x_wconf 85' lang='lat' dir='ltr'>referri,</span> <span class='ocrx_word' id='word_1_189' title='bbox 703 1445 771 1488; x_wconf 91' lang='lat' dir='ltr'>non</span> <span class='ocrx_word' id='word_1_190' title='bbox 795 1421 837 1488; x_wconf 90' lang='lat' dir='ltr'>ad</span> <span class='ocrx_word' id='word_1_191' title='bbox 864 1445 995 1507; x_wconf 82' lang='lat' dir='ltr'>eorpus:</span> <span class='ocrx_word' id='word_1_192' title='bbox 1028 1430 1181 1506; x_wconf 85' lang='lat' dir='ltr'>metony·</span> <span class='ocrx_word' id='word_1_193' title='bbox 1233 1425 1393 1506; x_wconf 86' lang='lat' dir='ltr'>pervertit</span> <span class='ocrx_word' id='word_1_194' title='bbox 1414 1424 1602 1490; x_wconf 91' lang='lat' dir='ltr'>Heshusius</span> <span class='ocrx_word' id='word_1_195' title='bbox 1622 1424 1708 1508; x_wconf 91' lang='lat' dir='ltr'>quod</span> <span class='ocrx_word' id='word_1_196' title='bbox 1730 1424 1872 1503; x_wconf 87' lang='lat' dir='ltr'>dixerat,</span> <span class='ocrx_word' id='word_1_197' title='bbox 1900 1444 1966 1489; x_wconf 93' lang='lat' dir='ltr'>non</span> <span class='ocrx_word' id='word_1_198' title='bbox 1992 1422 2124 1489; x_wconf 89' lang='lat' dir='ltr'>excludi</span> <span class='ocrx_word' id='word_1_199' title='bbox 2145 1443 2206 1488; x_wconf 85' lang='lat' dir='ltr'>na-</span> 
     </span>
     <span class='ocr_line' id='line_1_15' title="bbox 207 1508 2205 1593; baseline -0.004 -11"><span class='ocrx_word' id='word_1_200' title='bbox 207 1518 308 1582; x_wconf 89' lang='lat' dir='ltr'>miam</span> <span class='ocrx_word' id='word_1_201' title='bbox 327 1535 391 1579; x_wconf 92' lang='lat' dir='ltr'>non</span> <span class='ocrx_word' id='word_1_202' title='bbox 413 1532 484 1576; x_wconf 88' lang='lat' dir='ltr'>esse</span> <span class='ocrx_word' id='word_1_203' title='bbox 504 1511 540 1574; x_wconf 92' lang='lat' dir='ltr'>in</span> <span class='ocrx_word' id='word_1_204' title='bbox 569 1509 753 1574; x_wconf 87' lang='lat' dir='ltr'>substantia</span> <span class='ocrx_word' id='word_1_205' title='bbox 775 1510 928 1593; x_wconf 89' lang='lat' dir='ltr'>corporis,</span> <span class='ocrx_word' id='word_1_206' title='bbox 958 1508 1073 1574; x_wconf 89' lang='lat' dir='ltr'>sedin</span> <span class='ocrx_word' id='word_1_207' title='bbox 1107 1530 1181 1574; x_wconf 87' lang='lat' dir='ltr'>ver·</span> <span class='ocrx_word' id='word_1_208' title='bbox 1233 1515 1342 1574; x_wconf 88' lang='lat' dir='ltr'>turam</span> <span class='ocrx_word' id='word_1_209' title='bbox 1371 1510 1566 1587; x_wconf 91' lang='lat' dir='ltr'>humanam,</span> <span class='ocrx_word' id='word_1_210' title='bbox 1600 1509 1678 1575; x_wconf 91' lang='lat' dir='ltr'>dum</span> <span class='ocrx_word' id='word_1_211' title='bbox 1705 1510 1858 1576; x_wconf 86' lang='lat' dir='ltr'>Christus</span> <span class='ocrx_word' id='word_1_212' title='bbox 1885 1530 1921 1576; x_wconf 89' lang='lat' dir='ltr'>se</span> <span class='ocrx_word' id='word_1_213' title='bbox 1949 1509 1984 1574; x_wconf 92' lang='lat' dir='ltr'>in</span> <span class='ocrx_word' id='word_1_214' title='bbox 2013 1510 2111 1576; x_wconf 89' lang='lat' dir='ltr'>terris</span> <span class='ocrx_word' id='word_1_215' title='bbox 2136 1510 2205 1575; x_wconf 89' lang='lat' dir='ltr'>fore</span> 
     </span>
     <span class='ocr_line' id='line_1_16' title="bbox 208 1593 2205 1680; baseline -0.005 -12"><span class='ocrx_word' id='word_1_216' title='bbox 208 1601 323 1668; x_wconf 88' lang='lat' dir='ltr'>borum</span> <span class='ocrx_word' id='word_1_217' title='bbox 351 1603 515 1665; x_wconf 84' lang='lat' dir='ltr'>contextu.</span> <span class='ocrx_word' id='word_1_218' title='bbox 570 1595 616 1659; x_wconf 79' lang='lat' dir='ltr'>lit</span> <span class='ocrx_word' id='word_1_219' title='bbox 647 1604 759 1660; x_wconf 90' lang='lat' dir='ltr'>tamen</span> <span class='ocrx_word' id='word_1_220' title='bbox 793 1595 846 1661; x_wconf 94' lang='lat' dir='ltr'>hic</span> <span class='ocrx_word' id='word_1_221' title='bbox 884 1603 1041 1678; x_wconf 87' lang='lat' dir='ltr'>tanquam</span> <span class='ocrx_word' id='word_1_222' title='bbox 1077 1595 1182 1660; x_wconf 89' lang='lat' dir='ltr'>victor</span> <span class='ocrx_word' id='word_1_223' title='bbox 1233 1595 1402 1678; x_wconf 89' lang='lat' dir='ltr'>promittit.</span> <span class='ocrx_word' id='word_1_224' title='bbox 1441 1596 1487 1659; x_wconf 82' lang='lat' dir='ltr'>Et</span> <span class='ocrx_word' id='word_1_225' title='bbox 1507 1595 1605 1678; x_wconf 92' lang='lat' dir='ltr'>paulo</span> <span class='ocrx_word' id='word_1_226' title='bbox 1625 1602 1713 1680; x_wconf 89' lang='lat' dir='ltr'>post:</span> <span class='ocrx_word' id='word_1_227' title='bbox 1736 1594 1907 1661; x_wconf 82' lang='lat' dir='ltr'>Christum</span> <span class='ocrx_word' id='word_1_228' title='bbox 1928 1595 2081 1662; x_wconf 87' lang='lat' dir='ltr'>ecclesiae</span> <span class='ocrx_word' id='word_1_229' title='bbox 2103 1595 2138 1661; x_wconf 91' lang='lat' dir='ltr'>in</span> <span class='ocrx_word' id='word_1_230' title='bbox 2156 1593 2205 1659; x_wconf 92' lang='lat' dir='ltr'>di·</span> 
     </span>
     <span class='ocr_line' id='line_1_17' title="bbox 208 1679 2206 1781; baseline -0.004 -28"><span class='ocrx_word' id='word_1_231' title='bbox 208 1686 389 1773; x_wconf 85' lang='lat' dir='ltr'>olympious</span> <span class='ocrx_word' id='word_1_232' title='bbox 410 1681 560 1748; x_wconf 81' lang='lat' dir='ltr'>exsultat</span> <span class='ocrx_word' id='word_1_233' title='bbox 600 1679 697 1745; x_wconf 91' lang='lat' dir='ltr'>Iubet</span> <span class='ocrx_word' id='word_1_234' title='bbox 717 1700 778 1780; x_wconf 82' lang='lat' dir='ltr'>nos</span> <span class='ocrx_word' id='word_1_235' title='bbox 798 1680 862 1746; x_wconf 94' lang='lat' dir='ltr'>huo</span> <span class='ocrx_word' id='word_1_236' title='bbox 884 1679 1053 1781; x_wconf 79' lang='lat' dir='ltr'>intendere</span> <span class='ocrx_word' id='word_1_237' title='bbox 1068 1701 1182 1745; x_wconf 90' lang='lat' dir='ltr'>omnes</span> <span class='ocrx_word' id='word_1_238' title='bbox 1234 1681 1336 1780; x_wconf 79' lang='lat' dir='ltr'>versis</span> <span class='ocrx_word' id='word_1_239' title='bbox 1358 1680 1438 1747; x_wconf 89' lang='lat' dir='ltr'>locis</span> <span class='ocrx_word' id='word_1_240' title='bbox 1461 1681 1626 1764; x_wconf 87' lang='lat' dir='ltr'>dispersae</span> <span class='ocrx_word' id='word_1_241' title='bbox 1653 1680 1782 1759; x_wconf 85' lang='lat' dir='ltr'>adesse,</span> <span class='ocrx_word' id='word_1_242' title='bbox 1811 1701 1879 1747; x_wconf 92' lang='lat' dir='ltr'>non</span> <span class='ocrx_word' id='word_1_243' title='bbox 1906 1681 2002 1746; x_wconf 90' lang='lat' dir='ltr'>modo</span> <span class='ocrx_word' id='word_1_244' title='bbox 2028 1680 2137 1763; x_wconf 86' lang='lat' dir='ltr'>quoad</span> <span class='ocrx_word' id='word_1_245' title='bbox 2158 1679 2206 1745; x_wconf 92' lang='lat' dir='ltr'>di·</span> 
     </span>
     <span class='ocr_line' id='line_1_18' title="bbox 206 1765 2205 1937; baseline -0.004 -12"><span class='ocrx_word' id='word_1_246' title='bbox 206 1791 445 1925; x_wconf 50' lang='lat' dir='ltr'>didisti?</span> <span class='ocrx_word' id='word_1_247' title='bbox 462 1765 1182 1936; x_wconf 55' lang='lat' dir='ltr'>,dttcttttffttftdttt</span> <span class='ocrx_word' id='word_1_248' title='bbox 1233 1766 2205 1937; x_wconf 45' lang='lat' dir='ltr'>ustauhtttistfdttlfructificabit</span> 
     </span>
     <span class='ocr_line' id='line_1_19' title="bbox 207 1935 2204 2025; baseline -0.004 -15"><span class='ocrx_word' id='word_1_249' title='bbox 207 1964 269 2010; x_wconf 92' lang='lat' dir='ltr'>nos</span> <span class='ocrx_word' id='word_1_250' title='bbox 290 1952 382 2025; x_wconf 89' lang='lat' dir='ltr'>terga</span> <span class='ocrx_word' id='word_1_251' title='bbox 403 1938 605 2020; x_wconf 72' lang='lat' dir='ltr'>derasoque</span> <span class='ocrx_word' id='word_1_252' title='bbox 627 1935 668 2001; x_wconf 85' lang='lat' dir='ltr'>ad</span> <span class='ocrx_word' id='word_1_253' title='bbox 690 1936 879 2002; x_wconf 89' lang='lat' dir='ltr'>instandum</span> <span class='ocrx_word' id='word_1_254' title='bbox 901 1936 1057 2016; x_wconf 91' lang='lat' dir='ltr'>stimulat,</span> <span class='ocrx_word' id='word_1_255' title='bbox 1074 1936 1181 2002; x_wconf 91' lang='lat' dir='ltr'>mani·</span> <span class='ocrx_word' id='word_1_256' title='bbox 1232 1957 1365 2002; x_wconf 86' lang='lat' dir='ltr'>manem</span> <span class='ocrx_word' id='word_1_257' title='bbox 1387 1945 1539 2003; x_wconf 89' lang='lat' dir='ltr'>naturam</span> <span class='ocrx_word' id='word_1_258' title='bbox 1562 1941 1595 2003; x_wconf 92' lang='lat' dir='ltr'>in</span> <span class='ocrx_word' id='word_1_259' title='bbox 1619 1937 1757 2004; x_wconf 91' lang='lat' dir='ltr'>diversis</span> <span class='ocrx_word' id='word_1_260' title='bbox 1784 1937 1866 2004; x_wconf 89' lang='lat' dir='ltr'>loeis</span> <span class='ocrx_word' id='word_1_261' title='bbox 1888 1939 2046 2003; x_wconf 87' lang='lat' dir='ltr'>exsistere</span> <span class='ocrx_word' id='word_1_262' title='bbox 2066 1937 2204 2003; x_wconf 91' lang='lat' dir='ltr'>ubicun-</span> 
     </span>
     <span class='ocr_line' id='line_1_20' title="bbox 207 2021 2204 2109; baseline -0.003 -14"><span class='ocrx_word' id='word_1_263' title='bbox 207 2030 290 2097; x_wconf 87' lang='lat' dir='ltr'>festa</span> <span class='ocrx_word' id='word_1_264' title='bbox 310 2028 346 2091; x_wconf 92' lang='lat' dir='ltr'>in</span> <span class='ocrx_word' id='word_1_265' title='bbox 378 2027 448 2090; x_wconf 92' lang='lat' dir='ltr'>eius</span> <span class='ocrx_word' id='word_1_266' title='bbox 475 2043 649 2108; x_wconf 90' lang='lat' dir='ltr'>progressu</span> <span class='ocrx_word' id='word_1_267' title='bbox 672 2024 889 2107; x_wconf 80' lang='lat' dir='ltr'>repugnantia</span> <span class='ocrx_word' id='word_1_268' title='bbox 916 2021 1180 2106; x_wconf 88' lang='lat' dir='ltr'>deprehenditur.</span> <span class='ocrx_word' id='word_1_269' title='bbox 1232 2043 1296 2106; x_wconf 91' lang='lat' dir='ltr'>que</span> <span class='ocrx_word' id='word_1_270' title='bbox 1317 2023 1398 2088; x_wconf 87' lang='lat' dir='ltr'>vult</span> <span class='ocrx_word' id='word_1_271' title='bbox 1442 2024 1489 2088; x_wconf 78' lang='lat' dir='ltr'>ut</span> <span class='ocrx_word' id='word_1_272' title='bbox 1509 2023 1682 2109; x_wconf 86' lang='lat' dir='ltr'>physicum</span> <span class='ocrx_word' id='word_1_273' title='bbox 1703 2024 1842 2103; x_wconf 89' lang='lat' dir='ltr'>axioma,</span> <span class='ocrx_word' id='word_1_274' title='bbox 1864 2022 1949 2107; x_wconf 91' lang='lat' dir='ltr'>quod</span> <span class='ocrx_word' id='word_1_275' title='bbox 1971 2022 2124 2106; x_wconf 89' lang='lat' dir='ltr'>appellat,</span> <span class='ocrx_word' id='word_1_276' title='bbox 2152 2044 2204 2089; x_wconf 89' lang='lat' dir='ltr'>as·</span> 
     </span>
     <span class='ocr_line' id='line_1_21' title="bbox 205 2107 2204 2193; baseline -0.004 -12"><span class='ocrx_word' id='word_1_277' title='bbox 205 2115 348 2181; x_wconf 80' lang='lat' dir='ltr'>Fatetur</span> <span class='ocrx_word' id='word_1_278' title='bbox 368 2111 457 2176; x_wconf 89' lang='lat' dir='ltr'>enim</span> <span class='ocrx_word' id='word_1_279' title='bbox 477 2130 536 2174; x_wconf 93' lang='lat' dir='ltr'>nos</span> <span class='ocrx_word' id='word_1_280' title='bbox 567 2108 750 2193; x_wconf 90' lang='lat' dir='ltr'>intelligere</span> <span class='ocrx_word' id='word_1_281' title='bbox 777 2110 918 2191; x_wconf 87' lang='lat' dir='ltr'>corporis</span> <span class='ocrx_word' id='word_1_282' title='bbox 946 2109 1073 2175; x_wconf 88' lang='lat' dir='ltr'>Christi</span> <span class='ocrx_word' id='word_1_283' title='bbox 1105 2110 1181 2175; x_wconf 91' lang='lat' dir='ltr'>sub·</span> <span class='ocrx_word' id='word_1_284' title='bbox 1232 2129 1309 2191; x_wconf 89' lang='lat' dir='ltr'>pere</span> <span class='ocrx_word' id='word_1_285' title='bbox 1326 2109 1445 2175; x_wconf 88' lang='lat' dir='ltr'>reiicit:</span> <span class='ocrx_word' id='word_1_286' title='bbox 1468 2107 1596 2192; x_wconf 92' lang='lat' dir='ltr'>Corpus</span> <span class='ocrx_word' id='word_1_287' title='bbox 1617 2110 1766 2174; x_wconf 88' lang='lat' dir='ltr'>nnumin</span> <span class='ocrx_word' id='word_1_288' title='bbox 1788 2107 1926 2177; x_wconf 89' lang='lat' dir='ltr'>diversis</span> <span class='ocrx_word' id='word_1_289' title='bbox 1946 2108 2026 2175; x_wconf 89' lang='lat' dir='ltr'>loeis</span> <span class='ocrx_word' id='word_1_290' title='bbox 2047 2130 2121 2175; x_wconf 90' lang='lat' dir='ltr'>esse</span> <span class='ocrx_word' id='word_1_291' title='bbox 2138 2129 2204 2174; x_wconf 94' lang='lat' dir='ltr'>non</span> 
     </span>
     <span class='ocr_line' id='line_1_22' title="bbox 206 2193 2204 2279; baseline -0.003 -14"><span class='ocrx_word' id='word_1_292' title='bbox 206 2199 361 2279; x_wconf 61' lang='lat' dir='ltr'>santiam</span> <span class='ocrx_word' id='word_1_293' title='bbox 383 2195 462 2274; x_wconf 87' lang='lat' dir='ltr'>dari,</span> <span class='ocrx_word' id='word_1_294' title='bbox 483 2216 584 2278; x_wconf 90' lang='lat' dir='ltr'>quum</span> <span class='ocrx_word' id='word_1_295' title='bbox 596 2194 750 2260; x_wconf 91' lang='lat' dir='ltr'>Christus</span> <span class='ocrx_word' id='word_1_296' title='bbox 767 2214 826 2277; x_wconf 91' lang='lat' dir='ltr'>per</span> <span class='ocrx_word' id='word_1_297' title='bbox 843 2194 942 2260; x_wconf 89' lang='lat' dir='ltr'>fidem</span> <span class='ocrx_word' id='word_1_298' title='bbox 962 2201 1051 2260; x_wconf 92' lang='lat' dir='ltr'>totus</span> <span class='ocrx_word' id='word_1_299' title='bbox 1070 2204 1182 2259; x_wconf 90' lang='lat' dir='ltr'>noster</span> <span class='ocrx_word' id='word_1_300' title='bbox 1232 2214 1335 2277; x_wconf 88' lang='lat' dir='ltr'>posse.</span> <span class='ocrx_word' id='word_1_301' title='bbox 1398 2193 1486 2275; x_wconf 77' lang='lat' dir='ltr'>Quid</span> <span class='ocrx_word' id='word_1_302' title='bbox 1520 2215 1608 2260; x_wconf 92' lang='lat' dir='ltr'>nunc</span> <span class='ocrx_word' id='word_1_303' title='bbox 1639 2194 1773 2275; x_wconf 89' lang='lat' dir='ltr'>elarius,</span> <span class='ocrx_word' id='word_1_304' title='bbox 1807 2215 1903 2278; x_wconf 88' lang='lat' dir='ltr'>quam</span> <span class='ocrx_word' id='word_1_305' title='bbox 1929 2193 2054 2260; x_wconf 89' lang='lat' dir='ltr'>Christi</span> <span class='ocrx_word' id='word_1_306' title='bbox 2085 2214 2204 2277; x_wconf 89' lang='lat' dir='ltr'>corpus</span> 
     </span>
     <span class='ocr_line' id='line_1_23' title="bbox 206 2278 2200 2364; baseline -0.005 -11"><span class='ocrx_word' id='word_1_307' title='bbox 206 2287 258 2354; x_wconf 87' lang='lat' dir='ltr'>sit</span> <span class='ocrx_word' id='word_1_308' title='bbox 299 2285 391 2349; x_wconf 92' lang='lat' dir='ltr'>Bene</span> <span class='ocrx_word' id='word_1_309' title='bbox 414 2287 464 2347; x_wconf 90' lang='lat' dir='ltr'>est</span> <span class='ocrx_word' id='word_1_310' title='bbox 485 2279 572 2364; x_wconf 92' lang='lat' dir='ltr'>quod</span> <span class='ocrx_word' id='word_1_311' title='bbox 593 2300 701 2345; x_wconf 88' lang='lat' dir='ltr'>aerem</span> <span class='ocrx_word' id='word_1_312' title='bbox 730 2280 801 2345; x_wconf 90' lang='lat' dir='ltr'>sine</span> <span class='ocrx_word' id='word_1_313' title='bbox 828 2301 915 2346; x_wconf 85' lang='lat' dir='ltr'>noxa</span> <span class='ocrx_word' id='word_1_314' title='bbox 938 2280 1014 2345; x_wconf 90' lang='lat' dir='ltr'>ferit</span> <span class='ocrx_word' id='word_1_315' title='bbox 1040 2280 1094 2346; x_wconf 89' lang='lat' dir='ltr'>hic</span> <span class='ocrx_word' id='word_1_316' title='bbox 1122 2280 1181 2345; x_wconf 91' lang='lat' dir='ltr'>bos</span> <span class='ocrx_word' id='word_1_317' title='bbox 1232 2281 1312 2364; x_wconf 89' lang='lat' dir='ltr'>fingi</span> <span class='ocrx_word' id='word_1_318' title='bbox 1339 2280 1553 2361; x_wconf 89' lang='lat' dir='ltr'>immensum,</span> <span class='ocrx_word' id='word_1_319' title='bbox 1581 2288 1615 2346; x_wconf 93' lang='lat' dir='ltr'>et</span> <span class='ocrx_word' id='word_1_320' title='bbox 1640 2289 1832 2364; x_wconf 90' lang='lat' dir='ltr'>portentum</span> <span class='ocrx_word' id='word_1_321' title='bbox 1859 2278 2048 2363; x_wconf 88' lang='lat' dir='ltr'>ubiquitatis</span> <span class='ocrx_word' id='word_1_322' title='bbox 2079 2278 2200 2345; x_wconf 74' lang='lat' dir='ltr'>statui?</span> 
     </span>
     <span class='ocr_line' id='line_1_24' title="bbox 206 2364 2203 2452; baseline -0.003 -15"><span class='ocrx_word' id='word_1_323' title='bbox 206 2376 393 2452; x_wconf 90' lang='lat' dir='ltr'>cornupeta,</span> <span class='ocrx_word' id='word_1_324' title='bbox 416 2378 541 2431; x_wconf 89' lang='lat' dir='ltr'>utnon</span> <span class='ocrx_word' id='word_1_325' title='bbox 564 2365 609 2431; x_wconf 92' lang='lat' dir='ltr'>sit</span> <span class='ocrx_word' id='word_1_326' title='bbox 630 2366 672 2431; x_wconf 91' lang='lat' dir='ltr'>ab</span> <span class='ocrx_word' id='word_1_327' title='bbox 694 2387 732 2430; x_wconf 92' lang='lat' dir='ltr'>oo</span> <span class='ocrx_word' id='word_1_328' title='bbox 754 2364 945 2431; x_wconf 89' lang='lat' dir='ltr'>cavendum.</span> <span class='ocrx_word' id='word_1_329' title='bbox 985 2365 1100 2431; x_wconf 91' lang='lat' dir='ltr'>Hoene</span> <span class='ocrx_word' id='word_1_330' title='bbox 1121 2372 1180 2443; x_wconf 87' lang='lat' dir='ltr'>est,</span> <span class='ocrx_word' id='word_1_331' title='bbox 1233 2365 1410 2432; x_wconf 78' lang='lat' dir='ltr'>Confessus</span> <span class='ocrx_word' id='word_1_332' title='bbox 1442 2386 1548 2449; x_wconf 90' lang='lat' dir='ltr'>nuper</span> <span class='ocrx_word' id='word_1_333' title='bbox 1579 2366 1687 2432; x_wconf 87' lang='lat' dir='ltr'>fuerat</span> <span class='ocrx_word' id='word_1_334' title='bbox 1717 2367 1750 2431; x_wconf 93' lang='lat' dir='ltr'>in</span> <span class='ocrx_word' id='word_1_335' title='bbox 1784 2372 1873 2432; x_wconf 88' lang='lat' dir='ltr'>certo</span> <span class='ocrx_word' id='word_1_336' title='bbox 1908 2365 1987 2431; x_wconf 91' lang='lat' dir='ltr'>coeli</span> <span class='ocrx_word' id='word_1_337' title='bbox 2020 2366 2091 2431; x_wconf 88' lang='lat' dir='ltr'>loco</span> <span class='ocrx_word' id='word_1_338' title='bbox 2123 2386 2203 2443; x_wconf 87' lang='lat' dir='ltr'>esse,</span> 
     </span>
     <span class='ocr_line' id='line_1_25' title="bbox 206 2449 2203 2537; baseline -0.004 -14"><span class='ocrx_word' id='word_1_339' title='bbox 206 2456 348 2531; x_wconf 89' lang='lat' dir='ltr'>obsecro,</span> <span class='ocrx_word' id='word_1_340' title='bbox 367 2462 461 2537; x_wconf 90' lang='lat' dir='ltr'>terga</span> <span class='ocrx_word' id='word_1_341' title='bbox 482 2451 569 2529; x_wconf 89' lang='lat' dir='ltr'>dare,</span> <span class='ocrx_word' id='word_1_342' title='bbox 588 2472 691 2533; x_wconf 91' lang='lat' dir='ltr'>quum</span> <span class='ocrx_word' id='word_1_343' title='bbox 709 2457 779 2516; x_wconf 89' lang='lat' dir='ltr'>tam</span> <span class='ocrx_word' id='word_1_344' title='bbox 800 2459 912 2534; x_wconf 89' lang='lat' dir='ltr'>aperte</span> <span class='ocrx_word' id='word_1_345' title='bbox 924 2450 1105 2536; x_wconf 88' lang='lat' dir='ltr'>detegimus</span> <span class='ocrx_word' id='word_1_346' title='bbox 1127 2470 1180 2516; x_wconf 91' lang='lat' dir='ltr'>ca·</span> <span class='ocrx_word' id='word_1_347' title='bbox 1233 2473 1321 2517; x_wconf 90' lang='lat' dir='ltr'>nuuc</span> <span class='ocrx_word' id='word_1_348' title='bbox 1343 2450 1473 2519; x_wconf 85' lang='lat' dir='ltr'>diversa</span> <span class='ocrx_word' id='word_1_349' title='bbox 1493 2452 1564 2518; x_wconf 91' lang='lat' dir='ltr'>loca</span> <span class='ocrx_word' id='word_1_350' title='bbox 1574 2453 1733 2536; x_wconf 88' lang='lat' dir='ltr'>assignat:</span> <span class='ocrx_word' id='word_1_351' title='bbox 1756 2451 1903 2534; x_wconf 90' lang='lat' dir='ltr'>quodeet</span> <span class='ocrx_word' id='word_1_352' title='bbox 1922 2451 2067 2518; x_wconf 87' lang='lat' dir='ltr'>lacerare</span> <span class='ocrx_word' id='word_1_353' title='bbox 2078 2449 2203 2520; x_wconf 90' lang='lat' dir='ltr'>Christi</span> 
     </span>
     <span class='ocr_line' id='line_1_26' title="bbox 206 2536 2203 2620; baseline -0.003 -13"><span class='ocrx_word' id='word_1_354' title='bbox 206 2540 368 2607; x_wconf 88' lang='lat' dir='ltr'>lumniam</span> <span class='ocrx_word' id='word_1_355' title='bbox 389 2537 430 2603; x_wconf 93' lang='lat' dir='ltr'>de</span> <span class='ocrx_word' id='word_1_356' title='bbox 451 2557 583 2620; x_wconf 88' lang='lat' dir='ltr'>corpore</span> <span class='ocrx_word' id='word_1_357' title='bbox 605 2536 798 2620; x_wconf 85' lang='lat' dir='ltr'>allegorico?</span> <span class='ocrx_word' id='word_1_358' title='bbox 817 2536 895 2620; x_wconf 90' lang='lat' dir='ltr'>Ipse</span> <span class='ocrx_word' id='word_1_359' title='bbox 917 2557 1003 2616; x_wconf 89' lang='lat' dir='ltr'>vero,</span> <span class='ocrx_word' id='word_1_360' title='bbox 1026 2544 1182 2619; x_wconf 77' lang='lat' dir='ltr'>tanquam</span> <span class='ocrx_word' id='word_1_361' title='bbox 1233 2558 1370 2620; x_wconf 89' lang='lat' dir='ltr'>corpus:</span> <span class='ocrx_word' id='word_1_362' title='bbox 1404 2537 1481 2620; x_wconf 90' lang='lat' dir='ltr'>quia</span> <span class='ocrx_word' id='word_1_363' title='bbox 1501 2559 1632 2603; x_wconf 89' lang='lat' dir='ltr'>sursum</span> <span class='ocrx_word' id='word_1_364' title='bbox 1653 2559 1709 2604; x_wconf 88' lang='lat' dir='ltr'>eor</span> <span class='ocrx_word' id='word_1_365' title='bbox 1730 2537 1877 2603; x_wconf 87' lang='lat' dir='ltr'>attollere</span> <span class='ocrx_word' id='word_1_366' title='bbox 1899 2559 1965 2602; x_wconf 89' lang='lat' dir='ltr'>non</span> <span class='ocrx_word' id='word_1_367' title='bbox 1983 2536 2066 2601; x_wconf 85' lang='lat' dir='ltr'>vult</span> <span class='ocrx_word' id='word_1_368' title='bbox 2112 2536 2203 2602; x_wconf 92' lang='lat' dir='ltr'>Obii-</span> 
     </span>
     <span class='ocr_line' id='line_1_27' title="bbox 207 2621 2204 2710; baseline -0.002 -17"><span class='ocrx_word' id='word_1_369' title='bbox 207 2626 292 2710; x_wconf 89' lang='lat' dir='ltr'>epile</span> <span class='ocrx_word' id='word_1_370' title='bbox 316 2625 408 2703; x_wconf 91' lang='lat' dir='ltr'>ticus,</span> <span class='ocrx_word' id='word_1_371' title='bbox 430 2622 565 2689; x_wconf 92' lang='lat' dir='ltr'>collecta</span> <span class='ocrx_word' id='word_1_372' title='bbox 585 2631 695 2687; x_wconf 90' lang='lat' dir='ltr'>mente</span> <span class='ocrx_word' id='word_1_373' title='bbox 716 2642 836 2688; x_wconf 90' lang='lat' dir='ltr'>novam</span> <span class='ocrx_word' id='word_1_374' title='bbox 858 2624 1019 2688; x_wconf 80' lang='lat' dir='ltr'>actionem</span> <span class='ocrx_word' id='word_1_375' title='bbox 1040 2623 1182 2688; x_wconf 84' lang='lat' dir='ltr'>intentat</span> <span class='ocrx_word' id='word_1_376' title='bbox 1232 2623 1277 2689; x_wconf 91' lang='lat' dir='ltr'>cit</span> <span class='ocrx_word' id='word_1_377' title='bbox 1288 2621 1495 2705; x_wconf 82' lang='lat' dir='ltr'>Stephanum</span> <span class='ocrx_word' id='word_1_378' title='bbox 1518 2643 1617 2707; x_wconf 88' lang='lat' dir='ltr'>supra</span> <span class='ocrx_word' id='word_1_379' title='bbox 1638 2644 1750 2689; x_wconf 90' lang='lat' dir='ltr'>omnes</span> <span class='ocrx_word' id='word_1_380' title='bbox 1767 2622 1874 2690; x_wconf 91' lang='lat' dir='ltr'>coelos</span> <span class='ocrx_word' id='word_1_381' title='bbox 1890 2644 1956 2687; x_wconf 93' lang='lat' dir='ltr'>non</span> <span class='ocrx_word' id='word_1_382' title='bbox 1977 2622 2078 2687; x_wconf 89' lang='lat' dir='ltr'>fuisse</span> <span class='ocrx_word' id='word_1_383' title='bbox 2096 2630 2204 2689; x_wconf 87' lang='lat' dir='ltr'>trans·</span> 
     </span>
     <span class='ocr_line' id='line_1_28' title="bbox 207 2706 2205 2792; baseline -0.002 -15"><span class='ocrx_word' id='word_1_384' title='bbox 207 2712 291 2777; x_wconf 90' lang='lat' dir='ltr'>dea</span> <span class='ocrx_word' id='word_1_385' title='bbox 348 2710 432 2776; x_wconf 88' lang='lat' dir='ltr'>ntia:</span> <span class='ocrx_word' id='word_1_386' title='bbox 455 2710 533 2792; x_wconf 89' lang='lat' dir='ltr'>quia</span> <span class='ocrx_word' id='word_1_387' title='bbox 553 2706 656 2772; x_wconf 89' lang='lat' dir='ltr'>nihilo</span> <span class='ocrx_word' id='word_1_388' title='bbox 679 2708 752 2791; x_wconf 89' lang='lat' dir='ltr'>plus</span> <span class='ocrx_word' id='word_1_389' title='bbox 774 2707 883 2773; x_wconf 88' lang='lat' dir='ltr'>valeat</span> <span class='ocrx_word' id='word_1_390' title='bbox 903 2706 1034 2774; x_wconf 90' lang='lat' dir='ltr'>donatio</span> <span class='ocrx_word' id='word_1_391' title='bbox 1056 2707 1096 2774; x_wconf 91' lang='lat' dir='ltr'>de</span> <span class='ocrx_word' id='word_1_392' title='bbox 1117 2728 1182 2791; x_wconf 89' lang='lat' dir='ltr'>qua</span> <span class='ocrx_word' id='word_1_393' title='bbox 1232 2708 1334 2774; x_wconf 88' lang='lat' dir='ltr'>latum</span> <span class='ocrx_word' id='word_1_394' title='bbox 1355 2715 1393 2772; x_wconf 93' lang='lat' dir='ltr'>ut</span> <span class='ocrx_word' id='word_1_395' title='bbox 1414 2707 1523 2773; x_wconf 90' lang='lat' dir='ltr'>Iesum</span> <span class='ocrx_word' id='word_1_396' title='bbox 1546 2709 1679 2775; x_wconf 87' lang='lat' dir='ltr'>videret</span> <span class='ocrx_word' id='word_1_397' title='bbox 1730 2707 1832 2790; x_wconf 75' lang='lat' dir='ltr'>Quasi</span> <span class='ocrx_word' id='word_1_398' title='bbox 1860 2730 1927 2773; x_wconf 92' lang='lat' dir='ltr'>non</span> <span class='ocrx_word' id='word_1_399' title='bbox 1953 2709 2085 2791; x_wconf 89' lang='lat' dir='ltr'>saepius</span> <span class='ocrx_word' id='word_1_400' title='bbox 2113 2716 2205 2773; x_wconf 66' lang='lat' dir='ltr'>ante</span> 
     </span>
     <span class='ocr_line' id='line_1_29' title="bbox 206 2792 2204 2880; baseline -0.001 -18"><span class='ocrx_word' id='word_1_401' title='bbox 206 2797 379 2880; x_wconf 88' lang='lat' dir='ltr'>loquimur,</span> <span class='ocrx_word' id='word_1_402' title='bbox 397 2816 495 2879; x_wconf 89' lang='lat' dir='ltr'>quam</span> <span class='ocrx_word' id='word_1_403' title='bbox 517 2793 544 2859; x_wconf 93' lang='lat' dir='ltr'>si</span> <span class='ocrx_word' id='word_1_404' title='bbox 565 2795 617 2859; x_wconf 91' lang='lat' dir='ltr'>oui</span> <span class='ocrx_word' id='word_1_405' title='bbox 639 2792 779 2860; x_wconf 91' lang='lat' dir='ltr'>donetur</span> <span class='ocrx_word' id='word_1_406' title='bbox 799 2815 885 2877; x_wconf 85' lang='lat' dir='ltr'>ager,</span> <span class='ocrx_word' id='word_1_407' title='bbox 917 2794 971 2876; x_wconf 93' lang='lat' dir='ltr'>qui</span> <span class='ocrx_word' id='word_1_408' title='bbox 996 2794 1037 2859; x_wconf 90' lang='lat' dir='ltr'>ab</span> <span class='ocrx_word' id='word_1_409' title='bbox 1064 2815 1101 2871; x_wconf 85' lang='lat' dir='ltr'>eo</span> <span class='ocrx_word' id='word_1_410' title='bbox 1129 2813 1181 2859; x_wconf 88' lang='lat' dir='ltr'>re·</span> <span class='ocrx_word' id='word_1_411' title='bbox 1234 2794 1295 2858; x_wconf 88' lang='lat' dir='ltr'>hac</span> <span class='ocrx_word' id='word_1_412' title='bbox 1316 2793 1468 2859; x_wconf 89' lang='lat' dir='ltr'>diluerim</span> <span class='ocrx_word' id='word_1_413' title='bbox 1489 2795 1551 2860; x_wconf 93' lang='lat' dir='ltr'>hoc</span> <span class='ocrx_word' id='word_1_414' title='bbox 1573 2795 1739 2860; x_wconf 88' lang='lat' dir='ltr'>cavillum:</span> <span class='ocrx_word' id='word_1_415' title='bbox 1772 2795 1819 2860; x_wconf 90' lang='lat' dir='ltr'>Ut</span> <span class='ocrx_word' id='word_1_416' title='bbox 1840 2794 1963 2860; x_wconf 89' lang='lat' dir='ltr'>scilieet</span> <span class='ocrx_word' id='word_1_417' title='bbox 1983 2811 2051 2858; x_wconf 91' lang='lat' dir='ltr'>non</span> <span class='ocrx_word' id='word_1_418' title='bbox 2073 2793 2204 2878; x_wconf 86' lang='lat' dir='ltr'>agnitus</span> 
     </span>
     <span class='ocr_line' id='line_1_30' title="bbox 206 2879 2205 2964; baseline -0.003 -14"><span class='ocrx_word' id='word_1_419' title='bbox 206 2890 316 2951; x_wconf 75' lang='lat' dir='ltr'>motis</span> <span class='ocrx_word' id='word_1_420' title='bbox 351 2881 403 2946; x_wconf 86' lang='lat' dir='ltr'>sit</span> <span class='ocrx_word' id='word_1_421' title='bbox 452 2881 548 2945; x_wconf 92' lang='lat' dir='ltr'>Itane</span> <span class='ocrx_word' id='word_1_422' title='bbox 585 2879 872 2962; x_wconf 88' lang='lat' dir='ltr'>incomparabilem</span> <span class='ocrx_word' id='word_1_423' title='bbox 904 2879 1040 2962; x_wconf 89' lang='lat' dir='ltr'>spiritus</span> <span class='ocrx_word' id='word_1_424' title='bbox 1077 2879 1182 2944; x_wconf 90' lang='lat' dir='ltr'>saneti</span> <span class='ocrx_word' id='word_1_425' title='bbox 1231 2880 1294 2945; x_wconf 91' lang='lat' dir='ltr'>fuit</span> <span class='ocrx_word' id='word_1_426' title='bbox 1310 2879 1464 2945; x_wconf 89' lang='lat' dir='ltr'>Christus</span> <span class='ocrx_word' id='word_1_427' title='bbox 1485 2901 1505 2945; x_wconf 90' lang='lat' dir='ltr'>a</span> <span class='ocrx_word' id='word_1_428' title='bbox 1525 2879 1651 2946; x_wconf 90' lang='lat' dir='ltr'>duobus</span> <span class='ocrx_word' id='word_1_429' title='bbox 1671 2880 1740 2946; x_wconf 92' lang='lat' dir='ltr'>suis</span> <span class='ocrx_word' id='word_1_430' title='bbox 1762 2879 1937 2964; x_wconf 86' lang='lat' dir='ltr'>discipulis,</span> <span class='ocrx_word' id='word_1_431' title='bbox 1958 2879 2155 2963; x_wconf 89' lang='lat' dir='ltr'>quibuscum</span> <span class='ocrx_word' id='word_1_432' title='bbox 2170 2880 2205 2945; x_wconf 92' lang='lat' dir='ltr'>in</span> 
     </span>
     <span class='ocr_line' id='line_1_31' title="bbox 208 2964 2205 3048; baseline -0.001 -15"><span class='ocrx_word' id='word_1_433' title='bbox 208 2969 365 3035; x_wconf 87' lang='lat' dir='ltr'>virtutem</span> <span class='ocrx_word' id='word_1_434' title='bbox 387 2986 526 3048; x_wconf 89' lang='lat' dir='ltr'>aequare</span> <span class='ocrx_word' id='word_1_435' title='bbox 544 2964 642 3030; x_wconf 86' lang='lat' dir='ltr'>audet</span> <span class='ocrx_word' id='word_1_436' title='bbox 663 2965 760 3030; x_wconf 89' lang='lat' dir='ltr'>rebus</span> <span class='ocrx_word' id='word_1_437' title='bbox 770 2965 917 3044; x_wconf 89' lang='lat' dir='ltr'>mortuis,</span> <span class='ocrx_word' id='word_1_438' title='bbox 933 2971 971 3030; x_wconf 93' lang='lat' dir='ltr'>ut</span> <span class='ocrx_word' id='word_1_439' title='bbox 987 2964 1181 3030; x_wconf 89' lang='lat' dir='ltr'>tantundem</span> <span class='ocrx_word' id='word_1_440' title='bbox 1233 2964 1346 3031; x_wconf 87' lang='lat' dir='ltr'>eadem</span> <span class='ocrx_word' id='word_1_441' title='bbox 1367 2986 1481 3032; x_wconf 89' lang='lat' dir='ltr'>mensa</span> <span class='ocrx_word' id='word_1_442' title='bbox 1502 2965 1705 3032; x_wconf 83' lang='lat' dir='ltr'>familiariter</span> <span class='ocrx_word' id='word_1_443' title='bbox 1726 2965 1867 3046; x_wconf 87' lang='lat' dir='ltr'>sedebat,</span> <span class='ocrx_word' id='word_1_444' title='bbox 1897 2987 1964 3031; x_wconf 89' lang='lat' dir='ltr'>noo</span> <span class='ocrx_word' id='word_1_445' title='bbox 1980 2974 2116 3048; x_wconf 89' lang='lat' dir='ltr'>propter</span> <span class='ocrx_word' id='word_1_446' title='bbox 2137 2986 2205 3032; x_wconf 91' lang='lat' dir='ltr'>me-</span> 
     </span>
     <span class='ocr_line' id='line_1_32' title="bbox 207 3049 2281 3135; baseline -0.002 -15"><span class='ocrx_word' id='word_1_447' title='bbox 207 3054 319 3120; x_wconf 83' lang='lat' dir='ltr'>valeat</span> <span class='ocrx_word' id='word_1_448' title='bbox 345 3059 540 3135; x_wconf 89' lang='lat' dir='ltr'>proventum</span> <span class='ocrx_word' id='word_1_449' title='bbox 568 3070 610 3116; x_wconf 89' lang='lat' dir='ltr'>cx</span> <span class='ocrx_word' id='word_1_450' title='bbox 641 3071 721 3135; x_wconf 89' lang='lat' dir='ltr'>agro</span> <span class='ocrx_word' id='word_1_451' title='bbox 754 3049 917 3134; x_wconf 86' lang='lat' dir='ltr'>colligere,</span> <span class='ocrx_word' id='word_1_452' title='bbox 947 3072 985 3116; x_wconf 88' lang='lat' dir='ltr'>ac</span> <span class='ocrx_word' id='word_1_453' title='bbox 1018 3049 1086 3115; x_wconf 95' lang='lat' dir='ltr'>filio</span> <span class='ocrx_word' id='word_1_454' title='bbox 1118 3050 1181 3115; x_wconf 90' lang='lat' dir='ltr'>Dei</span> <span class='ocrx_word' id='word_1_455' title='bbox 1232 3051 1457 3134; x_wconf 89' lang='lat' dir='ltr'>tamorphosin</span> <span class='ocrx_word' id='word_1_456' title='bbox 1484 3051 1642 3134; x_wconf 89' lang='lat' dir='ltr'>aliquam,</span> <span class='ocrx_word' id='word_1_457' title='bbox 1683 3050 1741 3116; x_wconf 90' lang='lat' dir='ltr'>sed</span> <span class='ocrx_word' id='word_1_458' title='bbox 1765 3053 1841 3135; x_wconf 91' lang='lat' dir='ltr'>quia</span> <span class='ocrx_word' id='word_1_459' title='bbox 1867 3051 2065 3116; x_wconf 87' lang='lat' dir='ltr'>tenebantur</span> <span class='ocrx_word' id='word_1_460' title='bbox 2091 3071 2206 3116; x_wconf 87' lang='lat' dir='ltr'>eorum</span> <span class='ocrx_word' id='word_1_461' title='bbox 2277 3102 2281 3105; x_wconf 20' lang='grc' dir='ltr'><em>Α</em></span> 
     </span>
     <span class='ocr_line' id='line_1_33' title="bbox 207 3134 2189 3221; baseline -0.002 -16"><span class='ocrx_word' id='word_1_462' title='bbox 207 3140 304 3217; x_wconf 90' lang='lat' dir='ltr'>uniri,</span> <span class='ocrx_word' id='word_1_463' title='bbox 327 3148 365 3204; x_wconf 91' lang='lat' dir='ltr'>ut</span> <span class='ocrx_word' id='word_1_464' title='bbox 386 3159 428 3203; x_wconf 86' lang='lat' dir='ltr'>ex</span> <span class='ocrx_word' id='word_1_465' title='bbox 450 3156 548 3202; x_wconf 90' lang='lat' dir='ltr'>earne</span> <span class='ocrx_word' id='word_1_466' title='bbox 569 3146 603 3201; x_wconf 93' lang='lat' dir='ltr'>et</span> <span class='ocrx_word' id='word_1_467' title='bbox 624 3136 783 3221; x_wconf 90' lang='lat' dir='ltr'>sanguine</span> <span class='ocrx_word' id='word_1_468' title='bbox 804 3137 874 3216; x_wconf 81' lang='lat' dir='ltr'>eius</span> <span class='ocrx_word' id='word_1_469' title='bbox 894 3136 964 3201; x_wconf 89' lang='lat' dir='ltr'>vita</span> <span class='ocrx_word' id='word_1_470' title='bbox 989 3134 1030 3201; x_wconf 91' lang='lat' dir='ltr'>ad</span> <span class='ocrx_word' id='word_1_471' title='bbox 1056 3135 1182 3201; x_wconf 89' lang='lat' dir='ltr'>animas</span> <span class='ocrx_word' id='word_1_472' title='bbox 1233 3136 1332 3202; x_wconf 90' lang='lat' dir='ltr'>oculi:</span> <span class='ocrx_word' id='word_1_473' title='bbox 1360 3138 1408 3201; x_wconf 91' lang='lat' dir='ltr'>ita</span> <span class='ocrx_word' id='word_1_474' title='bbox 1435 3134 1526 3203; x_wconf 90' lang='lat' dir='ltr'>datos</span> <span class='ocrx_word' id='word_1_475' title='bbox 1553 3138 1653 3203; x_wconf 87' lang='lat' dir='ltr'>fuisse</span> <span class='ocrx_word' id='word_1_476' title='bbox 1684 3137 1795 3204; x_wconf 93' lang='lat' dir='ltr'>oculos</span> <span class='ocrx_word' id='word_1_477' title='bbox 1823 3135 2006 3221; x_wconf 81' lang='lat' dir='ltr'>Stephano,</span> <span class='ocrx_word' id='word_1_478' title='bbox 2040 3137 2098 3219; x_wconf 91' lang='lat' dir='ltr'>qui</span> <span class='ocrx_word' id='word_1_479' title='bbox 2128 3135 2189 3201; x_wconf 90' lang='lat' dir='ltr'>illo</span> 
     </span>
     <span class='ocr_line' id='line_1_34' title="bbox 207 3216 2202 3308; baseline -0.002 -16"><span class='ocrx_word' id='word_1_480' title='bbox 207 3234 336 3292; x_wconf 90' lang='lat' dir='ltr'>nostras</span> <span class='ocrx_word' id='word_1_481' title='bbox 360 3220 553 3308; x_wconf 80' lang='lat' dir='ltr'>perveniat?</span> <span class='ocrx_word' id='word_1_482' title='bbox 573 3221 699 3288; x_wconf 82' lang='lat' dir='ltr'>Saltem</span> <span class='ocrx_word' id='word_1_483' title='bbox 710 3220 772 3287; x_wconf 92' lang='lat' dir='ltr'>hac</span> <span class='ocrx_word' id='word_1_484' title='bbox 793 3222 828 3286; x_wconf 94' lang='lat' dir='ltr'>in</span> <span class='ocrx_word' id='word_1_485' title='bbox 846 3228 937 3305; x_wconf 85' lang='lat' dir='ltr'>parte</span> <span class='ocrx_word' id='word_1_486' title='bbox 948 3221 1088 3286; x_wconf 89' lang='lat' dir='ltr'>nimium</span> <span class='ocrx_word' id='word_1_487' title='bbox 1109 3242 1181 3286; x_wconf 89' lang='lat' dir='ltr'>rus·</span> <span class='ocrx_word' id='word_1_488' title='bbox 1232 3243 1336 3306; x_wconf 89' lang='lat' dir='ltr'>usque</span> <span class='ocrx_word' id='word_1_489' title='bbox 1357 3216 1577 3305; x_wconf 81' lang='lat' dir='ltr'>penetrarent</span> <span class='ocrx_word' id='word_1_490' title='bbox 1621 3222 1719 3290; x_wconf 86' lang='lat' dir='ltr'>Certe</span> <span class='ocrx_word' id='word_1_491' title='bbox 1740 3244 1806 3289; x_wconf 90' lang='lat' dir='ltr'>non</span> <span class='ocrx_word' id='word_1_492' title='bbox 1824 3223 1946 3288; x_wconf 89' lang='lat' dir='ltr'>frustra</span> <span class='ocrx_word' id='word_1_493' title='bbox 1962 3230 2078 3286; x_wconf 87' lang='lat' dir='ltr'>narrat</span> <span class='ocrx_word' id='word_1_494' title='bbox 2095 3218 2202 3288; x_wconf 64' lang='lat' dir='ltr'>Luat:</span> 
     </span>
     <span class='ocr_line' id='line_1_35' title="bbox 206 3305 2178 3394; baseline -0.003 -16"><span class='ocrx_word' id='word_1_495' title='bbox 206 3312 293 3379; x_wconf 87' lang='lat' dir='ltr'>tious</span> <span class='ocrx_word' id='word_1_496' title='bbox 317 3316 367 3375; x_wconf 91' lang='lat' dir='ltr'>est</span> <span class='ocrx_word' id='word_1_497' title='bbox 398 3309 550 3392; x_wconf 84' lang='lat' dir='ltr'>agricola</span> <span class='ocrx_word' id='word_1_498' title='bbox 601 3306 695 3373; x_wconf 84' lang='lat' dir='ltr'>Adde</span> <span class='ocrx_word' id='word_1_499' title='bbox 730 3307 816 3392; x_wconf 91' lang='lat' dir='ltr'>quod</span> <span class='ocrx_word' id='word_1_500' title='bbox 844 3313 918 3388; x_wconf 80' lang='lat' dir='ltr'>[pag.</span> <span class='ocrx_word' id='word_1_501' title='bbox 943 3313 996 3387; x_wconf 76' lang='lat' dir='ltr'>ac]</span> <span class='ocrx_word' id='word_1_502' title='bbox 1023 3308 1182 3373; x_wconf 86' lang='lat' dir='ltr'>mentitur</span> <span class='ocrx_word' id='word_1_503' title='bbox 1233 3308 1342 3374; x_wconf 89' lang='lat' dir='ltr'>oculos</span> <span class='ocrx_word' id='word_1_504' title='bbox 1363 3308 1544 3375; x_wconf 85' lang='lat' dir='ltr'>intendisse</span> <span class='ocrx_word' id='word_1_505' title='bbox 1560 3309 1595 3373; x_wconf 91' lang='lat' dir='ltr'>in</span> <span class='ocrx_word' id='word_1_506' title='bbox 1618 3308 1752 3389; x_wconf 86' lang='lat' dir='ltr'>coelum,</span> <span class='ocrx_word' id='word_1_507' title='bbox 1775 3315 1813 3374; x_wconf 93' lang='lat' dir='ltr'>ut</span> <span class='ocrx_word' id='word_1_508' title='bbox 1832 3309 1969 3394; x_wconf 87' lang='lat' dir='ltr'>gloriam</span> <span class='ocrx_word' id='word_1_509' title='bbox 1982 3308 2047 3373; x_wconf 88' lang='lat' dir='ltr'>Dei</span> <span class='ocrx_word' id='word_1_510' title='bbox 2072 3305 2178 3373; x_wconf 92' lang='lat' dir='ltr'>vide</span> 
     </span>
     <span class='ocr_line' id='line_1_36' title="bbox 206 3391 2310 3478; baseline -0.003 -14"><span class='ocrx_word' id='word_1_511' title='bbox 206 3418 268 3464; x_wconf 90' lang='lat' dir='ltr'>nos</span> <span class='ocrx_word' id='word_1_512' title='bbox 298 3394 401 3461; x_wconf 87' lang='lat' dir='ltr'>verba</span> <span class='ocrx_word' id='word_1_513' title='bbox 426 3392 551 3459; x_wconf 79' lang='lat' dir='ltr'>Christi</span> <span class='ocrx_word' id='word_1_514' title='bbox 583 3413 745 3476; x_wconf 87' lang='lat' dir='ltr'>exponere</span> <span class='ocrx_word' id='word_1_515' title='bbox 777 3392 818 3458; x_wconf 93' lang='lat' dir='ltr'>de</span> <span class='ocrx_word' id='word_1_516' title='bbox 850 3394 921 3458; x_wconf 92' lang='lat' dir='ltr'>iure</span> <span class='ocrx_word' id='word_1_517' title='bbox 947 3393 996 3458; x_wconf 90' lang='lat' dir='ltr'>rei</span> <span class='ocrx_word' id='word_1_518' title='bbox 1028 3393 1180 3471; x_wconf 91' lang='lat' dir='ltr'>absentis,</span> <span class='ocrx_word' id='word_1_519' title='bbox 1232 3394 1302 3460; x_wconf 90' lang='lat' dir='ltr'>Noc</span> <span class='ocrx_word' id='word_1_520' title='bbox 1323 3395 1446 3460; x_wconf 77' lang='lat' dir='ltr'>frustm</span> <span class='ocrx_word' id='word_1_521' title='bbox 1463 3391 1652 3478; x_wconf 82' lang='lat' dir='ltr'>Stephanus</span> <span class='ocrx_word' id='word_1_522' title='bbox 1672 3396 1744 3477; x_wconf 92' lang='lat' dir='ltr'>ipse</span> <span class='ocrx_word' id='word_1_523' title='bbox 1761 3402 1901 3460; x_wconf 89' lang='lat' dir='ltr'>testatur</span> <span class='ocrx_word' id='word_1_524' title='bbox 1921 3392 2026 3459; x_wconf 92' lang='lat' dir='ltr'>coelos</span> <span class='ocrx_word' id='word_1_525' title='bbox 2049 3393 2115 3458; x_wconf 90' lang='lat' dir='ltr'>sibi</span> <span class='ocrx_word' id='word_1_526' title='bbox 2145 3412 2310 3450; x_wconf 58' lang='lat' dir='ltr'>:zv-⁵</span> 
     </span>
     <span class='ocr_line' id='line_1_37' title="bbox 207 3477 2310 3565; baseline -0.002 -18"><span class='ocrx_word' id='word_1_527' title='bbox 207 3503 308 3565; x_wconf 90' lang='lat' dir='ltr'>quum</span> <span class='ocrx_word' id='word_1_528' title='bbox 320 3482 399 3547; x_wconf 88' lang='lat' dir='ltr'>satis</span> <span class='ocrx_word' id='word_1_529' title='bbox 410 3498 571 3564; x_wconf 89' lang='lat' dir='ltr'>superque</span> <span class='ocrx_word' id='word_1_530' title='bbox 588 3487 704 3544; x_wconf 91' lang='lat' dir='ltr'>notum</span> <span class='ocrx_word' id='word_1_531' title='bbox 715 3479 758 3544; x_wconf 88' lang='lat' dir='ltr'>sit</span> <span class='ocrx_word' id='word_1_532' title='bbox 767 3477 947 3544; x_wconf 89' lang='lat' dir='ltr'>absentiam</span> <span class='ocrx_word' id='word_1_533' title='bbox 969 3499 1030 3545; x_wconf 93' lang='lat' dir='ltr'>nos</span> <span class='ocrx_word' id='word_1_534' title='bbox 1047 3480 1182 3546; x_wconf 89' lang='lat' dir='ltr'>restrin-</span> <span class='ocrx_word' id='word_1_535' title='bbox 1233 3487 1377 3562; x_wconf 87' lang='lat' dir='ltr'>apertos,</span> <span class='ocrx_word' id='word_1_536' title='bbox 1405 3493 1443 3544; x_wconf 90' lang='lat' dir='ltr'>ut</span> <span class='ocrx_word' id='word_1_537' title='bbox 1469 3479 1581 3546; x_wconf 86' lang='lat' dir='ltr'>Iesum</span> <span class='ocrx_word' id='word_1_538' title='bbox 1608 3481 1808 3564; x_wconf 88' lang='lat' dir='ltr'>conspiceret</span> <span class='ocrx_word' id='word_1_539' title='bbox 1834 3486 1978 3546; x_wconf 86' lang='lat' dir='ltr'>stantem</span> <span class='ocrx_word' id='word_1_540' title='bbox 2006 3479 2043 3544; x_wconf 89' lang='lat' dir='ltr'>in</span> <span class='ocrx_word' id='word_1_541' title='bbox 2069 3478 2165 3544; x_wconf 91' lang='lat' dir='ltr'>dex</span> <span class='ocrx_word' id='word_1_542' title='bbox 2197 3510 2199 3533; x_wconf 63' lang='grc' dir='ltr'><strong>ε</strong></span> <span class='ocrx_word' id='word_1_543' title='bbox 2255 3501 2310 3527; x_wconf 57' lang='lat'>1</span> 
     </span>
     <span class='ocr_line' id='line_1_38' title="bbox 208 3563 2215 3653; baseline 0 -20"><span class='ocrx_word' id='word_1_544' title='bbox 208 3589 285 3653; x_wconf 89' lang='lat' dir='ltr'>gere</span> <span class='ocrx_word' id='word_1_545' title='bbox 318 3566 359 3632; x_wconf 87' lang='lat' dir='ltr'>ad</span> <span class='ocrx_word' id='word_1_546' title='bbox 386 3565 493 3632; x_wconf 90' lang='lat' dir='ltr'>locum</span> <span class='ocrx_word' id='word_1_547' title='bbox 520 3571 555 3629; x_wconf 92' lang='lat' dir='ltr'>et</span> <span class='ocrx_word' id='word_1_548' title='bbox 587 3570 763 3647; x_wconf 89' lang='lat' dir='ltr'>aspectum.</span> <span class='ocrx_word' id='word_1_549' title='bbox 824 3563 998 3630; x_wconf 89' lang='lat' dir='ltr'>Caeterum</span> <span class='ocrx_word' id='word_1_550' title='bbox 1031 3565 1182 3648; x_wconf 91' lang='lat' dir='ltr'>quamvis</span> <span class='ocrx_word' id='word_1_551' title='bbox 1232 3566 1344 3650; x_wconf 89' lang='lat' dir='ltr'>patris.</span> <span class='ocrx_word' id='word_1_552' title='bbox 1388 3565 1484 3632; x_wconf 88' lang='lat' dir='ltr'>Unde</span> <span class='ocrx_word' id='word_1_553' title='bbox 1503 3566 1583 3632; x_wconf 89' lang='lat' dir='ltr'>satis</span> <span class='ocrx_word' id='word_1_554' title='bbox 1600 3574 1704 3649; x_wconf 90' lang='lat' dir='ltr'>patet,</span> <span class='ocrx_word' id='word_1_555' title='bbox 1740 3566 1804 3631; x_wconf 90' lang='lat' dir='ltr'>nisi</span> <span class='ocrx_word' id='word_1_556' title='bbox 1825 3565 1929 3643; x_wconf 90' lang='lat' dir='ltr'>fallor,</span> <span class='ocrx_word' id='word_1_557' title='bbox 1950 3585 2050 3648; x_wconf 87' lang='lat' dir='ltr'>quam</span> <span class='ocrx_word' id='word_1_558' title='bbox 2072 3586 2178 3634; x_wconf 67' lang='lat' dir='ltr'>muter</span> <span class='ocrx_word' id='word_1_559' title='bbox 2199 3596 2215 3616; x_wconf 55' lang='grc' dir='ltr'><strong>τ</strong></span> 
     </span>
     <span class='ocr_line' id='line_1_39' title="bbox 208 3649 2310 3734; baseline -0.001 -16"><span class='ocrx_word' id='word_1_560' title='bbox 208 3673 270 3718; x_wconf 90' lang='lat' dir='ltr'>nee</span> <span class='ocrx_word' id='word_1_561' title='bbox 290 3652 392 3719; x_wconf 92' lang='lat' dir='ltr'>oculis</span> <span class='ocrx_word' id='word_1_562' title='bbox 412 3652 533 3717; x_wconf 89' lang='lat' dir='ltr'>nostris</span> <span class='ocrx_word' id='word_1_563' title='bbox 554 3670 791 3716; x_wconf 90' lang='lat' dir='ltr'>carnemsuam</span> <span class='ocrx_word' id='word_1_564' title='bbox 807 3658 1013 3732; x_wconf 84' lang='lat' dir='ltr'>praesentem</span> <span class='ocrx_word' id='word_1_565' title='bbox 1029 3649 1182 3716; x_wconf 89' lang='lat' dir='ltr'>Christus</span> <span class='ocrx_word' id='word_1_566' title='bbox 1232 3652 1363 3716; x_wconf 90' lang='lat' dir='ltr'>eumin</span> <span class='ocrx_word' id='word_1_567' title='bbox 1385 3659 1491 3718; x_wconf 87' lang='lat' dir='ltr'>terras</span> <span class='ocrx_word' id='word_1_568' title='bbox 1512 3652 1620 3718; x_wconf 89' lang='lat' dir='ltr'>eliciat</span> <span class='ocrx_word' id='word_1_569' title='bbox 1639 3651 1833 3718; x_wconf 88' lang='lat' dir='ltr'>Heshusius.</span> <span class='ocrx_word' id='word_1_570' title='bbox 1884 3651 1998 3732; x_wconf 84' lang='lat' dir='ltr'>Aeque</span> <span class='ocrx_word' id='word_1_571' title='bbox 2022 3649 2159 3734; x_wconf 90' lang='lat' dir='ltr'>pruden</span> <span class='ocrx_word' id='word_1_572' title='bbox 2181 3674 2310 3706; x_wconf 52' lang='lat' dir='ltr'>w·-</span> 
     </span>
     <span class='ocr_line' id='line_1_40' title="bbox 208 3733 2186 3821; baseline -0.001 -18"><span class='ocrx_word' id='word_1_573' title='bbox 208 3737 369 3816; x_wconf 86' lang='lat' dir='ltr'>exhibeat,</span> <span class='ocrx_word' id='word_1_574' title='bbox 392 3758 495 3820; x_wconf 90' lang='lat' dir='ltr'>neque</span> <span class='ocrx_word' id='word_1_575' title='bbox 518 3738 616 3802; x_wconf 91' lang='lat' dir='ltr'>etiam</span> <span class='ocrx_word' id='word_1_576' title='bbox 638 3735 747 3802; x_wconf 92' lang='lat' dir='ltr'>locum</span> <span class='ocrx_word' id='word_1_577' title='bbox 769 3735 924 3801; x_wconf 71' lang='lat' dir='ltr'>mumndo</span> <span class='ocrx_word' id='word_1_578' title='bbox 946 3733 1120 3802; x_wconf 88' lang='lat' dir='ltr'>descendat</span> <span class='ocrx_word' id='word_1_579' title='bbox 1139 3758 1181 3800; x_wconf 92' lang='lat' dir='ltr'>ex</span> <span class='ocrx_word' id='word_1_580' title='bbox 1232 3736 1356 3821; x_wconf 86' lang='lat' dir='ltr'>colligit</span> <span class='ocrx_word' id='word_1_581' title='bbox 1378 3736 1557 3816; x_wconf 86' lang='lat' dir='ltr'>Christum,</span> <span class='ocrx_word' id='word_1_582' title='bbox 1579 3747 1618 3803; x_wconf 92' lang='lat' dir='ltr'>ut</span> <span class='ocrx_word' id='word_1_583' title='bbox 1638 3758 1674 3803; x_wconf 90' lang='lat' dir='ltr'>se</span> <span class='ocrx_word' id='word_1_584' title='bbox 1694 3737 1799 3803; x_wconf 89' lang='lat' dir='ltr'>Paulo</span> <span class='ocrx_word' id='word_1_585' title='bbox 1821 3735 2019 3815; x_wconf 89' lang='lat' dir='ltr'>ostenderet,</span> <span class='ocrx_word' id='word_1_586' title='bbox 2046 3735 2153 3803; x_wconf 89' lang='lat' dir='ltr'>foisse</span> <span class='ocrx_word' id='word_1_587' title='bbox 2173 3737 2186 3801; x_wconf 94' lang='lat' dir='ltr'>i</span> 
     </span>
     <span class='ocr_line' id='line_1_41' title="bbox 208 3821 2177 3907; baseline 0.001 -20"><span class='ocrx_word' id='word_1_588' title='bbox 208 3821 314 3907; x_wconf 88' lang='lat' dir='ltr'>gloria</span> <span class='ocrx_word' id='word_1_589' title='bbox 330 3823 471 3900; x_wconf 90' lang='lat' dir='ltr'>coelesti,</span> <span class='ocrx_word' id='word_1_590' title='bbox 499 3843 657 3907; x_wconf 87' lang='lat' dir='ltr'>negamus</span> <span class='ocrx_word' id='word_1_591' title='bbox 690 3821 775 3887; x_wconf 90' lang='lat' dir='ltr'>hano</span> <span class='ocrx_word' id='word_1_592' title='bbox 807 3821 996 3886; x_wconf 87' lang='lat' dir='ltr'>distantiam</span> <span class='ocrx_word' id='word_1_593' title='bbox 1025 3841 1096 3888; x_wconf 89' lang='lat' dir='ltr'>osse</span> <span class='ocrx_word' id='word_1_594' title='bbox 1124 3822 1180 3887; x_wconf 93' lang='lat' dir='ltr'>ob·</span> <span class='ocrx_word' id='word_1_595' title='bbox 1232 3830 1329 3888; x_wconf 90' lang='lat' dir='ltr'>terra.</span> <span class='ocrx_word' id='word_1_596' title='bbox 1376 3821 1479 3903; x_wconf 76' lang='lat' dir='ltr'>Quasi</span> <span class='ocrx_word' id='word_1_597' title='bbox 1499 3823 1631 3907; x_wconf 88' lang='lat' dir='ltr'>ignotus</span> <span class='ocrx_word' id='word_1_598' title='bbox 1653 3832 1739 3889; x_wconf 90' lang='lat' dir='ltr'>esset</span> <span class='ocrx_word' id='word_1_599' title='bbox 1759 3822 1857 3888; x_wconf 91' lang='lat' dir='ltr'>Pauli</span> <span class='ocrx_word' id='word_1_600' title='bbox 1878 3830 1992 3906; x_wconf 89' lang='lat' dir='ltr'>raptus</span> <span class='ocrx_word' id='word_1_601' title='bbox 2014 3841 2121 3905; x_wconf 88' lang='lat' dir='ltr'>supra</span> <span class='ocrx_word' id='word_1_602' title='bbox 2143 3832 2177 3888; x_wconf 87' lang='lat' dir='ltr'>te</span> 
     </span>
     <span class='ocr_line' id='line_1_42' title="bbox 209 3904 2183 3993; baseline 0.001 -19"><span class='ocrx_word' id='word_1_603' title='bbox 209 3908 333 3974; x_wconf 87' lang='lat' dir='ltr'>staculo</span> <span class='ocrx_word' id='word_1_604' title='bbox 354 3909 529 3992; x_wconf 90' lang='lat' dir='ltr'>quominus</span> <span class='ocrx_word' id='word_1_605' title='bbox 547 3929 623 3974; x_wconf 89' lang='lat' dir='ltr'>vere</span> <span class='ocrx_word' id='word_1_606' title='bbox 645 3909 738 3974; x_wconf 92' lang='lat' dir='ltr'>nobis</span> <span class='ocrx_word' id='word_1_607' title='bbox 760 3906 952 3973; x_wconf 87' lang='lat' dir='ltr'>coniunctus</span> <span class='ocrx_word' id='word_1_608' title='bbox 973 3907 1025 3972; x_wconf 80' lang='lat' dir='ltr'>sit</span> <span class='ocrx_word' id='word_1_609' title='bbox 1232 3909 1313 3973; x_wconf 92' lang='lat' dir='ltr'>tium</span> <span class='ocrx_word' id='word_1_610' title='bbox 1336 3907 1476 3973; x_wconf 87' lang='lat' dir='ltr'>coelum:</span> <span class='ocrx_word' id='word_1_611' title='bbox 1497 3929 1593 3991; x_wconf 92' lang='lat' dir='ltr'>quem</span> <span class='ocrx_word' id='word_1_612' title='bbox 1614 3917 1684 3974; x_wconf 90' lang='lat' dir='ltr'>tam</span> <span class='ocrx_word' id='word_1_613' title='bbox 1705 3908 1878 3992; x_wconf 89' lang='lat' dir='ltr'>magnifice</span> <span class='ocrx_word' id='word_1_614' title='bbox 1895 3904 2063 3990; x_wconf 89' lang='lat' dir='ltr'>praedicat</span> <span class='ocrx_word' id='word_1_615' title='bbox 2084 3906 2183 3993; x_wconf 79' lang='lat'><strong>(200</strong></span> 
     </span>
    </p>

    <p class='ocr_par' dir='ltr' id='par_1_3' title="bbox 208 3991 2309 4934">
     <span class='ocr_line' id='line_1_43' title="bbox 295 3991 2294 4078; baseline 0 -20"><span class='ocrx_word' id='word_1_616' title='bbox 295 3991 392 4074; x_wconf 80' lang='lat' dir='ltr'>Quod</span> <span class='ocrx_word' id='word_1_617' title='bbox 413 4015 508 4076; x_wconf 88' lang='lat' dir='ltr'>porro</span> <span class='ocrx_word' id='word_1_618' title='bbox 535 4014 640 4078; x_wconf 89' lang='lat' dir='ltr'>genus</span> <span class='ocrx_word' id='word_1_619' title='bbox 667 3993 870 4076; x_wconf 87' lang='lat' dir='ltr'>praesentiae</span> <span class='ocrx_word' id='word_1_620' title='bbox 898 3991 1040 4077; x_wconf 88' lang='lat' dir='ltr'>flagitet,</span> <span class='ocrx_word' id='word_1_621' title='bbox 1068 3992 1179 4058; x_wconf 91' lang='lat' dir='ltr'>obser-</span> <span class='ocrx_word' id='word_1_622' title='bbox 1235 3997 1283 4072; x_wconf 83' lang='lat'>12,</span> <span class='ocrx_word' id='word_1_623' title='bbox 1302 3994 1346 4078; x_wconf 83' lang='lat'>2).</span> <span class='ocrx_word' id='word_1_624' title='bbox 1392 3992 1480 4075; x_wconf 77' lang='lat' dir='ltr'>Quid</span> <span class='ocrx_word' id='word_1_625' title='bbox 1500 3993 1542 4059; x_wconf 92' lang='lat' dir='ltr'>ad</span> <span class='ocrx_word' id='word_1_626' title='bbox 1564 3993 1624 4060; x_wconf 93' lang='lat' dir='ltr'>hoc</span> <span class='ocrx_word' id='word_1_627' title='bbox 1641 3992 1852 4060; x_wconf 81' lang='lat' dir='ltr'>Heshusius?</span> <span class='ocrx_word' id='word_1_628' title='bbox 1887 3993 1999 4058; x_wconf 84' lang='lat' dir='ltr'>Verba</span> <span class='ocrx_word' id='word_1_629' title='bbox 2021 3992 2096 4058; x_wconf 90' lang='lat' dir='ltr'>eius</span> <span class='ocrx_word' id='word_1_630' title='bbox 2114 4004 2294 4060; x_wconf 71' lang='lat' dir='ltr'>sun-t</span> 
     </span>
     <span class='ocr_line' id='line_1_44' title="bbox 208 4076 2302 4163; baseline 0.002 -19"><span class='ocrx_word' id='word_1_631' title='bbox 208 4076 354 4144; x_wconf 84' lang='lat' dir='ltr'>vandum</span> <span class='ocrx_word' id='word_1_632' title='bbox 376 4087 452 4143; x_wconf 86' lang='lat' dir='ltr'>est.¹</span> <span class='ocrx_word' id='word_1_633' title='bbox 479 4078 578 4145; x_wconf 90' lang='lat' dir='ltr'>Initio</span> <span class='ocrx_word' id='word_1_634' title='bbox 600 4077 725 4145; x_wconf 91' lang='lat' dir='ltr'>diceres</span> <span class='ocrx_word' id='word_1_635' title='bbox 747 4079 913 4144; x_wconf 89' lang='lat' dir='ltr'>hominem</span> <span class='ocrx_word' id='word_1_636' title='bbox 934 4099 1034 4144; x_wconf 89' lang='lat' dir='ltr'>sanae</span> <span class='ocrx_word' id='word_1_637' title='bbox 1056 4098 1126 4144; x_wconf 89' lang='lat' dir='ltr'>esse</span> <span class='ocrx_word' id='word_1_638' title='bbox 1147 4085 1181 4144; x_wconf 90' lang='lat' dir='ltr'>et</span> <span class='ocrx_word' id='word_1_639' title='bbox 1231 4077 1342 4162; x_wconf 82' lang='lat' dir='ltr'>Supra</span> <span class='ocrx_word' id='word_1_640' title='bbox 1362 4100 1475 4146; x_wconf 86' lang='lat' dir='ltr'>omnes</span> <span class='ocrx_word' id='word_1_641' title='bbox 1495 4079 1601 4148; x_wconf 91' lang='lat' dir='ltr'>coelos</span> <span class='ocrx_word' id='word_1_642' title='bbox 1623 4100 1686 4163; x_wconf 91' lang='lat' dir='ltr'>quo</span> <span class='ocrx_word' id='word_1_643' title='bbox 1708 4077 1854 4146; x_wconf 92' lang='lat' dir='ltr'>ascendit</span> <span class='ocrx_word' id='word_1_644' title='bbox 1873 4078 1961 4144; x_wconf 89' lang='lat' dir='ltr'>filius</span> <span class='ocrx_word' id='word_1_645' title='bbox 1982 4078 2057 4156; x_wconf 91' lang='lat' dir='ltr'>Dei,</span> <span class='ocrx_word' id='word_1_646' title='bbox 2080 4079 2302 4149; x_wconf 73' lang='lat' dir='ltr'>Paul-u</span> 
     </span>
     <span class='ocr_line' id='line_1_45' title="bbox 209 4162 2287 4252; baseline 0 -22"><span class='ocrx_word' id='word_1_647' title='bbox 209 4162 405 4246; x_wconf 91' lang='lat' dir='ltr'>compositae</span> <span class='ocrx_word' id='word_1_648' title='bbox 427 4164 555 4229; x_wconf 91' lang='lat' dir='ltr'>mentis.</span> <span class='ocrx_word' id='word_1_649' title='bbox 604 4166 744 4231; x_wconf 83' lang='lat' dir='ltr'>Fatetur</span> <span class='ocrx_word' id='word_1_650' title='bbox 765 4163 935 4230; x_wconf 86' lang='lat' dir='ltr'>Christum</span> <span class='ocrx_word' id='word_1_651' title='bbox 963 4183 1035 4229; x_wconf 91' lang='lat' dir='ltr'>esse</span> <span class='ocrx_word' id='word_1_652' title='bbox 1061 4165 1180 4247; x_wconf 90' lang='lat' dir='ltr'>ubique</span> <span class='ocrx_word' id='word_1_653' title='bbox 1231 4166 1404 4231; x_wconf 88' lang='lat' dir='ltr'>transferri</span> <span class='ocrx_word' id='word_1_654' title='bbox 1425 4186 1491 4230; x_wconf 93' lang='lat' dir='ltr'>non</span> <span class='ocrx_word' id='word_1_655' title='bbox 1513 4165 1625 4249; x_wconf 90' lang='lat' dir='ltr'>potuit.</span> <span class='ocrx_word' id='word_1_656' title='bbox 1674 4164 1767 4230; x_wconf 90' lang='lat' dir='ltr'>Nihil</span> <span class='ocrx_word' id='word_1_657' title='bbox 1788 4163 1887 4243; x_wconf 85' lang='lat' dir='ltr'>addo,</span> <span class='ocrx_word' id='word_1_658' title='bbox 1915 4164 1979 4229; x_wconf 89' lang='lat' dir='ltr'>nisi</span> <span class='ocrx_word' id='word_1_659' title='bbox 2001 4164 2114 4248; x_wconf 83' lang='lat' dir='ltr'>sputis</span> <span class='ocrx_word' id='word_1_660' title='bbox 2136 4164 2287 4252; x_wconf 63' lang='lat' dir='ltr'>di-sg·</span> 
     </span>
     <span class='ocr_line' id='line_1_46' title="bbox 208 4248 2277 4335; baseline 0.001 -20"><span class='ocrx_word' id='word_1_661' title='bbox 208 4249 500 4315; x_wconf 88' lang='lat' dir='ltr'>communicatione</span> <span class='ocrx_word' id='word_1_662' title='bbox 520 4250 726 4329; x_wconf 88' lang='lat' dir='ltr'>idiomatum,</span> <span class='ocrx_word' id='word_1_663' title='bbox 755 4257 793 4316; x_wconf 93' lang='lat' dir='ltr'>ut</span> <span class='ocrx_word' id='word_1_664' title='bbox 814 4248 972 4315; x_wconf 87' lang='lat' dir='ltr'>traditum</span> <span class='ocrx_word' id='word_1_665' title='bbox 999 4249 1061 4315; x_wconf 92' lang='lat' dir='ltr'>fuit</span> <span class='ocrx_word' id='word_1_666' title='bbox 1082 4271 1102 4314; x_wconf 93' lang='lat' dir='ltr'>a</span> <span class='ocrx_word' id='word_1_667' title='bbox 1122 4271 1180 4332; x_wconf 90' lang='lat' dir='ltr'>pa-</span> <span class='ocrx_word' id='word_1_668' title='bbox 1231 4272 1311 4316; x_wconf 93' lang='lat' dir='ltr'>num</span> <span class='ocrx_word' id='word_1_669' title='bbox 1333 4271 1404 4317; x_wconf 91' lang='lat' dir='ltr'>esse</span> <span class='ocrx_word' id='word_1_670' title='bbox 1426 4251 1516 4318; x_wconf 90' lang='lat' dir='ltr'>hunc</span> <span class='ocrx_word' id='word_1_671' title='bbox 1534 4250 1710 4329; x_wconf 92' lang='lat' dir='ltr'>hominem,</span> <span class='ocrx_word' id='word_1_672' title='bbox 1732 4250 1788 4335; x_wconf 90' lang='lat' dir='ltr'>qui</span> <span class='ocrx_word' id='word_1_673' title='bbox 1809 4248 1914 4316; x_wconf 91' lang='lat' dir='ltr'>Paulo</span> <span class='ocrx_word' id='word_1_674' title='bbox 1936 4249 1978 4316; x_wconf 92' lang='lat' dir='ltr'>de</span> <span class='ocrx_word' id='word_1_675' title='bbox 1998 4270 2036 4315; x_wconf 91' lang='lat' dir='ltr'>se</span> <span class='ocrx_word' id='word_1_676' title='bbox 2057 4249 2277 4335; x_wconf 75' lang='lat' dir='ltr'>loquo-nc·</span> 
     </span>
     <span class='ocr_line' id='line_1_47' title="bbox 209 4333 2261 4421; baseline 0.001 -20"><span class='ocrx_word' id='word_1_677' title='bbox 209 4333 330 4401; x_wconf 89' lang='lat' dir='ltr'>tribus:</span> <span class='ocrx_word' id='word_1_678' title='bbox 359 4333 495 4417; x_wconf 90' lang='lat' dir='ltr'>ideoque</span> <span class='ocrx_word' id='word_1_679' title='bbox 517 4335 641 4400; x_wconf 89' lang='lat' dir='ltr'>Christi</span> <span class='ocrx_word' id='word_1_680' title='bbox 663 4342 781 4419; x_wconf 90' lang='lat' dir='ltr'>eorpus</span> <span class='ocrx_word' id='word_1_681' title='bbox 802 4355 868 4400; x_wconf 93' lang='lat' dir='ltr'>non</span> <span class='ocrx_word' id='word_1_682' title='bbox 891 4356 960 4401; x_wconf 90' lang='lat' dir='ltr'>esse</span> <span class='ocrx_word' id='word_1_683' title='bbox 983 4335 1102 4419; x_wconf 91' lang='lat' dir='ltr'>ubique</span> <span class='ocrx_word' id='word_1_684' title='bbox 1122 4334 1179 4402; x_wconf 89' lang='lat' dir='ltr'>sed</span> <span class='ocrx_word' id='word_1_685' title='bbox 1230 4337 1387 4421; x_wconf 90' lang='lat' dir='ltr'>abrogare</span> <span class='ocrx_word' id='word_1_686' title='bbox 1407 4335 1622 4417; x_wconf 89' lang='lat' dir='ltr'>fidemaudet</span> <span class='ocrx_word' id='word_1_687' title='bbox 1667 4335 1735 4402; x_wconf 80' lang='lat' dir='ltr'>Sed</span> <span class='ocrx_word' id='word_1_688' title='bbox 1755 4357 1855 4420; x_wconf 88' lang='lat' dir='ltr'>quum</span> <span class='ocrx_word' id='word_1_689' title='bbox 1877 4334 2031 4402; x_wconf 86' lang='lat' dir='ltr'>Christus</span> <span class='ocrx_word' id='word_1_690' title='bbox 2053 4335 2261 4408; x_wconf 57' lang='lat' dir='ltr'>distincte</span> 
     </span>
     <span class='ocr_line' id='line_1_48' title="bbox 208 4419 2245 4506; baseline 0.001 -19"><span class='ocrx_word' id='word_1_691' title='bbox 208 4430 342 4505; x_wconf 88' lang='lat' dir='ltr'>propter</span> <span class='ocrx_word' id='word_1_692' title='bbox 370 4420 522 4485; x_wconf 91' lang='lat' dir='ltr'>unionem</span> <span class='ocrx_word' id='word_1_693' title='bbox 549 4419 678 4488; x_wconf 90' lang='lat' dir='ltr'>divinae</span> <span class='ocrx_word' id='word_1_694' title='bbox 708 4431 846 4487; x_wconf 88' lang='lat' dir='ltr'>naturae</span> <span class='ocrx_word' id='word_1_695' title='bbox 875 4421 934 4486; x_wconf 91' lang='lat' dir='ltr'>toti</span> <span class='ocrx_word' id='word_1_696' title='bbox 961 4441 1118 4505; x_wconf 87' lang='lat' dir='ltr'>personae</span> <span class='ocrx_word' id='word_1_697' title='bbox 1145 4421 1180 4486; x_wconf 92' lang='lat' dir='ltr'>in</span> <span class='ocrx_word' id='word_1_698' title='bbox 1231 4421 1347 4487; x_wconf 86' lang='lat' dir='ltr'>offerat</span> <span class='ocrx_word' id='word_1_699' title='bbox 1366 4422 1401 4487; x_wconf 92' lang='lat' dir='ltr'>in</span> <span class='ocrx_word' id='word_1_700' title='bbox 1414 4444 1500 4505; x_wconf 90' lang='lat' dir='ltr'>pane</span> <span class='ocrx_word' id='word_1_701' title='bbox 1513 4442 1629 4506; x_wconf 84' lang='lat' dir='ltr'>corpus</span> <span class='ocrx_word' id='word_1_702' title='bbox 1650 4442 1755 4501; x_wconf 90' lang='lat' dir='ltr'>suum,</span> <span class='ocrx_word' id='word_1_703' title='bbox 1784 4422 1874 4487; x_wconf 92' lang='lat' dir='ltr'>etin</span> <span class='ocrx_word' id='word_1_704' title='bbox 1899 4421 1976 4486; x_wconf 90' lang='lat' dir='ltr'>vino</span> <span class='ocrx_word' id='word_1_705' title='bbox 1998 4423 2245 4506; x_wconf 62' lang='lat' dir='ltr'>sanguinem,</span> 
     </span>
     <span class='ocr_line' id='line_1_49' title="bbox 208 4504 2239 4591; baseline 0.002 -19"><span class='ocrx_word' id='word_1_706' title='bbox 208 4516 358 4573; x_wconf 91' lang='lat' dir='ltr'>concreto</span> <span class='ocrx_word' id='word_1_707' title='bbox 380 4505 441 4571; x_wconf 90' lang='lat' dir='ltr'>hoo</span> <span class='ocrx_word' id='word_1_708' title='bbox 463 4505 571 4570; x_wconf 89' lang='lat' dir='ltr'>tribui.</span> <span class='ocrx_word' id='word_1_709' title='bbox 620 4507 713 4574; x_wconf 88' lang='lat' dir='ltr'>Haeo</span> <span class='ocrx_word' id='word_1_710' title='bbox 739 4528 874 4590; x_wconf 88' lang='lat' dir='ltr'>prorsus</span> <span class='ocrx_word' id='word_1_711' title='bbox 901 4518 1013 4573; x_wconf 90' lang='lat' dir='ltr'>nostra</span> <span class='ocrx_word' id='word_1_712' title='bbox 1034 4514 1086 4572; x_wconf 92' lang='lat' dir='ltr'>est</span> <span class='ocrx_word' id='word_1_713' title='bbox 1105 4504 1180 4573; x_wconf 91' lang='lat' dir='ltr'>doo-</span> <span class='ocrx_word' id='word_1_714' title='bbox 1231 4507 1412 4574; x_wconf 87' lang='lat' dir='ltr'>cohibenda</span> <span class='ocrx_word' id='word_1_715' title='bbox 1439 4519 1489 4573; x_wconf 92' lang='lat' dir='ltr'>est</span> <span class='ocrx_word' id='word_1_716' title='bbox 1516 4507 1681 4591; x_wconf 83' lang='lat' dir='ltr'>protervia</span> <span class='ocrx_word' id='word_1_717' title='bbox 1707 4514 1742 4573; x_wconf 91' lang='lat' dir='ltr'>et</span> <span class='ocrx_word' id='word_1_718' title='bbox 1768 4508 1949 4574; x_wconf 89' lang='lat' dir='ltr'>euriositas.</span> <span class='ocrx_word' id='word_1_719' title='bbox 1992 4505 2125 4587; x_wconf 78' lang='lat' dir='ltr'>Fateor,</span> <span class='ocrx_word' id='word_1_720' title='bbox 2154 4509 2239 4576; x_wconf 72' lang='lat' dir='ltr'>esd</span> 
     </span>
     <span class='ocr_line' id='line_1_50' title="bbox 208 4591 2226 4678; baseline 0.001 -21"><span class='ocrx_word' id='word_1_721' title='bbox 208 4591 312 4657; x_wconf 91' lang='lat' dir='ltr'>trina:</span> <span class='ocrx_word' id='word_1_722' title='bbox 345 4597 384 4656; x_wconf 91' lang='lat' dir='ltr'>ut</span> <span class='ocrx_word' id='word_1_723' title='bbox 409 4591 516 4656; x_wconf 90' lang='lat' dir='ltr'>videri</span> <span class='ocrx_word' id='word_1_724' title='bbox 541 4600 641 4673; x_wconf 90' lang='lat' dir='ltr'>queat</span> <span class='ocrx_word' id='word_1_725' title='bbox 666 4593 919 4676; x_wconf 88' lang='lat' dir='ltr'>praevaricando</span> <span class='ocrx_word' id='word_1_726' title='bbox 932 4592 956 4678; x_wconf 91' lang='lat'>¹)</span> <span class='ocrx_word' id='word_1_727' title='bbox 985 4591 1093 4658; x_wconf 87' lang='lat' dir='ltr'>redire</span> <span class='ocrx_word' id='word_1_728' title='bbox 1120 4612 1180 4658; x_wconf 92' lang='lat' dir='ltr'>nc·</span> <span class='ocrx_word' id='word_1_729' title='bbox 1231 4614 1297 4658; x_wconf 91' lang='lat' dir='ltr'>non</span> <span class='ocrx_word' id='word_1_730' title='bbox 1314 4593 1395 4660; x_wconf 61' lang='lat' dir='ltr'>&gt;iude</span> <span class='ocrx_word' id='word_1_731' title='bbox 1423 4595 1572 4678; x_wconf 90' lang='lat' dir='ltr'>sequitur</span> <span class='ocrx_word' id='word_1_732' title='bbox 1598 4593 1795 4659; x_wconf 88' lang='lat' dir='ltr'>oleudendos</span> <span class='ocrx_word' id='word_1_733' title='bbox 1821 4599 1892 4672; x_wconf 81' lang='lat' dir='ltr'>[pag.</span> <span class='ocrx_word' id='word_1_734' title='bbox 1911 4598 1964 4671; x_wconf 65' lang='grc' dir='ltr'>ιτ]</span> <span class='ocrx_word' id='word_1_735' title='bbox 1992 4613 2065 4659; x_wconf 90' lang='lat' dir='ltr'>esse</span> <span class='ocrx_word' id='word_1_736' title='bbox 2094 4594 2226 4660; x_wconf 81' lang='lat' dir='ltr'>ocules</span> 
     </span>
     <span class='ocr_line' id='line_1_51' title="bbox 208 4675 2309 4764; baseline 0 -19"><span class='ocrx_word' id='word_1_737' title='bbox 208 4678 336 4745; x_wconf 89' lang='lat' dir='ltr'>bisoum</span> <span class='ocrx_word' id='word_1_738' title='bbox 357 4676 443 4742; x_wconf 91' lang='lat' dir='ltr'>velle</span> <span class='ocrx_word' id='word_1_739' title='bbox 464 4678 499 4744; x_wconf 87' lang='lat' dir='ltr'>in</span> <span class='ocrx_word' id='word_1_740' title='bbox 521 4676 668 4762; x_wconf 90' lang='lat' dir='ltr'>gratiam.</span> <span class='ocrx_word' id='word_1_741' title='bbox 717 4677 830 4762; x_wconf 87' lang='lat' dir='ltr'>Neque</span> <span class='ocrx_word' id='word_1_742' title='bbox 860 4698 957 4764; x_wconf 82' lang='lat' dir='ltr'>aegre</span> <span class='ocrx_word' id='word_1_743' title='bbox 979 4677 1180 4744; x_wconf 88' lang='lat' dir='ltr'>admittimus</span> <span class='ocrx_word' id='word_1_744' title='bbox 1230 4675 1273 4743; x_wconf 89' lang='lat' dir='ltr'>ad</span> <span class='ocrx_word' id='word_1_745' title='bbox 1293 4678 1453 4763; x_wconf 87' lang='lat' dir='ltr'>fulgorem</span> <span class='ocrx_word' id='word_1_746' title='bbox 1474 4679 1553 4746; x_wconf 88' lang='lat' dir='ltr'>solis</span> <span class='ocrx_word' id='word_1_747' title='bbox 1574 4677 1759 4745; x_wconf 90' lang='lat' dir='ltr'>arcendum.</span> <span class='ocrx_word' id='word_1_748' title='bbox 1803 4677 1895 4760; x_wconf 78' lang='lat' dir='ltr'>Quin</span> <span class='ocrx_word' id='word_1_749' title='bbox 1916 4678 2026 4761; x_wconf 89' lang='lat' dir='ltr'>potius</span> <span class='ocrx_word' id='word_1_750' title='bbox 2046 4679 2075 4745; x_wconf 90' lang='lat' dir='ltr'>si</span> <span class='ocrx_word' id='word_1_751' title='bbox 2096 4679 2215 4745; x_wconf 83' lang='lat' dir='ltr'>cousi·</span> <span class='ocrx_word' id='word_1_752' title='bbox 2307 4759 2309 4761; x_wconf 17' lang='lat'>¹</span> 
     </span>
     <span class='ocr_line' id='line_1_52' title="bbox 210 4762 2205 4850; baseline 0.001 -22"><span class='ocrx_word' id='word_1_753' title='bbox 210 4763 295 4847; x_wconf 89' lang='lat' dir='ltr'>quod</span> <span class='ocrx_word' id='word_1_754' title='bbox 317 4763 461 4828; x_wconf 88' lang='lat' dir='ltr'>subiicit:</span> <span class='ocrx_word' id='word_1_755' title='bbox 489 4762 685 4847; x_wconf 87' lang='lat' dir='ltr'>Investigari</span> <span class='ocrx_word' id='word_1_756' title='bbox 711 4785 775 4829; x_wconf 92' lang='lat' dir='ltr'>non</span> <span class='ocrx_word' id='word_1_757' title='bbox 805 4785 900 4847; x_wconf 91' lang='lat' dir='ltr'>posse</span> <span class='ocrx_word' id='word_1_758' title='bbox 926 4763 1087 4848; x_wconf 90' lang='lat' dir='ltr'>quomodo</span> <span class='ocrx_word' id='word_1_759' title='bbox 1108 4783 1180 4830; x_wconf 91' lang='lat' dir='ltr'>cor·</span> <span class='ocrx_word' id='word_1_760' title='bbox 1230 4762 1398 4831; x_wconf 89' lang='lat' dir='ltr'>deratione</span> <span class='ocrx_word' id='word_1_761' title='bbox 1418 4765 1554 4850; x_wconf 90' lang='lat' dir='ltr'>dignum</span> <span class='ocrx_word' id='word_1_762' title='bbox 1580 4773 1631 4832; x_wconf 89' lang='lat' dir='ltr'>est</span> <span class='ocrx_word' id='word_1_763' title='bbox 1657 4764 1866 4850; x_wconf 82' lang='lat' dir='ltr'>mysterium,</span> <span class='ocrx_word' id='word_1_764' title='bbox 1895 4762 2065 4831; x_wconf 85' lang='lat' dir='ltr'>attendere</span> <span class='ocrx_word' id='word_1_765' title='bbox 2084 4785 2205 4831; x_wconf 83' lang='lat' dir='ltr'>conve·</span> 
     </span>
     <span class='ocr_line' id='line_1_53' title="bbox 210 4847 1262 4934; baseline -0.004 -18"><span class='ocrx_word' id='word_1_766' title='bbox 210 4869 272 4932; x_wconf 86' lang='lat' dir='ltr'>pus</span> <span class='ocrx_word' id='word_1_767' title='bbox 294 4847 418 4915; x_wconf 87' lang='lat' dir='ltr'>Christi</span> <span class='ocrx_word' id='word_1_768' title='bbox 440 4849 540 4916; x_wconf 88' lang='lat' dir='ltr'>sitin</span> <span class='ocrx_word' id='word_1_769' title='bbox 561 4856 650 4914; x_wconf 89' lang='lat' dir='ltr'>certo</span> <span class='ocrx_word' id='word_1_770' title='bbox 671 4848 751 4914; x_wconf 90' lang='lat' dir='ltr'>coeli</span> <span class='ocrx_word' id='word_1_771' title='bbox 772 4849 857 4928; x_wconf 92' lang='lat' dir='ltr'>loco,</span> <span class='ocrx_word' id='word_1_772' title='bbox 886 4871 985 4934; x_wconf 88' lang='lat' dir='ltr'>supra</span> <span class='ocrx_word' id='word_1_773' title='bbox 1006 4848 1120 4928; x_wconf 89' lang='lat' dir='ltr'>coelos,</span> <span class='ocrx_word' id='word_1_774' title='bbox 1147 4856 1181 4914; x_wconf 92' lang='lat' dir='ltr'>et</span> <span class='ocrx_word' id='word_1_775' title='bbox 1228 4928 1231 4933; x_wconf 24' lang='grc'>1</span> <span class='ocrx_word' id='word_1_776' title='bbox 1257 4914 1262 4923; x_wconf 72' lang='grc'><strong>,</strong></span> 
     </span>
    </p>
   </div>
   <div class='ocr_carea' id='block_1_3' title="bbox 1234 4941 1437 4949">
    <p class='ocr_par' dir='ltr' id='par_1_4' title="bbox 1234 4941 1437 4949">
     <span class='ocr_line' id='line_1_54' title="bbox 1234 4941 1437 4949; baseline 0.01 -3"><span class='ocrx_word' id='word_1_777' title='bbox 1234 4941 1437 4949; x_wconf 50' lang='grc' dir='ltr'>...ΗΔ-...υ-</span> 
     </span>
    </p>
   </div>
   <div class='ocr_carea' id='block_1_4' title="bbox 282 5050 2310 5201">
    <p class='ocr_par' dir='ltr' id='par_1_5' title="bbox 282 5002 2310 5201">
     <span class='ocr_line' id='line_1_55' title="bbox 1300 5050 2284 5137; baseline -0.001 -29"><span class='ocrx_word' id='word_1_778' title='bbox 1300 5056 1328 5120; x_wconf 81' lang='lat'>1)</span> <span class='ocrx_word' id='word_1_779' title='bbox 1347 5055 1435 5110; x_wconf 79' lang='lat' dir='ltr'>Christ</span> <span class='ocrx_word' id='word_1_780' title='bbox 1452 5055 1540 5110; x_wconf 89' lang='lat' dir='ltr'>entier</span> <span class='ocrx_word' id='word_1_781' title='bbox 1556 5061 1599 5137; x_wconf 78' lang='lat' dir='ltr'>est</span> <span class='ocrx_word' id='word_1_782' title='bbox 1616 5060 1743 5124; x_wconf 78' lang='lat' dir='ltr'>portent,</span> <span class='ocrx_word' id='word_1_783' title='bbox 1765 5054 1833 5137; x_wconf 86' lang='lat' dir='ltr'>mais</span> <span class='ocrx_word' id='word_1_784' title='bbox 1856 5054 1882 5110; x_wconf 87' lang='lat' dir='ltr'>le</span> <span class='ocrx_word' id='word_1_785' title='bbox 1907 5060 1968 5109; x_wconf 90' lang='lat' dir='ltr'>tout</span> <span class='ocrx_word' id='word_1_786' title='bbox 1986 5054 2019 5110; x_wconf 84' lang='lat' dir='ltr'>de</span> <span class='ocrx_word' id='word_1_787' title='bbox 2037 5050 2131 5118; x_wconf 78' lang='lat' dir='ltr'>Christ,</span> <span class='ocrx_word' id='word_1_788' title='bbox 2149 5067 2174 5107; x_wconf 86' lang='lat' dir='ltr'>or</span> <span class='ocrx_word' id='word_1_789' title='bbox 2281 5095 2284 5106; x_wconf 86' lang='lat'>.</span> 
     </span>
     <span class='ocr_line' id='line_1_56' title="bbox 282 5120 2310 5201; baseline 0.002 -29"><span class='ocrx_word' id='word_1_790' title='bbox 282 5120 311 5188; x_wconf 86' lang='lat'>1)</span> <span class='ocrx_word' id='word_1_791' title='bbox 330 5137 363 5177; x_wconf 85' lang='lat' dir='ltr'>en</span> <span class='ocrx_word' id='word_1_792' title='bbox 382 5129 545 5200; x_wconf 71' lang='lat' dir='ltr'>tournopsat</span> <span class='ocrx_word' id='word_1_793' title='bbox 562 5124 578 5179; x_wconf 83' lang='lat' dir='ltr'>t</span> <span class='ocrx_word' id='word_1_794' title='bbox 595 5137 626 5179; x_wconf 85' lang='lat' dir='ltr'>ce</span> <span class='ocrx_word' id='word_1_795' title='bbox 646 5137 722 5189; x_wconf 83' lang='lat' dir='ltr'>ocup.</span> <span class='ocrx_word' id='word_1_796' title='bbox 1198 5165 1200 5174; x_wconf 76' lang='grc'><em>,</em></span> <span class='ocrx_word' id='word_1_797' title='bbox 1231 5124 1513 5201; x_wconf 84' lang='lat' dir='ltr'>tentosqulesten</span> <span class='ocrx_word' id='word_1_798' title='bbox 1531 5122 1780 5193; x_wconf 64' lang='lat' dir='ltr'>causalissima</span> <span class='ocrx_word' id='word_1_799' title='bbox 1798 5128 1917 5193; x_wconf 82' lang='lat' dir='ltr'>partout.</span> <span class='ocrx_word' id='word_1_800' title='bbox 2273 5121 2310 5155; x_wconf 47' lang='lat' dir='ltr'>s·</span> 
     </span>
    </p>
   </div>
   <div class='ocr_carea' id='block_1_5' title="bbox 0 0 2320 5828">
    <p class='ocr_par' dir='ltr' id='par_1_6' title="bbox 0 0 2320 5828">
     <span class='ocr_line' id='line_1_57' title="bbox 0 0 2320 5828; baseline 0 0"><span class='ocrx_word' id='word_1_801' title='bbox 0 0 2320 5828; x_wconf 95' lang='lat' dir='ltr'> </span> 
     </span>
    </p>
   </div>
  </div>
 </body>
</html>
