4724 5886
931 310 936 320 ·
1004 293 1370 382 5555555555
2019 298 2162 386 mn

163 498 324 566 Riaatim
350 519 387 565 ac
408 501 539 582 proprie
559 499 699 580 Balseci,
728 499 928 568 castellionis
954 504 1137 569 doliorum
1159 504 1364 586 quorundam
1396 505 1435 570 55
1464 506 1595 571 acritate
1627 507 1743 572 scilicet
1763 506 1853 572 55155
1879 506 2083 573 sollicitirum
2104 507 2159 573 lo-

157 614 297 692 minum,
326 631 421 693 opera
446 611 613 676 utebantur
640 614 864 679 mntroaersiac
884 614 923 679 55
939 615 1224 697 praedestinatione
1244 616 1445 695 recusandae,
1468 616 1544 682 aaa
1565 621 1601 683 ut
1617 618 1775 701 famomrn
1795 617 1932 684 libellum
1948 619 2158 685 murmurum

153 725 288 806 plectum
304 744 435 805 eumque
456 741 631 806 anonymae
651 725 808 805 sparsisse
828 746 890 790 non
911 728 1048 806 contenti,
1077 747 1138 809 auo
1158 727 1258 808 55555
1278 728 1371 794 ilum
1392 727 1457 795 Dei
1478 748 1601 793 serrum
1622 730 1716 794 miris
1737 730 1839 796 modis
1859 730 2043 808 lacerabant,
2065 731 2158 796 mise-

158 838 204 901 rit
225 833 372 901 castellio
395 834 527 899 latinum
548 836 682 900 altorum
703 836 848 902 15551155
868 838 948 902 dam
969 838 1188 918 esculentum,
1209 839 1262 931 cui
1277 842 1388 921 555155
1403 839 1558 922 respondi,
1586 840 1667 905 siant
1688 846 1716 905 et
1737 841 1806 922 ipse
1829 839 1982 907 05151555
2002 842 2156 924 55555555

157 951 301 1016 meten
321 950 496 1033 arptementi
516 949 653 1030 ineptias
673 949 766 1013 certis
787 949 940 1031 eapitnlons
961 946 1195 1032 comprehensas
1215 950 1370 1032 refutant.
1405 949 1469 1016 Ubi
1492 949 1661 1016 evidenter
1683 951 1746 1018 duo
1760 953 1891 1034 'saripta
1912 951 2068 1019 adversus
2080 951 2157 1018 (151-

158 1063 278 1127 rinum
300 1060 388 1126 edita
407 1067 642 1138 memorantur,
665 1080 803 1142 quorum
826 1060 967 1125 alterum
989 1082 1176 1146 anonymon
1198 1061 1328 1141 dicitur,
1351 1061 1492 1127 alterum
1512 1062 1660 1128 latinum.
1705 1063 1759 1128 115
1780 1083 1844 1148 quo
1865 1064 2016 1130 fortassis
2039 1064 2156 1147 aliquis

159 1174 270 1240 eliciet
297 1173 441 1256 priorem
467 1171 613 1237 libellum
642 1171 756 1255 gallice
782 1172 882 1237 fuisse
898 1179 1096 1251 'exaratum
1125 1174 1337 1256 posteriorem
1368 1196 1445 1240 vero
1473 1173 1680 1240 Oastellionis
1708 1196 1830 1240 nomen
1857 1196 1936 1259 prae
1964 1197 2000 1241 55
2029 1175 2153 1240 tulisse.

160 1285 259 1366 Quod
282 1305 326 1350 55
346 1284 435 1349 Bana
456 1283 563 1349 dicere
585 1283 735 1360 voluerit,
757 1282 893 1378 minime
915 1284 1079 1349 affirmem
1096 1286 1265 1361 ausimus,
1286 1307 1390 1368 nequa
1417 1285 1451 1350 id
1478 1306 1556 1351 vero
1586 1283 1843 1352 consentaneum
1864 1287 1980 1352 fuisset
2001 1286 2091 1350 omui
2113 1308 2155 1350 ex

158 1406 263 1481 parte.
307 1394 397 1476 Quid
418 1394 505 1478 quod
526 1396 596 1460 eius
618 1395 735 1473 verba,
764 1396 791 1460 si
821 1397 1004 1462 accuratius
1032 1381 1305 1478 consideraveris,
1334 1398 1470 1462 tertium
1490 1395 1653 1480 quoddam
1676 1399 1835 1481 seriptum
1858 1399 1972 1463 sistere
1993 1396 2155 1473 videntur,

158 1510 189 1576 si
211 1507 342 1592 quidem
362 1506 446 1571 illud
467 1505 553 1589 quod
575 1506 661 1572 olam
681 1507 850 1572 Lutetiam
872 1508 1009 1571 missum
1031 1488 1110 1572 dicit
1131 1500 1172 1573 ab
1195 1531 1232 1573 oo
1256 1508 1422 1574 diversum
1444 1509 1559 1575 feceris
1588 1510 1681 1574 ouius
1710 1509 1850 1592 ineptias
1877 1510 1975 1575 certis
1993 1508 2155 1592 capitibus

113 1614 117 1619 ’
157 1620 411 1703 comprehensas
434 1639 454 1683 a
475 1617 614 1683 Calvino
636 1618 793 1684 refutatas
814 1640 885 1684 5555
906 1617 1057 1684 declarat.
1102 1619 1214 1684 Etiam
1231 1625 1446 1686 555551554
1467 1643 1535 1685 555
1555 1641 1672 1704 parum
1692 1621 1786 1686 nobis
1809 1629 1979 1703 suspectus
2001 1628 2062 1698 est,
2082 1619 2157 1703 plu·

157 1731 451 1809 mausiacensis,
475 1731 617 1794 maxime
638 1751 716 1795 vero
738 1729 811 1794 ideo
833 1728 920 1812 quod
944 1730 1015 1812 ipse
1037 1730 1125 1796 Bora
1152 1731 1264 1814 paucis
1291 1732 1423 1816 paginis
1449 1731 1629 1798 interiectis
1658 1731 1701 1796 ad
1728 1731 1817 1796 idem
1845 1740 2075 1817 argumentum
2098 1731 2156 1796 de·

156 1846 271 1927 lapsus
290 1843 372 1908 haec
393 1842 494 1909 habet
514 1840 556 1905 ad
578 1863 606 1907 a
633 1845 715 1905 1557
737 1842 854 1906 re'lata:
887 1842 974 1906 Tunc
1001 1863 1119 1924 auoque
1146 1831 1212 1908 tum
1234 1843 1273 1908 ab
1295 1843 1349 1908 illo
1371 1844 1554 1909 tumeliam
1582 1864 1604 1908 a
1623 1864 1671 1908 me
1691 1844 1845 1925 refutatae
1865 1849 1938 1907 sunt
1961 1842 2157 1909 Oastellionis

156 1955 311 2022 55555555
331 1960 490 2020 55555555
511 1953 575 2019 Dei
593 1954 907 2036 praedominationem
924 1953 1101 2020 aalmnniae
1122 1975 1203 2036 guas
1223 1954 1276 2020 ille
1299 1975 1467 2037 suppresso
1488 1955 1620 2019 nomine
1638 1955 1834 2038 sparpenelas
1855 1959 1992 2021 curarat.
2034 1954 2156 2020 Postea

158 2090 237 2134 vero
261 2088 364 2150 quum
386 2066 513 2148 Corpus
536 2066 751 2129 Traotatuum
772 2064 897 2143 ederet,
925 2074 1100 2149 utrumque
1122 2064 1255 2132 Caluini
1276 2066 1397 2131 librum
1420 2072 1536 2132 eontra
1557 2064 1791 2131 Castellianum
1812 2065 1938 2130 editum
1959 2065 2000 2129 ad
2023 2089 2051 2130 a.
2077 2064 2159 2132 1554

155 2179 268 2244 (15555
290 2178 413 2243 rotulit
447 2176 689 2258 Quaenamtali
710 2177 862 2258 scriptori
883 2177 920 2240 iu
942 2175 1133 2243 definiendis
1144 2185 1330 2262 temporum
1345 2177 1528 2243 rationibus
1550 2177 1651 2244 tribui
1673 2177 1755 2243 fides
1765 2175 1882 2243 debeat
1903 2184 1940 2240 tu
1950 2177 2022 2260 ipse
2033 2176 2156 2245 videas.

159 2304 162 2307 ’
277 2324 278 2327 ¹
312 2290 434 2354 Fusius
457 2287 497 2353 dc
517 2284 634 2354 iisdem
657 2289 753 2353 rebus
776 2289 845 2372 agit
866 2288 947 2353 Vita
969 2287 1083 2353 endem
1105 2289 1221 2374 galliae
1243 2285 1339 2367 edita,
1362 2290 1469 2354 Bonae
1490 2288 1619 2372 quidem
1640 2291 1781 2367 nomine,
1807 2287 1863 2354 sed
1887 2286 2058 2353 Oolladoni
2080 2288 2157 2354 stilo

157 2409 302 2480 exarata,
323 2402 381 2467 ubi
403 2400 445 2465 ad
466 2421 494 2465 a
521 2404 601 2464 1558
624 2399 704 2465 15555
725 2401 882 2483 reperies:
906 2399 941 2464 ll
961 2421 1101 2482 composa
1122 2421 1166 2466 au
1186 2405 1434 2468 commencement
1454 2401 1492 2466 55
1513 2401 1633 2466 lannie
1653 2420 1714 2465 une
1727 2399 1885 2483 Responsa
1905 2420 1972 2465 aun
1992 2398 2159 2466 5515555155

154 2515 235 2581 etun
251 2513 368 2579 certain
389 2512 551 2592 55551555,
573 2513 628 2594 qni
649 2532 726 2577 sans
745 2533 779 2576 55
801 2532 938 2577 nominer
969 2512 1148 2594 (rependant
1169 2513 1282 2578 c’estoit
1305 2511 1463 2578 Sebastien
1487 2510 1672 2594 Olastillon)
1695 2512 1827 2577 tascltait
1843 2512 1881 2576 55
1901 2508 2013 2582 rendre
2033 2520 2158 2585 5515555

154 2628 191 2694 15
212 2625 350 2692 scanne
370 2625 488 2689 saincte
509 2624 547 2689 55
567 2623 599 2688 la
616 2623 802 2705 5555155555
822 2601 932 2689 secrete
952 2623 990 2689 55
1011 2621 1107 2698 Dieu,
1133 2620 1308 2706 ausquelles
1329 2624 1495 2689 5515555155
1517 2623 1608 2689 aussi
1629 2624 1695 2706 i’ap
1715 2625 1872 2706 responde
1894 2645 1997 2693 encore
2011 2629 2090 2710 plns
2111 2651 2156 2695 au

151 2739 233 2822 lorsp
271 2737 315 2803 Or
337 2737 478 2801 el’autant
498 2755 557 2816 que
577 2735 652 2799 leoltt
665 2733 834 2801 Olastillon
856 2740 930 2800 s'est
950 2741 1070 2801 convert
1090 2737 1128 2802 55
1149 2737 1278 2818 quelque
1299 2756 1469 2818 appaream
1490 2725 1528 2801 55
1548 2736 1720 2801 douaauet
1737 2756 1758 2800 a
1775 2736 1867 2800 oculu
1884 2738 2030 2819 diffamer
2045 2739 2157 2806 Calain

151 2871 269 2916 wmmc
289 2849 406 2915 lomene
421 2847 510 2930 plein
530 2846 690 2931 a'aipreur
710 2851 738 2941 et
759 2852 928 2913 amertumc
954 2847 979 2912 il
1006 2867 1080 2913 sera
1106 2846 1164 2912 bon
1189 2848 1257 2913 555
1284 2847 1405 2914 tonclur
1425 2847 1504 2929 plus
1537 2847 1722 2928 amplement
1740 2854 1800 2913 eto.
1851 2848 1956 2913 Porro
1986 2851 2092 2918 multa
2111 2852 2155 2918 115

150 2962 367 3030 Oastellionis
388 2961 464 3026 fatis
486 2960 617 3042 scriptis
636 2967 670 3024 et
692 2960 856 3025 erroribus
877 2960 1045 3042 praefatus
1063 2968 1160 3024 autor
1180 2958 1314 3036 tandem
1335 2979 1418 3041 quae
1439 2958 1504 3024 huc
1525 2960 1693 3041 pertinent
1714 2960 1825 3040 paucis
1837 2960 1991 3026 absolvit:
2014 2962 2050 3028 ll
2071 2966 2156 3030 auoit

148 3075 234 3159 faict
254 3073 344 3139 aussi
365 3074 515 3137 certaines
536 3071 733 3136 annotatione
749 3091 807 3135 sur
828 3070 856 3135 le
876 3072 1062 3154 neusoiesme
1083 3070 1224 3152 olapitre
1244 3070 1453 3151 5551551555
1474 3082 1540 3134 aua
1553 3069 1708 3135 Romaim
1723 3091 1789 3161 par
1797 3072 1970 3153 Ι’1555555155
1987 3073 2013 3137 il
2034 3073 2155 3140 establit

151 3185 402 3268 manifestement
422 3183 450 3249 le
466 3184 707 3266 pelopianisrne‚
737 3188 822 3247 ano
842 3183 1012 3265 recopuoist
1033 3202 1136 3248 aucun
1157 3183 1313 3249 decretae
1334 3181 1422 3248 Dieu
1443 3182 1534 3247 sinon
1554 3182 1588 3246 55
1605 3181 1708 3247 closes
1728 3183 1784 3263 aui
1805 3189 1874 3248 sont
1894 3183 2006 3249 oannes
2027 3186 2064 3250 55
2085 3186 2155 3251 leur

153 3302 277 3374 nature,
299 3297 440 3379 torpeant
462 3316 500 3359 ea
516 3295 602 3360 Dieu
623 3315 684 3359 une
699 3295 891 3377 pennission
912 3295 1066 3360 coturnice
1087 3294 1108 3357 ὰ
1129 3314 1167 3359 55
1188 3295 1307 3359 aolome'
1327 3299 1354 3359 et
1375 3314 1456 3359 nous
1476 3295 1632 3377 innposant
1650 3293 1841 3375 faussement
1858 3314 1916 3375 aue
1932 3298 2012 3360 nous
2030 3297 2154 3377 faisans

153 3407 243 3473 Dieu
265 3407 398 3472 autlem
418 3408 455 3472 55
474 3406 574 3489 poelt.
621 3405 700 3471 Tota
724 3407 789 3472 cela
810 3410 957 3472 n’esmeut
977 3409 1179 3471 anaunement
1204 3396 1346 3486 155555
1373 3407 1527 3470 seraitaer
1554 3405 1591 3470 55
1612 3405 1714 3485 Dieu,
1742 3386 1884 3471 5555551
1915 3428 1972 3488 que
1999 3407 2088 3472 alesia
2114 3428 2154 3472 on

153 3520 241 3585 auoit
261 3519 347 3585 multe
364 3519 428 3600 sois
448 3518 603 3602 responolu
625 3519 647 3582 5
666 3522 762 3583 tontes
781 3518 866 3584 telles
887 3518 1056 3583 calomnies
1078 3522 1260 3598 et'errenrs,
1279 3517 1450 3599 15555555
1471 3537 1503 3582 ce
1523 3518 1675 3599 an’r'celup
1691 3535 1803 3582 mesme
1821 3519 1858 3599 fit
1878 3539 1922 3582 un
1944 3520 2058 3584 recueil
2073 3519 2155 3584 latin

152 3633 194 3698 55
214 3632 348 3696 certains
369 3630 492 3696 5515155
513 3635 541 3694 ct
562 3650 727 3714 arpumens
748 3630 919 3712 pu'aucuns
940 3629 1080 3712 51555551
1100 3630 1191 3694 avoir
1218 3630 1347 3694 estraits
1373 3629 1428 3694 555
1449 3629 1544 3694 liores
1562 3630 1600 3694 55
1623 3627 1668 3692 M
1691 3624 1769 3692 Iean
1793 3627 1906 3694 Calain
1927 3651 1948 3711 5
1969 3631 2156 3696 actioustant

153 3744 309 3809 certaines
328 3742 493 3823 repliancs.
548 3742 592 3806 Et
611 3742 661 3823 fut
681 3762 714 3806 cc
734 3741 813 3806 liare
834 3740 943 3823 enaope‘
964 3761 1038 3806 sons
1065 3742 1153 3805 main
1182 3738 1327 3805 aParis
1351 3761 1437 3823 pour
1456 3762 1477 3823 y
1498 3747 1576 3806 estre
1604 3740 1757 3821 irnprnnc‘.
1803 3739 1893 3804 Mais
1914 3739 2001 3806 Dion
2022 3764 2156 3825 ypocr-

152 3858 233 3932 cett,
254 3855 377 3936 faisant
397 3855 511 3919 tunler
531 3852 690 3936 loripinal
710 3858 793 3918 entre
814 3872 880 3917 mcs
900 3854 1006 3917 mains
1026 3852 1178 3919 tellement
1202 3872 1260 3933 oue
1280 3871 1360 3917 nous
1388 3872 1517 3918 mesmes
1542 3852 1570 3917 te
1596 3849 1702 3931 (lomes
1730 3851 1893 3930 imprimar
1914 3853 1957 3917 ici
1978 3874 2050 3919 avec
2071 3855 2154 3920 telles

152 3985 319 4047 responsas
339 3966 408 4047 quil
427 3965 567 4031 meritati.
611 3965 675 4030 His
697 3971 916 4031 consentanea
938 3963 1077 4048 'praebet
1096 3964 1203 4030 Bonae
1224 3965 1384 4047 praelatio
1407 3963 1526 4049 gallica
1548 3963 1584 4027 in
1604 3962 1886 4027 Commentarium
1909 3962 2155 4048 (1515151555.-

154 4077 296 4142 humum
317 4077 395 4142 151.
418 4077 523 4143 Iosue.
567 4076 671 4141 Vides
693 4098 769 4140 eum
790 4079 854 4140 iam
878 4074 918 4140 de
939 4076 1048 4158 priore
1069 4076 1126 4141 illo
1148 4076 1259 4142 libello
1280 4077 1365 4143 nihil
1392 4075 1509 4154 dicore,
1540 4073 1580 4138 de
1603 4072 1781 4155 posteriore
1802 4094 1881 4139 vero
1904 4075 2000 4156 55515
2023 4098 2155 4142 accura-

155 4190 227 4253 tius
248 4209 355 4272 agere,
378 4189 424 4254 ita
444 4197 599 4272 utquam
621 4210 710 4253 nuno
729 4187 887 4253 habemus
908 4187 1004 4252 facile
1025 4187 1078 4254 hio
1100 4189 1196 4253 innui
1218 4197 1337 4271 pateat.
1370 4189 1498 4253 Varum
1516 4185 1556 4250 de
1579 4185 1682 4250 altero
1704 4204 1833 4267 quoque
1852 4186 1948 4251 testis
1970 4187 2063 4251 nobis
2085 4210 2156 4253 oer-

154 4300 306 4366 tissimus
327 4307 376 4365 est
390 4280 474 4383 'ipso'
488 4299 655 4377 Onlrium,
678 4301 771 4365 ouius
793 4299 874 4366 haec
896 4307 975 4365 sunt
996 4299 1098 4365 verba
1116 4278 1156 4366 ‘in
1178 4301 1286 4366 fionte
1307 4301 1425 4384 prioris
1446 4299 1550 4382 ipsius
1572 4297 1807 4379 responsionis:
1846 4296 1989 4362 Oblatum
2011 4304 2056 4363 est
2075 4300 2156 4364 mili

152 4412 314 4476 insulsum
334 4413 493 4478 5555155515
514 4411 679 4477 cuiusdam
700 4410 850 4491 scriptum
872 4411 983 4494 quise
1004 4415 1107 4477 tamar
1122 4416 1293 4495 patenum
1309 4431 1346 4476 aa
1366 4412 1521 4476 mutiam
1546 4408 1666 4492 ploriae
1687 4407 1751 4474 Dei
1773 4409 1868 4473 iactat
1888 4416 1983 4474 caott.
2017 4409 2059 4474 In
2081 4411 2155 4475 the-

154 4543 255 4588 sauro
277 4530 390 4588 nostro
411 4523 578 4607 epistolica
601 4521 730 4606 saepius
751 4522 961 4588 castellionis
982 4523 1106 4588 mentio
1127 4525 1165 4587 fit
1191 4532 1224 4587 et
1246 4521 1378 4606 quidem
1404 4521 1524 4603 ubique
1546 4520 1614 4586 iere
1635 4527 1674 4584 ut
1695 4520 1841 4602 protervi
1863 4526 1897 4583 et
1918 4520 2074 4586 haeretiei
2095 4509 2154 4585 ho·

152 4635 265 4714 minis,
288 4635 413 4702 scilicet
434 4635 475 4701 ab
496 4635 692 4701 adversmiis
713 4635 793 4699 talia
813 4632 985 4714 audientis,
1008 4634 1174 4700 rarissime
1196 4656 1275 4700 vero
1303 4633 1527 4700 conmoversia
1548 4632 1588 4697 de
1615 4652 1680 4714 qua
1708 4653 1795 4696 nunc
1818 4631 1947 4713 agimus
1969 4632 2153 4717 attingitur.

310 4748 437 4812 Varum
455 4754 630 4832 antequam
652 4746 732 4813 haec
755 4744 894 4829 vestigia
915 4747 1098 4831 relegamus
1119 4746 1232 4829 pausis
1254 4753 1287 4811 te
1309 4765 1441 4810 monere
1461 4744 1616 4810 volumus
1639 4742 1679 4807 de
1702 4741 1830 4808 duabus
1852 4741 1999 4825 epistolis
2021 4741 2155 4807 Oalvini

151 4868 188 4925 et
209 4856 339 4925 Sulzeri
360 4861 492 4939 mutuis,
513 4882 593 4943 quas
615 4878 635 4923 a
656 4856 825 4924 nonnullis
845 4880 1016 4943 perperam
1038 4858 1105 4924 huo
1127 4857 1215 4922 trahi
1237 4856 1397 4924 videmus.
1446 4857 1593 4923 Exstant
1612 4849 1688 4920 illae
1711 4855 1891 4936 impressae
1914 4853 1948 4917 in
1970 4852 2055 4935 Epp.
2077 4851 2154 4918 Cal·

151 4971 226 5040 vini
248 4970 296 5037 55
321 4971 447 5038 Gener.
469 4993 542 5056 pag.
569 4975 627 5035 135
651 4993 727 5054 seq,
751 4970 849 5035 Laus.
873 4991 947 5054 pag.
971 4974 1032 5034 293
1056 4991 1132 5052 seq,
1155 4969 1285 5035 Hanov.
1308 4991 1381 5054 pag.
1407 4973 1484 5048 327,
1515 4969 1647 5034 Ohouet
1668 4986 1740 5050 pag.
1768 4969 1845 5043 183,
1875 4968 1981 5029 Amst.
2004 4984 2076 5048 pag.
2101 4968 2153 5031 83.

150 5083 254 5152 Prior
276 5081 433 5150 Sulaerus
456 5081 498 5147 ad
518 5082 705 5149 Oalvinum'
719 5080 748 5147 d.
776 5080 908 5147 15151
934 5080 1128 5145 1554155155·
1154 5079 1219 5146 5115
1247 5080 1328 5147 haec
1357 5081 1484 5148 scribit:
1528 5079 1580 5144 De
1599 5076 1776 5144 Castalione
1797 5077 1895 5140 miror
1916 5073 2103 5141 venenator
2123 5078 2156 5142 si

144 5196 255 5279 perpit
274 5214 385 5261 nornen
406 5200 495 5260 taum
521 5195 790 5277 ministeriumque
811 5195 973 5272 arrolas,
1002 5194 1057 5274 'ani
1084 5193 1160 5258 5555
1187 5213 1220 5259 55
1242 5195 1335 5276 pacis
1361 5194 1562 5273 caritatisque
1588 5189 1761 5256 studiosum
1787 5184 1923 5251 similat.
1975 5185 2155 5252 Monelttur

1907 5295 1948 5350 „a
