4584 5902
82 307 145 371 837
893 300 1261 370 Panaenulorms.
2005 305 2069 370 838

80 498 251 578 spectaret,
274 489 366 557 avia
382 488 533 554 nonnihil
550 488 729 554 deflexisse.
762 488 865 571 Atqui
882 495 921 552 ut
937 487 1050 553 huius·
1101 500 1224 572 quanta
1251 491 1288 555 in
1313 489 1382 556 hoo·
1400 488 1574 570 modestia,
1606 510 1648 555 ne
1680 511 1745 573 qua
1771 489 1808 554 in
1834 498 1926 572 parte
1952 490 2071 574 guber·

79 577 170 645 modi
190 576 302 660 lapsus
327 582 421 640 tanto
448 575 518 640 viro
543 573 638 640 faoile
664 583 744 639 sunt
769 571 975 658 ignoseendi,
1003 573 1051 638 ita
1101 577 1269 640 nationem
1296 582 1465 659 tantopere
1488 596 1508 641 a
1528 576 1670 641 Domino
1697 576 1957 641 commendatam
1979 596 2071 659 sper·

79 666 127 750 pii
154 662 284 729 leetoris
309 661 447 726 interest
467 680 538 726 esse
565 659 725 724 monitum
752 680 794 724 ne
825 659 896 723 eius
929 659 1050 723 autori-
1101 681 1179 725 nere
1210 661 1392 727 videretur:
1432 659 1510 744 quid
1547 660 1721 727 habuerint
1758 661 1842 727 seori
1881 671 2071 740 eonventus,

81 760 148 816 tate
170 770 190 814 a
211 748 282 813 veri
305 746 510 829 simplieitate
532 743 718 811 abduoatur.
1101 753 1285 830 quantoque
1312 768 1388 813 oum
1415 746 1546 830 pietatis
1576 747 1724 832 profeotn
1756 746 1906 812 eelebrati
1936 747 2071 813 fuerint:

165 834 272 901 Porro
304 833 340 897 in
371 831 514 898 homiliis
546 831 635 909 istis,
667 837 797 914 praeter
828 828 918 894 illam
952 849 1049 912 quarn
1100 831 1212 912 quales
1250 833 1372 897 fuerint
1398 842 1432 896 et
1468 853 1566 915 quem
1598 834 1633 896 in
1664 833 1763 897 linem
1801 831 1970 896 ordinatae
2002 853 2071 898 eae-

81 919 148 985 dixi
165 939 270 1004 purae
287 937 524 1002 germanaeque
540 915 818 999 interpretationis
836 913 1049 999 diligentiam,
1101 918 1279 983 romoniae:
1312 939 1365 983 res
1397 938 1478 982 sune
1504 918 1638 1002 eognitu
1671 916 1870 982 utilissimae.
1924 917 2010 982 Nam
2043 917 2071 982 si

25 1036 28 1040 ⁴
79 1006 223 1090 reperies
243 1004 347 1070 multa
370 1003 541 1068 vetustatis
565 1008 792 1077 monumenta,
820 1000 907 1065 unde
928 1000 1050 1065 intelli·
1101 1002 1251 1067 volumus
1273 1002 1428 1069 eoelesiae
1454 1002 1552 1068 saluti
1575 1001 1657 1068 bene
1679 1002 1878 1083 consultum,
1904 1001 1998 1066 nullu
2020 1024 2071 1068 re-

79 1111 139 1177 gas
166 1099 200 1157 et
226 1080 305 1173 quid
330 1110 368 1155 eo
396 1088 525 1154 saeeulo
550 1088 696 1153 muneris
720 1106 758 1153 ao
779 1085 948 1236 diffimtutis
970 1086 1051 1169 epis-
1101 1088 1246 1170 parietur
1267 1088 1373 1172 magis
1394 1086 1512 1153 idonea
1532 1089 1632 1167 ratio,
1660 1107 1733 1152 mea
1757 1086 1888 1169 quidem
1910 1088 2070 1170 opinione,

79 1178 151 1260 oopi
178 1176 367 1253 habuerint,
400 1185 434 1239 et
460 1172 576 1258 quibus
602 1172 729 1257 legibus
760 1172 815 1256 ple
880 1173 916 1236 in
943 1172 1049 1237 offioio
1102 1174 1249 1254 quamsi
1271 1173 1459 1257 disciplinae
1487 1194 1636 1238 normam
1657 1194 1677 1237 a
1700 1174 1802 1238 veteri
1824 1172 1959 1238 eeclesia
1980 1182 2071 1255 peta-

78 1263 316 1329 oontiueretur:
344 1260 449 1343 qualis
470 1261 506 1325 in
527 1259 641 1325 ordine
663 1256 864 1334 saeerdotali,
888 1256 993 1339 qualis
1015 1259 1050 1321 in
1101 1279 1184 1324 mus.
1227 1260 1401 1342 Uteunque
1423 1266 1532 1324 autem
1552 1260 1590 1323 in
1610 1259 1835 1325 eeelesiastieis
1857 1309 1865 1324 .
1888 1308 1896 1324 .
1918 1308 1925 1324 .
1950 1261 2006 1344 .¹).

102 1348 198 1432 epulo
229 1348 300 1432 ipso
332 1345 525 1429 disoiplina:
564 1353 688 1428 quanta
717 1345 751 1408 in
783 1342 839 1408 illo
872 1341 1050 1407 moderatio

77 1368 195 1511 dierit,
222 1454 264 1498 ne
285 1437 446 1516 potestate
468 1432 530 1499 sibi
552 1430 630 1496 data
650 1429 822 1496 libidinose
844 1427 1047 1494 abuteretur:
1172 1443 1200 1511 1)
1222 1445 1336 1501 earum
1354 1445 1553 1502 medeamur.
