4724 5886
965 286 1329 357 Paouueonnus.

847 870 853 885 ,
932 789 1136 876 OAPUu
1182 791 1367 875 XLVH.

258 972 481 1073 BREVE
508 973 894 1091 DOCTRINAE
921 975 1013 1072 DE
1048 975 1268 1074 COENA
1294 976 1543 1075 DOMINI
1571 978 2037 1105 COMPENDIUM.

309 1174 417 1258 Quam
438 1176 554 1242 ultimo
575 1177 645 1244 loco
666 1179 852 1261 reponimus
873 1176 1159 1245 tractatiunculam
1180 1180 1237 1244 vix
1260 1199 1303 1244 an
1324 1180 1396 1245 iure
1418 1180 1470 1246 vel
1492 1180 1580 1245 hunc
1599 1179 1700 1246 talem
1722 1181 1867 1248 obtineat
1895 1183 2059 1249 affirmare
2080 1204 2140 1250 au·

150 1288 265 1354 simus.
309 1287 505 1370 Reperimus
526 1309 627 1354 manu
648 1291 811 1373 scriptam,
833 1310 899 1354 non
918 1289 1052 1355 Caluini
1080 1289 1210 1374 quidem
1232 1290 1290 1357 aed
1319 1293 1524 1359 amanuensis
1546 1292 1727 1372 cuiusdam,
1756 1293 1790 1357 in
1812 1291 1930 1359 (lodice
1952 1293 2140 1362 Genea-ensi

155 1402 219 1464 145
240 1397 293 1464 iol.
320 1403 377 1462 101
401 1419 487 1482 seqq.
509 1398 597 1464 inter
617 1399 728 1483 plures
747 1400 836 1465 'alias
857 1407 926 1466 tam
948 1401 1182 1485 autographas,
1212 1423 1308 1485 quam
1336 1403 1431 1468 aliter
1457 1403 1636 1469 certissime
1656 1403 1777 1469 Nostro
1798 1402 2004 1484 tribuendas,
2034 1406 2081 1470 ita
2101 1414 2141 1471 nt

150 1509 264 1593 aliqua
286 1509 435 1575 rideatur
455 1530 526 1577 esse
547 1509 767 1593 probabilitas,
794 1511 883 1579 hunc
904 1512 965 1578 sibi
988 1515 1094 1578 autori
1112 1534 1184 1579 eam
1207 1514 1372 1581 vindicare
1392 1536 1492 1597 posse.
1538 1513 1631 1596 Quae
1659 1513 1752 1581 nobis
1781 1535 1879 1581 eausa
1905 1516 1981 1594 fnit,
2010 1514 2139 1582 eadem-

150 1643 218 1706 que
238 1623 343 1700 unica,
366 1621 464 1687 etiam
486 1622 546 1687 has
568 1622 704 1688 schedas
725 1623 862 1707 caeteris
883 1624 953 1693 eius
965 1624 1156 1716 dogmaticis
1175 1624 1293 1690 libellis
1303 1625 1530 1710 subiungendi,
1553 1647 1595 1691 ne
1617 1625 1694 1709 quid
1715 1627 1847 1691 omnino
1869 1625 2031 1694 desideres
2052 1628 2138 1712 qnod

149 1733 298 1800 fortassis
320 1731 362 1797 ab
383 1732 445 1799 hoc
467 1733 630 1799 volumine
652 1734 813 1798 immerito
835 1734 986 1801 exsulare
1008 1735 1125 1818 aliquis
1146 1738 1316 1802 censuerit.
1351 1734 1539 1802 sturnini
1560 1744 1610 1802 est
1630 1736 1830 1820 opusculum,
1851 1736 1886 1802 id
1907 1737 2046 1805 libenter
2063 1748 2138 1808 ante

152 1843 361 1911 Oonsensnm
383 1845 564 1930 tigurinum
586 1845 718 1912 chartac
739 1844 931 1911 mandatum
953 1845 1194 1924 crediderimus,
1218 1847 1361 1931 adeoque
1372 1845 1608 1930 antiquioribus
1619 1846 1909 1915 adnumerandum.
1944 1848 2135 1918 sinautem

150 1959 332 2042 genuinum
354 1957 421 2023 stili
442 1956 616 2023 calviniani
639 1964 783 2022 tenorem
807 1959 841 2021 in
862 1977 901 2022 ec
922 1955 1167 2035 desideraveris,
1190 1959 1332 2026 acumini
1354 1967 1409 2024 tuo
1430 1957 1572 2024 modeste
1587 1958 1710 2042 primas
1729 1959 1880 2027 cedentes
1897 1981 1964 2026 non
1984 1962 2135 2044 equidem

150 2069 249 2136 nimis
271 2069 482 2154 pertinaciter
503 2069 777 2151 obloqueremur„

305 2182 430 2247 [Partus
451 2181 573 2265 passim
593 2178 719 2246 incuria
740 2180 866 2246 librarii
888 2188 1060 2265 corruptus
1081 2179 1213 2247 videtur
1234 2181 1287 2246 vel
1308 2182 1415 2264 potius
1427 2179 1553 2247 mendis
1570 2201 1686 2247 revera
1704 2189 1815 2261 scatet,
1838 2181 1955 2266 quibus
1977 2203 2019 2248 ex
2040 2192 2133 2267 parts

147 2293 355 2360 comecturae
377 2314 436 2376 cpe
456 2291 579 2358 mederi
600 2292 774 2375 potuimus.

833 2751 835 2758 '
916 2757 1118 2843 CAPUT
1161 2757 1370 2841 XDVHL

769 2980 772 2988 2
824 2894 1459 3044 concussiones.

302 3150 357 3215 Ad
379 3155 536 3223 tractatus
558 3149 766 3234 theologicos,
785 3149 817 3215 ,si
837 3154 1067 3233 argumentum
1089 3147 1296 3231 spectaretis.
1318 3148 1466 3231 proxime
1486 3146 1643 3215 accedunt
1665 3145 1885 3238 Consortium,
1914 3149 1983 3216 sive
2009 3148 2132 3215 formu·

149 3261 202 3327 lae
222 3261 345 3328 tuerint
366 3259 600 3327 credendorum
626 3267 660 3326 et
680 3258 899 3326 docendorum
921 3279 1069 3324 normam
1097 3258 1305 3338 exhibentes,
1332 3259 1401 3324 sive
1428 3257 1502 3328 fidei
1531 3257 1762 3326 declarationes
1786 3259 2012 3344 apologeticae.
2056 3260 2132 3326 Ple·

150 3393 287 3456 rumque
309 3372 474 3439 communi
495 3370 639 3455 plurium
660 3372 790 3438 nomine
811 3370 952 3464 scriptae
974 3375 1059 3449 sunt,
1087 3370 1216 3454 saepius
1233 3370 1333 3436 etiam
1354 3369 1484 3453 publica
1510 3369 1685 3445 autoritate
1713 3371 1865 3438 sancitae.
1914 3371 2051 3437 Praeter
2077 3391 2132 3438 eas

147 3504 233 3568 quae
253 3484 336 3551 citra
358 3482 491 3550 dubium
515 3481 654 3551 (lulrino
675 3484 779 3553 autori
802 3480 992 3557 tribuendae
1014 3489 1100 3559 sunt,
1121 3482 1201 3549 alias
1221 3480 1398 3548 nonnullas
1416 3482 1483 3548 tibi¹
1496 3482 1559 3552 hoe
1579 3481 1649 3564 loeo
1671 3483 1806 3559 caeteris
1818 3481 1944 3553 additas
1954 3481 2131 3563 offerimus,

147 3615 288 3679 quarum
308 3595 400 3678 erigo
422 3594 476 3660 rel
493 3594 604 3662 minus
625 3601 714 3660 certa
735 3600 793 3672 est,
820 3592 873 3660 vel
901 3594 999 3659 etism
1025 3593 1101 3659 talis
1122 3601 1161 3658 ut
1186 3593 1321 3659 fortasse
1345 3613 1444 3664 nemo
1472 3592 1572 3664 nobis,
1594 3592 1634 3658 de
1662 3593 1790 3666 omissis
1816 3594 1906 3659 litem
1927 3592 2129 3659 intendisset

148 3706 262 3788 Quum
284 3715 396 3772 tamen
415 3705 490 3772 illae
511 3720 639 3791 quaqua
660 3705 701 3770 ad
724 3703 854 3772 Oalvini
873 3724 926 3770 res
946 3703 1157 3785 illustrandas
1180 3704 1383 3789 pertineant,
1408 3704 1473 3786 imo
1499 3705 1637 3795 arctiore
1659 3703 1796 3788 quodam
1829 3722 1903 3769 cum
1925 3705 1995 3771 eius
2015 3703 2131 3773 studiis

149 3838 237 3884 nexu
257 3825 443 3896 teneantur,
465 3838 520 3883 eas
541 3839 563 3882 a
582 3817 703 3887 0001010
724 3817 846 3890 catatris¹
859 3836 1029 3884 rerncvere
1049 3817 1220 3898 noluimus,
1318 3854 1324 3865 ·
1409 3882 1411 3886 .

209 3967 218 3983 ·
302 3928 346 3994 In
364 3949 448 3994 novo
468 3949 580 4000 rerum
600 3928 892 3996 ecclesiasticarum
912 3926 1025 4006 ordine
1046 3926 1270 3997 constituendo
1298 3928 1378 3995 haec
1400 3928 1501 3992 ferme
1528 3934 1599 3993 erat
1620 3926 1739 4008 ubique
1760 3926 1795 3991 in
1815 3925 1925 3992 liberis
1946 3926 2135 3993 civitatibus

147 4038 345 4126 procedendi
366 4041 457 4106 satin
501 4039 613 4121 Qnum
635 4038 736 4105 semel
757 4045 895 4123 papatus
913 4036 1039 4106 errores
1061 4045 1158 4122 atque
1185 4039 1304 4121 abusus
1320 4038 1440 4124 aliqua
1467 4039 1502 4127 in
1530 4036 1610 4107 urbe
1637 4059 1658 4102 a
1687 4037 1767 4108 airis
1788 4037 1925 4121 privatis
1947 4037 2134 4124 impugnari

146 4153 339 4236 coepissent,
360 4152 554 4236 magistratu
576 4149 628 4220 rel
650 4152 844 4218 connivente
865 4150 919 4217 rel
939 4150 1056 4225 saltem
1078 4148 1283 4234 impediendo
1302 4149 1430 4234 impari,
1452 4149 1577 4217 civibus
1599 4148 1852 4215 reclamantibus
1875 4148 2022 4234 publicae
2033 4149 2135 4225 habe·

149 4264 273 4330 bantur
294 4263 528 4345 disputationes
550 4260 590 4328 de
612 4260 758 4341 articulis
779 4263 1012 4340 controversis,
1042 4261 1096 4327 vel
1117 4281 1226 4326 coram
1253 4261 1451 4344 primoribus
1473 4259 1641 4350 utriusque
1662 4261 1772 4343 partis,
1795 4261 1850 4328 vcl
1871 4281 1980 4336 coram
2004 4261 2132 4346 populo.

147 4376 235 4442 'Pmn
248 4373 399 4458 verrplcsis
417 4372 667 4456 plerumque'et
682 4371 818 4443 devictis
838 4393 992 4442 romanae
1013 4372 1090 4453 fidei
1110 4371 1343 4452 defensoribus,
1365 4370 1482 4439 altana
1503 4379 1537 4435 et
1556 4392 1649 4443 sacra
1669 4372 1837 4457 pontificia
1858 4372 2132 4455 relinquebantur.

146 4487 229 4554 1100
249 4495 450 4570 proponente
471 4491 587 4554 senatu
608 4504 662 4553 rea
682 4484 828 4553 tributim
849 4485 1012 4567 pensitato
1033 4482 1165 4550 tandem
1186 4505 1207 4552 a
1226 4482 1347 4567 populo
1374 4481 1553 4549 solenniter
1573 4490 1768 4569 mugragaw
1788 4504 1848 4571 per
1876 4484 2000 4549 maiora
2022 4480 2133 4550 decer·
2272 4522 2273 4525 =

144 4600 297 4678 nubatur,
318 4605 355 4664 et
374 4595 895 4680 saepissimeuasnimiomuium
917 4616 1085 4672 consensu.
1128 4596 1221 4662 ’1000
1242 4594 1373 4663 demum
1395 4592 1524 4676 publico
1546 4592 1651 4660 edicto
1672 4594 1773 4661 missa
1793 4594 1976 4677 0001001000
1997 4591 2132 4659 catholi-

144 4731 214 4777 000
226 4708 381 4776 ecclesiae
400 4709 485 4775 ritus
504 4707 756 4792 obtegebantur,
773 4706 975 4792 ¹praedicatio
996 4707 1204 4792 evangelicae
1226 4705 1389 4777 doctdnae
1409 4703 1650 4787 instituebatur,
1677 4713 1712 4772 et
1732 4704 1933 4783 reformatio,
1963 4723 2060 4787 quam
2083 4701 2132 4767 di·

143 4819 277 4899 cebant,
298 4819 851 4905 par-edebatlegqmreipublicse.
894 4817 1086 4898 Sanehaec
1107 4816 1315 4902 0000110000
1336 4815 1469 4904 masilia
1489 4836 1603 4897 eorum
1624 4816 1803 4903 agebantur
1830 4815 1886 4898 qui
1906 4813 2003 4903 primi
2031 4813 2132 4879 reior-

142 4941 260 5000 mutao
279 4931 356 4998 fidei
376 4931 507 4999 suomet
527 4928 781 5015 praedicatoren
802 4930 859 5004 ted
877 4930 986 5003 civilis
1007 4932 1226 5015 magistratus,
1249 4950 1309 4996 suc
1327 4949 1405 4995 usus
1432 4929 1506 4994 iure
1533 4927 1723 5014 episcopali,
1751 4924 1911 5010 theologis
1939 4923 2131 4991 modestiam

143 5041 315 5125 &tangis
335 5042 502 5126 quandam
519 5042 690 5129 iniungere
704 5050 845 5125 ,potest
864 5043 899 5110 in
920 5039 1162 5126 quaestionibus
1184 5040 1295 5109 arduis
1315 5041 1475 5127 rebusque
1503 5040 1641 5124 spinosis
1666 5046 1701 5105 et
1725 5038 1833 5103 minus
1860 5034 1902 5101 ad
1922 5033 2061 5100 salutem
2081 5036 2129 5103 fa·

141 5155 319 5234 01000100,
341 5152 397 5220 rel
416 5154 505 5220 inter
523 5153 610 5237 ipsos
632 5153 837 5240 evangelicos
846 5154 1073 5234 mnuoaersis,
1092 5173 1175 5248 quae
1195 5151 1295 5219 1010οο
1315 5152 1423 5218 minus
1445 5151 1624 5241 tangebant
1645 5147 1698 5221 vel
1719 5149 1760 5219 iis
1781 5167 1914 5232 prorsus
1936 5145 2128 5216 offendiculo

1885 5272 1926 5329 G·
