4776 5844
228 237 291 307 223
988 237 1167 303 ULTIMA
1190 234 1455 302 uouoululo
2161 236 2225 298 224

228 432 394 493 toritatem
416 429 535 509 iactare
557 427 590 491 in
609 447 763 509 perverso
784 435 818 490 et
834 425 941 490 alieno
961 446 1059 491 sensu
1081 423 1196 490 iurat?
1250 444 1314 487 nou
1337 433 1443 505 potest
1452 423 1605 489 Christus
1627 423 1661 487 in
1684 421 1885 489 eucharistia
1905 444 1978 489 esse
1999 423 2222 507 corporaliter.

224 513 299 578 Iam
320 520 540 578 commentum
561 510 601 576 de
623 511 778 578 invisibili
789 510 915 578 Christi
932 509 1122 593 'praesentia
1142 529 1198 592 pa·
1249 508 1480 590 Respondent,
1509 530 1550 573 ex
1572 528 1673 591 pravo
1702 509 1791 573 fonte
1818 509 1895 573 oriri
1921 508 2079 592 quidquid
2101 508 2142 574 de
2165 531 2225 574 na·

229 597 332 663 tribus
355 597 455 663 fuisse
477 607 591 662 notum
612 598 750 662 credent
773 597 845 662 sani
873 606 907 661 et
928 618 992 662 non
1014 594 1106 662 stulti
1134 595 1198 661 leo-
1251 601 1327 658 tura
1352 594 1497 676 corporis
1530 594 1711 659 afferimus:
1740 595 1817 677 quia
1851 595 2001 660 animalis
2029 595 2127 660 homo
2157 617 2225 661 non

227 696 323 761 tores,
346 683 401 747 ubi
424 692 590 748 ostensum
609 682 707 747 fucrit
719 684 899 766 scripturae
917 682 1111 747 testimonio.
1145 681 1199 745 lta
1250 680 1407 762 percipiat
1428 701 1512 763 quae
1532 688 1611 745 sunt
1630 680 1774 764 spiritus.
1826 681 1893 745 Nos
1915 702 1993 747 vero
2015 680 2161 746 iudicare
2183 704 2225 746 ex

227 769 349 844 dicunt,
372 790 440 832 non
461 767 569 852 colligi
592 768 761 836 Christum
783 768 871 834 coelo
893 767 1102 851 quantumvis
1124 787 1197 849 spa·
1249 787 1347 830 sensu
1369 766 1477 830 carnis
1487 765 1699 831 falsissimum
1719 775 1778 843 est,
1801 765 1880 831 dum
1891 768 2030 832 citamus
2050 787 2137 849 quae
2154 788 2225 833 oer-

224 856 308 936 tioso
336 854 390 919 alli
416 855 473 918 ari.
530 854 706 937 Ligamina
731 855 893 933 sinamus,
928 853 1073 918 contenti
1106 851 1198 917 Petri
1250 862 1321 915 tum
1343 861 1393 916 est
1414 851 1454 916 ab
1481 851 1552 934 ipso
1574 852 1646 918 Deo
1674 851 1818 934 profecta
1844 874 1924 918 esse.
1975 854 2143 918 Dixerunt
2165 875 2225 918 an·

224 939 341 1017 verbo,
371 875 424 1004 uli
446 938 524 1005 dicit
546 949 695 1021 oportere
715 940 803 1005 coelo
825 938 1064 1023 comprehendi
1109 937 1199 1019 Quid
1249 935 1312 1020 geli
1342 958 1408 1001 non
1435 958 1507 1002 esse
1538 937 1760 1020 quaerendum
1789 936 1962 1005 Christum
1995 940 2030 1003 in
2063 937 2225 1022 sepulum,

227 1025 365 1108 amplius
398 1022 605 1090 desiderant?
659 1024 828 1091 Accedant
859 1036 892 1090 et
923 1023 1009 1091 diota
1041 1023 1197 1107 angelice,
1250 1042 1351 1104 quum
1372 1042 1492 1087 coenae
1511 1023 1634 1088 mentio
1655 1044 1722 1088 non
1743 1024 1846 1088 ficret.
1880 1024 1934 1088 An
1956 1023 2086 1089 nonde
2108 1024 2225 1090 eodem

227 1134 292 1177 non
313 1132 384 1176 esse
406 1112 440 1175 iu
463 1110 622 1193 sepulcro,
643 1111 720 1193 quia
741 1112 894 1177 surrexit
924 1111 1048 1176 frustra
1069 1119 1197 1193 aposto·
1249 1128 1383 1191 corpore
1402 1107 1625 1189 loquebantur,
1648 1107 1736 1192 quod
1757 1109 1854 1174 toties
1874 1108 2048 1175 includunt
2058 1111 2094 1175 in
2112 1111 2226 1192 sepul-

226 1199 274 1263 los
297 1197 463 1280 suspicere
481 1197 517 1260 in
538 1196 673 1273 coelum,
696 1197 772 1278 quia
789 1195 901 1261 veniet
911 1197 1064 1262 Christus
1083 1194 1198 1259 ultimo
1249 1214 1304 1259 cro
1331 1191 1651 1278 Magdcburgenses,
1688 1196 1812 1277 quoties
1839 1194 1900 1260 sub
1924 1216 2007 1278 pane
2035 1195 2223 1278 sepeliunt?

227 1282 287 1359 die,
310 1284 394 1348 sicut
412 1281 590 1347 ascendere
611 1282 702 1348 visus
720 1291 777 1348 est
811 1282 1000 1365 Excipiunt,
1023 1292 1198 1347 venturum
1249 1277 1302 1343 De
1324 1299 1421 1345 carne
1442 1301 1502 1345 sua
1524 1279 1587 1345 duo
1609 1279 1746 1363 protulit
1767 1280 1935 1358 Christus,
1964 1297 2047 1365 qnae
2068 1280 2226 1347 videntur

226 1367 348 1436 visibili
369 1369 482 1432 forma.
534 1366 636 1447 Quasi
665 1389 742 1433 vero
769 1367 810 1432 ad
838 1368 988 1433 solatium
1011 1387 1078 1431 non
1100 1367 1199 1431 fuerit
1249 1365 1284 1428 in
1307 1364 1447 1448 speciem
1466 1386 1628 1449 pugnare:
1646 1366 1784 1449 Palpate
1806 1376 1840 1430 ct
1861 1366 1977 1445 videte,
2000 1368 2225 1451 quiaspiritus

225 1454 323 1537 longe
345 1453 462 1536 aptius,
485 1453 571 1535 quod
593 1454 743 1537 angelus,
772 1454 850 1537 quia
871 1455 905 1518 in
929 1453 1040 1520 schola
1062 1452 1197 1535 Magdc·
1249 1461 1426 1516 carnemet
1440 1473 1514 1516 ossa
1532 1472 1598 1515 non
1616 1452 1715 1517 habet
1732 1452 1828 1528 (Luc.
1841 1453 1966 1536 2439).
2000 1453 2101 1518 Item:
2126 1453 2224 1520 Acci·

227 1541 440 1623 burgensium
463 1537 596 1604 edoctus
619 1559 685 1603 non
714 1541 830 1616 fuerat,
860 1540 983 1605 omisit:
1018 1559 1144 1620 nempe,
1169 1538 1198 1601 si
1249 1536 1325 1619 pite,
1349 1536 1411 1602 hoo
1432 1546 1483 1601 est
1500 1558 1617 1620 corpus
1639 1557 1758 1603 meum.
1803 1538 1899 1604 Nunc
1921 1538 2116 1605 conciliandi
2139 1541 2225 1604 ratio

228 1625 402 1690 invisibilis
425 1625 484 1688 snb
506 1645 592 1707 pane
614 1624 702 1695 latet,
725 1646 791 1689 non
812 1644 884 1690 esse
905 1624 1019 1708 procul
1040 1645 1197 1707 quaeren·
1249 1621 1425 1704 quaeritur.
1476 1626 1551 1701 [pag.
1575 1627 1650 1702 246]
1671 1625 1721 1689 Ac
1749 1624 1776 1688 si
1804 1625 1928 1689 nullius
1957 1626 2113 1690 momenti
2136 1636 2224 1691 esset

227 1711 314 1777 dum.
358 1709 454 1790 Quod
477 1709 594 1775 deinde
616 1709 753 1793 probare
775 1732 833 1776 nos
860 1709 990 1787 volunt,
1020 1711 1195 1775 mentitum
1248 1707 1339 1857 Erine
1361 1706 1493 1785 dictum,
1521 1709 1701 1774 secundum
1723 1709 1887 1775 mordicus
1909 1720 2063 1793 premunt
2084 1711 2224 1795 Magdo-

227 1799 326 1862 fuissc
349 1796 533 1873 Christum,
561 1794 617 1861 ubi
640 1800 715 1874 [pag.
734 1799 809 1875 243]
833 1796 930 1860 dixit:
960 1796 1033 1860 Hoc
1055 1806 1105 1861 est
1125 1816 1195 1861 cor·
1270 1814 1434 1877 urgemus,
1457 1795 1724 1876 interpretatione
1746 1797 1835 1860 omni
1857 1796 1985 1861 reiecta
2022 1795 2127 1876 Quasi
2145 1817 2226 1862 vero

227 1903 289 1966 pus
311 1902 431 1960 meum,
451 1882 556 1964 magis
575 1880 958 1946 detestabilisesteorum
978 1883 1076 1958 furor,
1098 1901 1195 1960 quam
1248 1899 1316 1943 non
1333 1877 1528 1943 tantundem
1547 1880 1667 1963 ubique
1686 1879 1761 1945 fidei
1779 1880 2117 1947 mercaturChristus.
2152 1883 2225 1948 Ex-

227 1970 318 2033 utin
340 1968 536 2032 refutatione
558 1965 614 2030 diu
634 1967 802 2031 immorari
820 1966 979 2050 expediat.
1013 1966 1118 2048 Quasi
1137 1987 1195 2031 no·
1248 1964 1360 2047 pedire
1381 1986 1416 2029 se
1438 1976 1619 2048 nequeunt,
1647 1966 1725 2048 quin
1748 1965 1908 2050 duplicem
1937 1969 2067 2051 fingant
2088 1967 2227 2033 modum

227 2074 305 2119 rum
328 2051 452 2137 aliquid
474 2053 525 2117 vel
547 2072 704 2136 magnum
734 2053 888 2136 afferant,
918 2061 1060 2118 attentos
1081 2051 1197 2117 volunt
1249 2050 1466 2131 praesentiae,
1496 2059 1529 2115 et
1550 2062 1770 2117 commentum
1790 2052 1967 2118 obtrudant
1987 2074 2052 2118 non
2074 2056 2228 2138 mugisa

227 2161 297 2205 esse
317 2138 462 2216 lectores,
486 2138 562 2221 quia
590 2159 655 2204 non
678 2136 810 2203 dixerit:
837 2139 911 2203 Hoc
932 2149 982 2204 est
1003 2138 1197 2223 symbolum,
1249 2137 1383 2214 ratione,
1406 2157 1504 2218 quam
1527 2160 1547 2202 a
1568 2137 1633 2202 fide
1644 2137 1803 2203 alienum:
1825 2139 1924 2204 aliam
1945 2139 2045 2205 fuisse
2067 2148 2228 2205 naturam

225 2227 341 2309 figura,
360 2224 484 2303 umbra,
502 2223 705 2306 phantasma.
739 2222 1075 2306 Quasi‘nobiscorpus
1092 2224 1197 2307 phan—
1248 2223 1404 2303 corporis,
1444 2222 1528 2306 quod
1561 2222 1760 2306 palpandum
1793 2233 1828 2288 et
1858 2224 2036 2290 ridendum
2069 2225 2233 2308 praebuit

227 2322 334 2376 tasma
355 2312 407 2384 sit,
435 2309 530 2390 quale
551 2308 613 2391 ipsi
630 2310 664 2373 in
688 2330 747 2374 sua
768 2310 898 2375 officina
918 2308 1086 2375 lubricant.
1131 2309 1196 2374 Fa·
1249 2307 1411 2385 Christus,
1432 2330 1530 2390 quam
1552 2308 1638 2391 quod
1660 2310 1721 2375 sub
1742 2331 1824 2393 pane
1845 2310 1933 2376 latet.

228 2407 336 2461 tcmur
358 2416 472 2460 verum
500 2395 609 2459 notari
630 2415 763 2478 corpus,
792 2397 884 2461 cuins
913 2395 973 2460 sub
1001 2415 1085 2478 panc
1110 2416 1196 2459 com·
1335 2393 1547 2458 Tricesimum
1575 2407 1729 2476 quartum
1756 2405 1988 2480 argumentum
2009 2408 2073 2462 est:
2110 2396 2235 2482 Scrip·

227 2481 409 2546 municatio·
424 2480 574 2545 offertur:
603 2481 752 2563 quamvis
779 2482 919 2566 mystica
945 2482 989 2546 sit
1017 2481 1197 2546 communi·
1249 2489 1325 2543 tura
1344 2489 1483 2545 testatur
1504 2499 1640 2562 corpora
1659 2490 1772 2546 nostra
1792 2483 1861 2547 fore
1881 2483 2058 2548 conformia
2080 2483 2238 2567 glorioso

226 2568 325 2645 catio,
364 2587 432 2630 non
465 2563 584 2629 desinit
615 2565 741 2631 Christi
773 2565 883 2632 verbis
914 2567 1019 2632 solida
1050 2576 1199 2632 constare
1250 2564 1376 2630 Christi
1403 2565 1531 2649 corpori
1557 2566 1660 2646 (Phil.
1686 2571 1714 2645 3,
1740 2567 1812 2650 21):
1850 2566 1908 2634 sed
1940 2588 2077 2651 corpora
2109 2580 2235 2653 nostra

226 2651 308 2718 fides
329 2672 367 2717 ac
390 2651 527 2727 veritas,
564 2651 627 2716 uisi
649 2672 726 2716 eum
747 2652 910 2718 mendacii
931 2652 1060 2736 oblique
1081 2673 1197 2736 argue-
1251 2661 1330 2715 tunc
1353 2650 1472 2733 ubique
1496 2672 1560 2715 non
1583 2663 1696 2717 erunt:
1719 2673 1798 2736 ergo
1820 2675 1925 2736 neque
1948 2675 2066 2736 corpus
2096 2654 2231 2721 Christi

226 2748 316 2815 rent,
344 2738 400 2820 qui
428 2736 564 2819 pedibus
593 2739 786 2821 mysterium
815 2738 976 2804 calcantes
1005 2759 1113 2804 crasso
1140 2759 1198 2802 suo
1250 2735 1369 2819 ubique
1391 2748 1448 2801 est
1495 2737 1683 2820 Excipiunt,
1706 2739 1824 2813 vitium
1847 2761 1926 2818 esse,
1949 2740 2026 2822 quia
2048 2740 2229 2808 ratiocina-

228 2822 342 2888 delirio
365 2843 440 2887 eum
462 2821 647 2888 subiiciunt.
682 2823 807 2888 Verum
824 2825 902 2907 quia
922 2825 1073 2909 promisit
1084 2825 1198 2889 Chris·
1251 2842 1366 2888 mura
1395 2822 1480 2889 dioto
1509 2822 1689 2888 secundum
1712 2824 1789 2906 quid
1812 2825 1854 2890 ad
1875 2826 1997 2891 dictum
2019 2826 2223 2909 simpliciter.

227 2917 282 2974 tus
303 2929 338 2974 se
361 2907 527 2974 nobiscum
557 2909 625 2973 fore
654 2908 818 2991 usquead
843 2911 942 2974 finem
964 2909 1100 2987 saeculi,
1129 2931 1198 2976 cre·
1249 2907 1318 2974 Sed
1346 2907 1521 2973 ostendant
1542 2908 1620 2991 quid
1640 2909 1676 2973 in
1700 2911 1761 2976 hac
1782 2911 1946 2994 praesenti
1971 2930 2072 2976 causa
2093 2912 2139 2978 sit
2161 2911 2223 2979 dis·

228 2995 305 3060 dere
326 3016 361 3060 se
383 2992 496 3059 dicunt
522 2994 593 3058 eius
623 2994 748 3059 verbo.
781 2995 883 3076 Quasi
906 3017 986 3061 vero
1008 2997 1071 3060 nisi
1090 2996 1199 3079 'phan-

227 3081 379 3146 tasticum
401 3099 517 3161 corpus
539 3079 600 3145 sub
622 3100 707 3162 panc
733 3080 896 3160 includat,
925 3103 991 3146 non
1013 3081 1116 3164 possit
1137 3081 1199 3145 im·

226 3188 341 3231 mensa
362 3185 422 3231 sua
443 3165 563 3230 virtute
585 3164 699 3231 adesse
719 3165 879 3232 fidelibus.
1091 3188 1092 3192 ’

314 3249 402 3333 Quia
424 3259 655 3335 argumentum
677 3251 878 3317 tricesimum
902 3252 1044 3334 primum
1065 3273 1199 3335 prorsus

228 3344 300 3418 [pag.
319 3343 393 3417 244]
417 3336 503 3401 idem
526 3345 673 3403 osteum
695 3338 872 3421 superiore,
895 3347 929 3401 et
946 3337 1104 3404 'vicesimo
1126 3359 1198 3420 sep·

227 3426 318 3500 tirno,
341 3422 416 3487 nolo
439 3422 541 3487 verba
564 3421 706 3505 perdere.
827 3459 831 3468 ·

313 3509 491 3574 Tricesimo
519 3505 661 3573 secundo
690 3508 759 3573 loco
787 3520 924 3574 sumunt
952 3507 1038 3591 quod
1065 3510 1199 3574 refutari

227 3595 321 3661 facile
332 3595 452 3677 patior:
472 3593 624 3660 Christus
635 3592 727 3659 sedet
737 3593 779 3658 ad
796 3593 965 3658 dexteram
984 3597 1102 3677 patris:
1117 3616 1198 3678 ergo

227 3702 295 3745 non
317 3688 424 3762 potest
445 3700 516 3744 esse
537 3678 668 3762 ubique.
723 3679 833 3760 Quum
861 3701 901 3743 ex
931 3681 1074 3763 professo
1097 3689 1197 3745 totam

227 3766 262 3830 in
283 3788 336 3831 me
358 3787 452 3831 suam
474 3764 684 3829 virulentiam
709 3763 863 3850 dirigant,
887 3785 1043 3847 quorsum
1065 3767 1199 3830 attinuit

228 3849 316 3934 apud
337 3849 484 3916 indoctos
506 3871 546 3915 ex
575 3871 611 3914 re
639 3849 734 3915 nihili
762 3850 912 3933 plausum
934 3851 1087 3933 captare?
1132 3851 1198 3916 Ne·

229 3956 293 4019 que
314 3936 401 4000 enim
423 3936 518 4000 aliter
540 3957 638 4019 quam
661 3937 770 4002 verbis
792 3937 873 4001 meis
895 3937 1106 4020 respondent:
1136 3938 1199 4003 nisi

153 4098 155 4102 Ι
229 4042 294 4105 quo
316 4018 356 4084 de
378 4022 558 4103 ubiquitate
582 4030 719 4087 naturae
741 4022 1076 4087 humanueiuseruut
1102 4044 1199 4087 suum

228 4115 456 4172 commentum.
506 4107 596 4192 Ergo
624 4109 651 4173 si
677 4130 731 4172 me
757 4107 891 4256 afgredi
912 4106 976 4173 illis
998 4108 1199 4191 propositum

227 4203 288 4268 est,
311 4202 416 4257 cesset
436 4190 476 4257 de
498 4193 601 4274 patris
619 4192 735 4258 dextra
756 4216 778 4258 u
792 4208 842 4258 tro
862 4194 1007 4276 citroque
1025 4194 1198 4259 contentio.

228 4279 321 4344 Haec
344 4279 431 4341 enim
453 4299 526 4342 mca
554 4287 605 4343 est
625 4278 762 4345 docendi
784 4279 883 4343 ratio:
917 4276 1024 4344 Sicuti
1046 4278 1199 4345 Christus
1219 4359 1222 4365 .

227 4365 263 4429 in
291 4363 379 4430 coelo
405 4371 457 4428 est
482 4362 660 4429 secundum
688 4365 795 4431 earnis
823 4365 1056 4442 substantiam,
1090 4365 1138 4429 ita
1163 4367 1199 4430 in

228 4470 327 4515 carne
349 4469 410 4515 sua
432 4446 544 4514 sedere
566 4447 607 4513 ad
630 4450 903 4532 patriadextram,
924 4460 963 4515 ut
979 4452 1115 4531 imperio
1134 4452 1199 4533 rire

227 4544 361 4618 tuteque
383 4544 488 4600 totum
516 4534 676 4599 mundum
696 4537 840 4620 impleat.
890 4535 980 4601 Hinc
1006 4547 1142 4619 apparet
1163 4545 1201 4601 ut

227 4621 394 4697 Christus,
422 4618 590 4697 mediator,
613 4622 705 4686 Deus
726 4633 759 4686 ct
781 4622 876 4686 homo
895 4621 1016 4706 ubique
1038 4630 1126 4686 totus
1148 4623 1199 4700 sit,

228 4729 295 4773 non
318 4716 436 4772 totum:
467 4706 543 4789 quia
570 4707 640 4771 eius
660 4708 834 4789 imperium
857 4718 890 4772 ct
912 4727 1031 4773 areana
1054 4709 1102 4773 vis
1123 4729 1199 4791 gra·

229 4793 294 4858 tiae
314 4793 413 4857 nullis
434 4793 555 4857 finibus
575 4789 763 4858 includitur.
1035 4814 1039 4825 ·

1250 2993 1364 3058 simile.
1398 2993 1537 3059 ¹Fateor
1564 3017 1630 3059 non
1658 2995 1826 3078 aequalem
1846 2997 1915 3062 fore
1936 2995 2060 3081 gloriae
2084 2998 2222 3082 gradum

1250 3080 1287 3144 in
1315 3082 1419 3162 capite
1446 3090 1481 3144 et
1507 3080 1678 3145 membris:
1709 3081 1765 3146 sed
1794 3092 1952 3165 quantum
1980 3084 2127 3165 pertinet
2149 3089 2220 3163 [pag.

1253 3170 1329 3246 247]
1349 3164 1391 3231 ad
1419 3166 1563 3248 corporis
1588 3176 1757 3244 naturam,
1788 3189 1853 3233 non
1880 3169 1978 3233 stabit
2003 3170 2222 3248 conformitas,

1250 3251 1314 3315 nisi
1336 3271 1414 3316 suas
1441 3251 1659 3318 dimensiones
1680 3253 1821 3318 retineat
1830 3252 1889 3318 illa
1909 3275 2003 3340 caro,
2016 3275 2101 3337 quae
2186 3278 2221 3322 ns

1249 3347 1308 3413 est,
1331 3357 1368 3402 ac
1387 3337 1555 3420 exemplar
1573 3339 1703 3403 futurae
1721 3347 1851 3405 nostrae
1863 3340 2120 3407 resurrectionis.
2188 3340 2222 3406 b·

1251 3423 1367 3486 iiciunt
1388 3443 1453 3487 nou
1482 3440 1553 3488 esse
1581 3422 1704 3489 dictum
1731 3424 1771 3490 de
1793 3425 1885 3491 Petri
1913 3426 1965 3490 vol
1987 3425 2085 3491 Pauli
2106 3446 2222 3494 carne:

1254 3508 1409 3591 Accipite,
1430 3507 1492 3573 hoc
1513 3518 1564 3574 est
1585 3530 1701 3592 corpus
1722 3531 1844 3575 meum.
1888 3509 1955 3576 Sed
1977 3512 2142 3594 quomodo
2163 3513 2223 3579 hoc

1251 3593 1375 3659 dictum
1403 3593 1505 3676 accipi
1530 3593 1664 3671 debeat,
1700 3598 1776 3679 quia
1804 3596 1892 3661 inter
1918 3618 1978 3662 nos
2005 3597 2223 3681 disputamus,

1251 3678 1477 3762 interpretatio
1504 3702 1545 3744 ex
1574 3680 1647 3746 aliis
1676 3679 1757 3749 locis
1783 3681 1925 3764 petenda
1951 3691 2030 3748 erat
2082 3683 2222 3749 Furioso

1251 3767 1375 3846 impetu
1408 3786 1522 3830 ansam
1555 3765 1748 3848 praecidunt
1779 3766 2096 3853 Magdeburgenses,
2131 3771 2224 3853 quasi

1251 3849 1343 3915 nulla
1364 3860 1450 3915 esset
1476 3850 1712 3934 interpretandi
1741 3852 1893 3932 libertas,
1922 3853 1985 3919 nisi
2013 3876 2128 3920 eorum
2150 3877 2223 3940 per

1251 3937 1361 4002 missu.
1391 3934 1459 4001 Sed
1470 3937 1527 4002 ubi
1544 3939 1741 4020 pronunciat
1757 3936 1891 4021 spiritus
1908 3951 2041 4005 sanctus
2051 3939 2224 4008 Christum

1250 4024 1286 4087 in
1308 4022 1480 4088 coelestem
1501 4022 1640 4107 gloriam
1661 4024 1863 4090 translatum
1891 4047 1976 4103 esse,
2006 4035 2044 4091 ut
2071 4049 2131 4092 suo
2152 4048 2223 4093 cor-

1251 4109 1322 4190 pori
1345 4121 1456 4172 nostra
1483 4109 1676 4184 conformet,
1705 4111 1777 4194 quis
1805 4108 1978 4177 discrimen
2008 4111 2108 4188 illud,
2137 4113 2223 4196 quod

1251 4191 1479 4344 praescribunt
1505 4196 1584 4259 novi
1611 4195 1775 4279 magistri,
1810 4195 1963 4279 recipiet?
1990 4196 2110 4263 udde
2138 4198 2222 4281 quod

2370 2972 2386 3015 1

2380 3232 2386 3272 l

2375 3501 2386 3544 i

2373 3618 2386 3647 ι

2367 3678 2386 3722 4

2356 3746 2386 3814 i

2337 3947 2386 3994 fl

2304 4189 2386 4257 ba

1281 4279 1375 4344 aulus
1408 4279 1563 4344 virtutem
1597 4279 1736 4358 Christi,
1770 4303 1835 4364 qna
1866 4290 1973 4365 potest
1999 4285 2124 4361 omnia,
2157 4285 2222 4351 illic
2295 4275 2386 4344 01⁰i

1251 4363 1497 4440 commendans,
1527 4364 1727 4448 splendidius
1754 4367 1882 4433 extollit
1908 4367 1993 4451 quod
2022 4368 2221 4454 Magdebur·
2284 4384 2386 4426 -1

1252 4471 1370 4534 genses
1391 4455 1572 4516 extenuant
1592 4452 1801 4529 miraculum,
1829 4474 1927 4535 quam
1954 4463 1993 4518 ut
2019 4454 2065 4536 pii
2088 4458 2221 4540 sanique
2268 4471 2385 4518 oto

1252 4535 1396 4614 lectores,
1418 4535 1543 4602 obiecto
1564 4538 1654 4602 fumo
1674 4537 1941 4603 dictisecundum
1963 4539 2051 4622 quid,
2074 4541 2137 4607 sibi
2157 4553 2222 4606 tam
2246 4556 2386 4604 ,σι-ι]

1251 4630 1374 4688 certam
1397 4621 1574 4687 doctrinam
1596 4622 1705 4688 excuti
1727 4623 1845 4688 sinant.
1968 4672 1971 4677 »

1336 4712 1409 4786 [ρος.
1440 4711 1515 4787 248]
1555 4708 1769 4774 Tricesimum
1808 4710 1959 4793 quintum
1991 4727 2386 4796 argumentummsn

1251 4802 1316 4858 est:
1339 4793 1433 4858 Inter
1451 4805 1578 4858 veteres
1600 4793 1685 4858 nihil
1705 4794 1807 4860 fnisse
1829 4797 2045 4862 contentionis
2067 4797 2108 4864 de
2125 4810 2386 4865 coenantes

314 4884 388 4958 [pag.
401 4882 476 4958 245]
495 4879 712 4944 Tricesimum
734 4878 866 4943 tertium
884 4888 1117 4964 argumentum
1135 4890 1197 4966 est:
1251 4879 1399 4945 Domini:
1428 4900 1506 4963 ergo
1533 4899 1646 4944 omnes
1674 4880 1909 4946 intellexerunt
1934 4882 2077 4965 figurate
2099 4879 2386 4950 Christizrffl‘sd

228 4962 401 5047 Scriptura
422 4971 561 5029 testatur
585 4963 794 5031 Chriotnma
823 4966 1061 5029 resurrectione
1082 4986 1200 5049 corpus
1252 4963 1360 5030 rerba
1412 4964 1486 5030 Hoc
1521 4972 1725 5048 retorquent,
1762 4967 1839 5050 quia
1870 4965 1954 5032 nihil
1981 4969 2068 5035 inter
2095 4977 2386 5034 vetereto-ns

228 5050 403 5116 retinuisse
424 5048 511 5133 quod
533 5049 708 5126 habuerat,
736 5070 841 5133 neque
863 5059 1014 5115 naturam
1036 5049 1197 5131 eiusmu·
1251 5051 1313 5117 fuit
1330 5061 1519 5134 pugnatum
1534 5049 1575 5114 de
1597 5050 1658 5117 hac
1679 5073 1725 5129 re,
1747 5073 1860 5119 omnes
1883 5073 1949 5117 nno
1971 5075 2132 5121 consensu
2154 5073 2383 5120 ammam·

228 5139 341 5200 tatam
385 5133 479 5200 Idem
501 5143 611 5218 patres
633 5133 750 5202 dooent
769 5154 890 5218 magno
912 5155 1087 5202 consensu:
1119 5155 1198 5221 ergo
1249 5137 1375 5220 plesoos
1397 5157 1467 5202 csse
1489 5135 1648 5202 literalem
1670 5159 1812 5205 sensum.
1856 5136 1924 5205 Sed
1937 5161 2036 5222 quum
2059 5139 2142 5206 nihil
2163 5160 2376 5224 pruqru·
