4724 5886
104 381 106 387 ,
210 312 320 380 XXII
793 306 1066 376 ueteranus
1089 304 1383 375 rflaoaoalal
1404 306 1626 375 MJNORES.

211 523 274 569 non
294 521 365 568 cam
385 522 447 567 ano
469 506 560 583 atque
580 499 684 579 altero,
705 500 759 566 sed
778 517 848 564 cam
867 502 931 564 toto
952 497 1079 563 55555555
1105 515 1200 577 qnam
1226 495 1368 576 offendit.-
1396 496 1542 579 intellipit
1568 517 1606 561 eo
1634 499 1776 578 opposito
1802 499 1948 565 unanimi
1975 520 2124 568 eonecnm
2140 523 2209 570 oon

209 613 343 696 feeoione
363 613 441 696 qm'd
461 613 504 678 m't
523 611 712 694 saoiendmn,
734 610 889 675 nimirum
910 609 1024 675 abiecto
1046 627 1148 674 errore
1169 609 1329 674 onitatem
1349 606 1605 688 complectendam
1626 613 1656 675 et
1675 630 1748 676 cnm
1769 610 1845 676 aliie
1861 613 2124 695 propugnandam
2145 635 2211 681 asse

212 774 347 791 .....
370 735 451 790 oaet.

366 840 396 902 2.
419 835 577 901 Eiusdem
598 832 781 917 Epistolam
803 833 882 899 satis
904 833 1037 916 longam
1054 850 1168 896 mense
1179 831 1331 914 Augusto
1349 829 1505 913 scriptam
1523 830 1565 897 ad
1581 831 1749 898 ministros
1760 834 1971 901 eeclesiarum
1983 837 2212 904 saxonicarum

210 970 278 1033 qua
309 969 364 1014 eos
389 946 579 1030 interpellat
605 954 642 1010 ut
668 946 733 1028 ipsi
760 966 853 1010 suam
880 964 1013 1027 operam
1041 940 1287 1009 accommodent
1313 951 1427 1008 contra
1452 941 1499 1006 Io.
1530 941 1722 1021 Calvinum,
1751 946 1946 1028 primarium
1972 947 2035 1013 hoo
2064 956 2211 1031 tempore

210 1067 488 1146 propugnatorem
510 1056 703 1125 exsecrandi
724 1057 847 1122 erroris
871 1054 1054 1139 Oingliani,
1083 1075 1181 1137 quem
1210 1054 1290 1120 dicit
1316 1053 1478 1120 saxonicis
1504 1053 1650 1121 ecelesiis
1682 1054 1805 1121 librum
1838 1058 2002 1140 quendam
2034 1059 2212 1128 obtrusiese

211 1172 273 1239 snb
293 1171 375 1237 falso
397 1170 595 1236 defensionis
615 1169 724 1246 titulo,
746 1169 782 1232 in
804 1187 867 1251 quo
889 1167 1031 1233 seribere
1053 1187 1094 1232 an
1118 1166 1262 1232 insanire
1291 1165 1403 1230 verius
1429 1172 1463 1230 et
1488 1166 1597 1231 furere
1617 1164 1774 1233 dioendus
1803 1168 1861 1248 sit,
1888 1168 1969 1253 ipsis
1997 1169 2211 1237 iudicandum

211 1283 381 1367 permittit.
424 1282 609 1347 Historiam
630 1280 747 1345 deinde
770 1277 1010 1345 controversiae
1031 1285 1199 1344 anteactae
1221 1288 1354 1343 enarrat
1374 1286 1409 1342 et
1430 1275 1563 1342 modum
1584 1277 1707 1345 indicat
1728 1300 1792 1362 quo
1819 1280 1973 1347 facillime
1994 1280 2212 1364 plurimorum

212 1394 450 1461 declarationes
471 1394 603 1477 congeri
623 1392 752 1476 possint
772 1401 807 1456 et
828 1391 994 1455 unanimis
1005 1389 1151 1455 omnium
1168 1389 1204 1453 in
1223 1397 1292 1454 tam
1305 1389 1400 1472 gravi
1408 1386 1485 1454 fidei
1496 1389 1632 1454 articulo
1643 1411 1822 1456 consensus
1834 1398 1945 1474 pateat
1956 1393 2010 1476 (A.
2022 1398 2043 1457 4
2054 1416 2085 1459 v.
2097 1394 2209 1480 seqq).

368 1509 396 1571 3.
420 1503 608 1587 Westphali
630 1502 783 1587 epistolas
805 1509 872 1568 tros
893 1501 974 1567 alias
997 1502 1162 1568 breviores
1184 1498 1331 1567 eiusdem
1353 1501 1539 1583 argumenti
1562 1500 1603 1565 ad
1624 1500 1769 1568 diversos
1790 1522 1970 1588 anonymos
1992 1505 2047 1579 (Β.
2067 1507 2209 1591 lseqq.).

337 1597 339 1600 Α
368 1623 398 1681 4.
422 1617 630 1700 Responsum
658 1615 882 1681 ministrorum
911 1611 1246 1698 Magdeburgensium
1273 1609 1369 1694 quod,
1396 1613 1577 1695 praemissa
1603 1613 1739 1695 epistola
1759 1613 1811 1679 die
1841 1617 1880 1678 26
1909 1613 1982 1681 Oet
2014 1619 2095 1682 1556
2126 1616 2211 1699 data,

212 1728 348 1797 exhibet
369 1729 513 1812 primum
534 1726 715 1794 Metbodnm
737 1748 837 1810 quam
858 1725 972 1792 dieunt
990 1743 1111 1790 menae
1133 1724 1322 1804 dominicae,
1344 1725 1365 1788 i.
1386 1744 1415 1789 e.
1437 1720 1600 1808 dogmatis
1621 1723 1887 1804 declarationem,
1915 1726 1963 1791 ita
1983 1726 2153 1794 definitam
2174 1735 2213 1795 55

212 1862 391 1908 consensus
413 1839 466 1906 vel
488 1839 656 1905 dissensus
678 1836 839 1903 formulae
860 1835 1053 1901 lutheranae
1072 1843 1106 1900 et
1125 1843 1330 1902 caeterarum
1351 1834 1474 1917 liquide
1496 1844 1665 1919 appareat:
1695 1844 1766 1902 tum
1789 1839 1922 1921 exponit
1943 1838 2064 1922 viginti
2085 1847 2120 1906 et
2139 1846 2211 1909 octo

214 1951 447 2031 Fundamenta,
468 1952 538 2018 sive
560 1951 670 2016 theses
692 1948 953 2015 fundamentales
975 1969 1017 2012 ex
1038 1954 1148 2012 mente
1166 1944 1423 2011 orthodoxorum
1443 1947 1637 2013 confessioni
1655 1956 1858 2032 augustanae
1875 1949 2092 2030 addictorum
2115 1973 2212 2035 porro

213 2064 450 2148 quinquaginta
472 2083 592 2127 novem
610 2063 805 2145 Arpnmenta
826 2081 906 2142 qnae
927 2080 965 2124 ee
985 2058 1086 2126 verbis
1106 2079 1214 2125 coenae
1235 2058 1316 2122 mire
1337 2059 1481 2124 conata
1500 2064 1656 2124 marnae
1672 2060 1847 2126 moliantur
1868 2064 2211 2142 testamenmentum

212 2177 407 2242 refutatione
436 2173 577 2257 singulis
604 2173 808 2257 argumentis
835 2171 989 2238 subiecta
1039 2171 1114 2236 'foti
1141 2169 1220 2235 huie
1249 2169 1442 2236 documento
1469 2170 1733 2255 subscripserunt
1760 2171 1901 2239 sedecim
1934 2173 2093 2253 ministri,
2125 2175 2211 2241 inter

213 2308 294 2371 quos
304 2296 372 2352 tres
383 2286 576 2352 celebriores
598 2284 754 2361 eminent,
773 2282 1028 2365 Io.Wigandus,
1051 2302 1148 2365 quem
1159 2281 1258 2347 huius
1268 2282 1416 2364 responsi
1428 2287 1573 2346 autorem
1596 2283 1697 2348 fuiese
1718 2305 1785 2348 non
1805 2284 1876 2349 sine
1898 2285 1969 2350 veri
1989 2286 2097 2367 specie
2117 2306 2211 2369 prae-

213 2400 402 2482 sumpseris,
425 2397 616 2463 Matthaeus
634 2394 741 2460 Iudex
769 2403 803 2459 et
822 2394 983 2460 Matthias
1004 2393 1152 2470 Flacius,
1183 2394 1251 2477 qui,
1279 2400 1318 2457 ut
1340 2392 1484 2471 ridetur,
1518 2414 1606 2458 anno
1633 2395 1782 2476 sequenti
1814 2392 1946 2459 demum
1973 2404 2008 2461 et
2033 2397 2211 2480 separatim

214 2530 309 2576 suam
330 2509 526 2575 sententiam
549 2508 655 2572 fusius
673 2506 870 2587 declaratam
892 2504 1018 2571 addidit
1038 2506 1092 2584 (B.
1113 2504 1222 2569 4-H.
1244 2511 1287 2582 4).

368 2625 395 2684 5.
418 2620 529 2684 Breve
553 2618 777 2686 Tenmtonimn
788 2617 922 2683 Ermmi
935 2616 1075 2682 Soreere'i
1096 2617 1378 2698 superintendentie
1398 2616 1598 2682 ecclesianos
1611 2615 1895 2699 Mamfeldensinm
1911 2623 2016 2685 nemra
2033 2639 2210 2685 sacramen·

211 2733 367 2800 arnam
387 2732 579 2812 mrmptelas
599 2731 637 2796 tle
656 2750 749 2796 coeno
770 2730 911 2798 Domini.
955 2730 1081 2794 Datum
1102 2726 1212 2794 Islebii
1236 2749 1263 2793 a
1291 2732 1371 2792 1557
1395 2728 1452 2814 (Η
1476 2735 1495 2792 4
1518 2728 1575 2813 5.).

355 2845 397 2908 46.
420 2841 581 2925 Sequitur
600 2842 782 2908 Admonin'o
810 2846 838 2906 et
864 2842 1040 2907 contestatio
1066 2840 1312 2906 annmctcmm
1332 2839 1556 2908 Bremeneinm
1587 2842 1630 2906 cd
1653 2861 1746 2907 anam
1761 2841 1883 2922 plebem
1912 2843 1950 2907 de
1976 2842 2151 2908 caracalla
2176 2843 2213 2909 in

213 2955 322 3039 agnita
343 2954 473 3020 acritate
483 2953 633 3037 evanpelt't‘
655 2953 858 3035 moetodieqne
876 2953 1037 3035 sementia
1057 2953 1252 3019 sanantem
1273 2956 1301 3018 et
1315 2952 1568 3035 enneaconta,
1590 2954 1644 3019 cai
1662 2952 1855 3037 subscripsit
1871 2953 2213 3039 eollegarumnomine

213 3065 293 3132 Ohr.
314 3065 488 3132 Haveman
513 3065 571 3147 (H.
596 3065 702 3130 5-K.
728 3066 772 3148 3).

368 3181 397 3241 7.
420 3175 568 3258 Epistola
584 3177 833 3260 presbyterorum
858 3175 1005 3243 eiusdem
1032 3176 1186 3243 ecelesiae
1213 3175 1256 3241 ad
1276 3174 1509 3259 Westphalum
1537 3177 1567 3242 d.
1591 3180 1643 3242 20.
1665 3178 1751 3261 Aug.
1776 3181 1866 3242 1556.
1912 3175 2124 3243 Caeteromm
2151 3197 2212 3244 no·

213 3289 302 3355 mine
325 3289 591 3372 subscripserunt
610 3287 700 3353 idem
720 3288 959 3355 Havemannus
980 3294 1015 3355 55
1030 3287 1176 3353 Ioannes
1197 3290 1235 3355 Τ.
1257 3289 1297 3354 A.
1318 3288 1518 3372 (Timannus
1540 3289 1825 3370 Amsterodamus)
1854 3289 1910 3373 qui
1937 3309 1996 3355 our
2016 3287 2070 3355 hic
2092 3310 2213 3355 nomen

214 3422 313 3467 suum
334 3401 449 3467 lectori
482 3399 696 3484 denegaverit
725 3421 827 3483 quum
848 3399 926 3466 alibi
946 3407 1061 3484 aperta
1081 3400 1176 3484 galea
1206 3399 1352 3479 incedat,
1381 3422 1441 3467 nos
1463 3400 1593 3485 quidem
1615 3422 1682 3466 non
1704 3401 1909 3485 assequimur
1929 3401 2018 3483 (Ka
2036 3402 2152 3469 v.-L.
2168 3404 2211 3490 1).

368 3515 398 3577 8.
419 3509 578 3577 Eiusdem
600 3511 755 3576 'l'imanni
776 3510 922 3594 Epistola
942 3510 984 3576 ad
1004 3511 1275 3595 Hamburgenses
1297 3511 1327 3577 d.
1348 3534 1459 3579 mense
1481 3511 1668 3597 Septembri
1694 3517 1773 3578 1556
1797 3514 1852 3588 (L.
1876 3517 1895 3577 2
1918 3514 2029 3597 seqq).

320 3650 322 3653 ·
369 3627 398 3689 9.
420 3625 597 3690 Pastorum
618 3638 651 3688 et
673 3623 899 3689 ministrorum
916 3623 1149 3689 Bremensium
1162 3621 1320 3707 0555555555
1336 3625 1375 3690 de
1394 3623 1493 3692 Coena
1504 3623 1644 3704 Domini,
1663 3624 1716 3690 oui
1737 3625 2001 3709 subscripserunt
2019 3625 2130 3693 decem
2149 3626 2213 3693 viri

214 3735 303 3800 inter
324 3755 403 3817 quos
424 3736 542 3801 iterum
564 3736 803 3801 Havemannus
824 3735 1061 3801 etTimannus
1083 3733 1137 3820 (L.
1161 3742 1181 3799 4
1201 3759 1232 3802 v.
1251 3736 1364 3818 seqq).
2069 3810 2071 3812 ,

373 3849 421 3910 10.
446 3844 603 3929 Conseeoio
628 3847 704 3929 fidei
730 3846 767 3911 de
793 3845 983 3912 enclmrietia
1016 3832 1242 3913 ministr'orum
1263 3847 1417 3914 eeclesiae
1439 3847 1739 3927 Hildeshemensis,
1776 3849 1852 3915 data
1885 3848 1914 3915 d
1944 3856 1994 3917 29.
2018 3848 2090 3917 Oet
2118 3854 2209 3916 1556.

212 3955 490 4041 Subscripserunt
511 3980 569 4022 sex
592 3967 748 4042 pastores,
771 3978 911 4041 quoram
932 3958 1169 4043 antesignanus
1190 3968 1240 4025 est
1262 3959 1477 4026 Tilemannus
1499 3959 1640 4044 Oragius
1661 3961 1724 4040 (ht
1748 3959 1852 4027 2-0.
1876 3962 1920 4044 6).

372 4073 419 4132 ll.
443 4058 672 4135 Ministrorum
693 4070 956 4154 Hamburgensis
977 4070 1131 4136 ecclesiae
1151 4071 1192 4137 de
1214 4092 1315 4138 coena
1336 4072 1470 4136 Domini
1490 4072 1648 4153 confessio,
1670 4073 1741 4137 aine
1764 4072 1817 4138 die
1838 4082 1872 4138 et
1892 4072 2032 4138 consule.
2067 4073 2210 4139 Nomina

214 4179 376 4245 dederunt
397 4177 537 4246 sedecim
558 4189 706 4263 pastores
728 4202 868 4266 quorum
890 4201 1009 4265 ogmar
1027 4180 1250 4249 ducitPaulus
1267 4182 1308 4249 ab
1330 4184 1450 4248 Eimen
1471 4183 1754 4267 superintendens,
1777 4205 1873 4267 quem
1896 4184 2043 4268 proxime
2059 4184 2210 4267 sequitur

214 4291 262 4357 Io.
284 4292 446 4369 Boetker,
478 4293 535 4375 qui
563 4293 646 4358 eitra
675 4293 811 4360 dubium
836 4294 925 4361 idem
958 4303 1008 4361 est
1037 4315 1076 4360 55
1097 4295 1143 4360 Io.
1166 4294 1333 4375 Bodeker,
1368 4296 1459 4362 cuim
1488 4296 1660 4365 subiicitur
1685 4294 1814 4379 epaon
1840 4293 1880 4359 ad
1903 4294 2146 4378 Westphalum,
2175 4302 2210 4365 55

214 4403 263 4469 Io.
285 4402 467 4482 Boedeher,
490 4404 545 4486 qui
565 4402 692 4469 addidit
712 4405 832 4472 brenen
852 4407 1149 4489 comprehensionem
1168 4407 1441 4490 fundamentorum
1462 4408 1647 4475 ortltodoaae
1662 4406 1818 4474 ecetram
1838 4410 1868 4471 et
1886 4404 1964 4485 fidei
1985 4408 2023 4472 de
2044 4428 2136 4476 coetoo
2157 4410 2209 4476 do·

214 4516 333 4582 nnnc
355 4512 410 4600 (Ο.
434 4519 453 4579 6
471 4515 588 4597 v.-Q.
614 4517 657 4599 1).

371 4627 445 4692 Hoc
464 4627 535 4694 loeo
556 4629 711 4694 inseritur
733 4627 780 4694 Io.
802 4629 932 4695 Brentii
960 4631 1126 4697 sententia
1153 4629 1195 4695 de
1222 4631 1406 4713 praesentia
1428 4631 1553 4699 Ohristi
1580 4633 1616 4696 in
1642 4627 1853 4717 eucharistia,
1884 4639 2039 4716 excerpta
2070 4655 2112 4699 ex
2139 4633 2209 4700 eius

215 4739 436 4805 Enarratione
455 4739 492 4805 in
513 4741 648 4806 Lucam.

370 4851 475 4916 Porro
512 4859 694 4934 sequuntur
735 4871 854 4918 novem
887 4851 1100 4936 Conseasmneo
1137 4854 1303 4920 breviores
1341 4853 1566 4939 theologorum
1598 4852 1855 4932 Lubeoensium,
1889 4855 2209 4940 Luneburgensium,

217 4960 527 5041 Brunsrioensium,
557 4964 893 5042 Hannoveranorum,
921 4965 1224 5045 Wismariensium,
1255 4963 1521 5044 Sverinensinm,
1548 4965 1819 5043 Husumensium,
1849 4966 2153 5046 Dithmariensium,
2175 4974 2210 5034 55

217 5068 510 5154 Northusanorum,
534 5076 674 5160 scriptae
695 5076 869 5160 pleraeque
891 5077 1057 5143 mensibus
1075 5076 1327 5144 autumnalibus·
1342 5099 1370 5143 a
1393 5082 1474 5142 1556
1496 5074 1550 5157 (Q.
1574 5074 1673 5141 4-S.
1698 5075 1741 5160 3).
1806 5112 1809 5119 ·

372 5188 502 5270 Agmen
523 5187 680 5253 claudunt
702 5187 859 5270 epistolae
880 5187 1039 5271 quaedam
1060 5191 1215 5273 privatim
1234 5198 1268 5254 et
1289 5198 1442 5273 exparte
1463 5189 1530 5253 iam
1551 5195 1628 5251 ante
1645 5185 1834 5272 Westphali
1850 5187 2145 5273 interpellationem
2168 5188 2211 5261 ad
