4590 5858
237 234 298 296 7711

237 416 318 482 1333
347 439 417 481 3333
443 418 625 492 1313137333,
655 417 708 498 qui
737 413 890 481 distincta
917 415 1059 479 habeant
1086 414 1199 478 officia.

236 502 390 568 Minister
403 502 430 584 ⁸)
449 512 604 566 externus
628 502 834 566 administrat
854 501 990 566 verbum
1013 499 1138 575 vocale,
1168 505 1201 562 et

235 609 327 653 33333
349 588 455 671 sigilla
476 609 557 669 quae
580 596 715 652 externa
736 594 821 664 3337,
851 596 982 650 7333333
1010 593 1043 649 37
1070 585 1199 649 331333.

235 674 391 737 Minister
418 694 495 737 vero
528 675 692 748 internus,
735 673 789 754 qui
822 680 872 736 est
903 673 1038 755 spiritus
1070 678 1201 735 sanctus

234 758 335 823 libere
356 759 425 842 agit
446 760 581 834 interne,
605 756 683 822 dum
704 757 739 821 13
757 778 1020 839 quorumeunque
1038 755 1109 820 vult
1130 775 1201 820 eor·

235 842 330 907 dibus
364 865 481 908 areana
515 866 574 908 sua
613 844 734 907 virtute
770 843 1094 908 communicationem
1127 862 1201 904 cum

233 926 367 994 Christo
387 950 446 1011 per
466 950 567 993 unam
587 926 685 993 fidem
706 936 866 1012 oporatur.
907 926 1000 1008 Quae
1022 927 1201 992 eommuni-

233 1015 316 1080 eatio
338 1036 390 1079 res
412 1022 462 1079 est
482 1015 621 1086 interna,
644 1014 791 1079 coelestis
813 1021 847 1078 et
867 1012 1152 1079 immarcessibilis.

1055 218 1412 292 CONFESSIONES.

2019 141 2031 171 Ι

2161 219 2222 282 776

1253 429 1319 472 333
1349 429 1407 490 333
1435 429 1558 491 organa
1586 410 1727 491 eorporis
1752 420 1903 482 externa,
1932 407 1989 472 331
2018 428 2139 473 333333
2165 428 2222 472 333

1253 495 1376 557 3137373
1398 506 1527 559 mentes
1549 494 1694 559 fidelium
1717 503 1782 558 7331
1806 516 1883 559 3333
1906 504 2039 577 tamque
2050 494 2223 558 efficaciter

1253 581 1355 661 pascit
1377 600 1510 661 corpore
1533 588 1567 643 et
1588 581 1746 664 sanguino
1772 580 1905 644 Domini
1928 581 1964 644 in
1985 580 2106 644 vitam·
2119 587 2222 642 aeter·

1253 686 1344 742 nam,
1379 686 1478 747 quam
1510 685 1588 730 3333
1615 667 1724 731 331337
1752 687 1786 730 33
1806 687 1890 750 3333
1920 674 1953 730 37
1974 666 2052 729 3133
2071 665 2161 748 pasci
2182 663 2222 729 ad

1253 751 1356 815 vitam
1380 750 1465 814 hanc
1485 749 1640 816 33133331
1663 751 1897 817 333713331331.

1339 927 1372 995 3)
1399 924 1424 984 1.
1445 919 1518 985 033.
1545 925 1593 998 10,
1628 925 1646 985 3
1670 943 1715 1004 sq.
1752 920 1863 986 Omnes
1886 922 2016 987 eandem
2036 940 2140 986 escam
2161 921 2223 1003 spi·

1252 1005 1399 1069 ritualem
1420 1007 1555 1085 ederunt,
1573 1012 1601 1070 et
1623 1028 1727 1073 omnes
1747 1008 1875 1072 eandem
1891 1012 2001 1088 petum
2025 1007 2222 1088 spiritualem

1252 1089 1406 1154 1177313371
1427 1090 1567 1156 bibebant
1586 1094 1669 1157 enim
1697 1114 1734 1158 ee
1761 1093 1926 1173 3373773377
1952 1097 2093 1174 sequente
2116 1097 2223 1174 petro:

319 1188 352 1267 a)
379 1184 501 1249 1.(711.
528 1190 554 1263 3,
579 1190 607 1249 6.
632 1189 659 1248 7.
691 1185 743 1249 De
762 1191 828 1247 7373
839 1183 1020 1248 ministerio
1042 1182 1089 1247 ita
1099 1181 1201 1264 loqui·
1249 1180 1463 1256 parcentem
1484 1181 1550 1242 erat
1573 1176 1725 1245 Christus.

234 1276 289 1334 tur
311 1271 447 1334 Paulus:
475 1270 552 1350 Quis
574 1275 619 1334 337
633 1269 778 1334 Penius?
805 1270 883 1351 Quis
902 1267 1114 1348 erispoius?
1137 1269 1202 1332 17737

236 1357 376 1421 ministri
392 1377 452 1437 per
471 1376 547 1435 ones
574 1356 764 1422 credidistis:
792 1360 819 1420 37
844 1360 878 1419 nt
907 1356 1017 1436 cuique
1045 1354 1201 1418 Dominus

235 1441 326 1505 dedit.
371 1442 439 1523 Epo
454 1441 609 1524 pleniori,
632 1441 762 1523 Apelles
782 1442 905 1524 7733377,
928 1441 982 1504 sed
1002 1439 1093 1504 Dens
1119 1439 1201 1504 dedit

235 1527 463 1591 incrementum.
496 1526 606 1607 Itaque
623 1546 717 1606 neque
739 1528 769 1589 73
790 1527 846 1608 qni
863 1525 989 1606 plantat
1005 1530 1049 1589 est
1069 1525 1200 1606 3173371,

235 1632 331 1693 nepae
352 1614 382 1677 is
403 1613 458 1694 qni
479 1613 570 1694 ripat,
593 1613 646 1676 sed
668 1613 724 1692 qni
747 1613 966 1677 incrementum
989 1612 1051 1689 dat,
1070 1610 1167 1674 Dens.

685 1749 746 1813 VI.

319 1867 358 1931 In
382 1867 621 1949 praedicatione
649 1869 739 1933 vorbi
768 1869 916 1933 minister
942 1877 1098 1931 externus
1127 1887 1201 1931 ver·

232 1953 310 2016 11331
333 1954 442 2017 vocale
454 1955 588 2036 porrigit
601 1964 634 2017 et
645 1955 778 2018 auribus
792 1954 975 2037 percipitur,
993 1954 1019 2036 ⁸)
1042 1951 1200 2016 Internus

232 2038 383 2102 minister
416 2039 550 2122 spiritus
587 2050 717 2104 sanctus
752 2063 822 2105 rem
855 2059 938 2122 quae
970 2059 1029 2120 per
1061 2038 1200 2103 verbum

233 2126 459 2200 annunciatur,
483 2134 594 2206 utpote
616 2126 794 2204 Christum,
818 2146 955 2208 quorum
983 2124 1055 2188 vult
1081 2124 1200 2188 menti·

231 2208 291 2275 1133
309 2231 386 2273 3333
408 2213 634 2286 communicat,
656 2214 701 2274 ita
723 2222 761 2275 ut
783 2234 847 2275 non
869 2212 1064 2275 3173333333
1086 2209 1201 2274 Chris-

232 2303 301 2357 tum
325 2317 425 2376 aeque
444 2305 539 2377 atque
563 2297 699 2360 33311331
721 2317 780 2379 333
801 2297 944 2379 corporis
956 2317 1079 2379 organa
1090 2296 1200 2376 recipi,

232 2378 288 2443 sed
311 2402 431 2445 areana
453 2403 512 2444 sua
530 2381 651 2446 3137373
671 2381 756 2448 hanc
774 2381 1034 2447 coniunctionem
1046 2388 1200 2464 operatur

232 2466 365 2547 spiritus
386 2476 527 2543 sanetus,
551 2467 689 2530 creando
712 2468 747 2530 in
769 2469 861 2532 nobis
889 2466 1001 2544 fidem,
1032 2488 1096 2549 qua
1123 2467 1200 2532 facit

233 2571 291 2615 nos
313 2551 392 2615 3133
411 2554 557 2616 membra
581 2551 703 2617 Christi
728 2554 797 2619 veri
820 2553 872 2616 dei
894 2553 1019 2618 373331
1048 2552 1198 2616 hominis.

317 2721 350 2804 a)
375 2724 445 2785 Aet.
473 2727 519 2798 lu,
548 2728 593 2786 14.
633 2723 792 2802 7333313111
814 2723 928 2787 mulier
948 2723 1069 2788 nmnine
1086 2722 1200 2806 Lydia,

232 2827 270 2877 ece
291 2806 366 2870 nrbe
391 2807 599 2888 Tpotirerum,
621 2829 701 2890 enoc
716 2829 899 2890 purpuram
919 2808 1073 2887 caedebat,
1095 2808 1200 2873 Deam

231 2892 342 2970 3313113,
376 2913 432 2956 nes
460 2894 593 2972 aedicit,
626 2895 718 2959 33733
739 2894 897 2960 Dominus
923 2897 1134 2978 3337377331,
1167 2899 1201 2959 nt

233 2979 396 3043 3773713137
416 2979 459 3042 773
481 2999 560 3059 qnae
576 2981 755 3046 dicebantur
776 3002 797 3045 a
822 2979 932 3045 Panic.

670 3116 749 3181 Vll.

315 3234 357 3298 In
368 3235 533 3319 baptismo·
544 3240 569 3311 ⁸)
580 3237 730 3301 minister
740 3244 897 3302 externus
911 3237 1050 3319 baptizat
1066 3243 1201 3301 externe

231 3320 402 3398 elemento,
416 3329 527 3404 utpote
539 3343 630 3404 aqua,
643 3344 725 3405 quae
737 3345 870 3405 corpore
881 3323 1066 3406 percipitur.
1082 3324 1111 3406 b)
1144 3324 1201 3386 ln-

232 3414 345 3471 ternus
373 3408 524 3472 minister
552 3407 685 3489 spiritus
712 3418 846 3472 3333733
875 3408 1017 3491 baptizat
1041 3410 1201 3493 sanguine

232 3492 435 3557 immaculati
458 3494 543 3576 agni,
567 3492 646 3558 adeo
669 3516 745 3558 3333
775 3505 813 3557 37
845 3495 941 3558 371313
971 3504 1038 3558 7373
1066 3494 1200 3560 Christe

232 3599 309 3641 vero
326 3577 397 3641 Deo
419 3588 452 3642 et
471 3600 546 3643 3333
566 3578 699 3643 homine
718 3579 834 3644 induat
844 3602 919 3644 eum
930 3580 986 3662 qui
1005 3581 1200 3663 baptizatur:

233 3661 356 3738 (Galat.
381 3667 409 3739 3,
433 3668 487 3739 27)
507 3664 552 3727 ita
574 3675 611 3728 ut
633 3686 699 3728 non
723 3666 917 3730 3173333333
939 3667 1108 3731 Christum
1131 3686 1199 3730 cor·

231 3748 320 3829 peris
342 3750 473 3832 organis
501 3750 616 3831 recipi,
650 3760 687 3814 ut
711 3751 886 3815 abluantur
912 3751 1040 3816 animae
1070 3762 1200 3817 nostrae

229 3833 330 3931 ipsius
352 3837 520 3919 sanguine,
544 3836 601 3900 sed
622 3837 741 3901 sufficit
768 3858 887 3901 333333
914 3838 1201 3919 etpotentissima

229 3919 363 4000 33131733
385 3923 487 3986 333371
511 3924 665 4004 33333713.

315 4089 349 4167 3)
376 4090 494 4154 Matth.
519 4096 546 4169 3,
574 4099 620 4156 11.
651 4093 764 4158 13333.
781 4100 807 4173 1,
831 4096 880 4157 26.
915 4091 983 4177 Epo
1003 4092 1125 4175 baptizo
1145 4113 1201 4159 333

230 4197 316 4257 aeno
338 4176 380 4239 ad
396 4178 628 4257 poenitentiam.

316 4260 351 4335 b)
371 4262 433 4324 Tit.
458 4266 486 4336 3,
512 4268 538 4326 5.
586 4265 697 4329 Salvos
718 4285 775 4329 nes
794 4264 868 4346 fecit
884 4284 945 4344 per
971 4266 1132 4330 1333313111
1153 4287 1201 4330 re-

227 4348 436 4429 peneratienis
456 4355 484 4410 et
504 4352 713 4415 renovationis
734 4352 869 4431 spiritns
889 4353 998 4416 saneti.

320 4437 345 4496 1.
370 4434 445 4497 Cor.
471 4438 499 4509 3,
527 4438 572 4497 11.
607 4435 651 4498 Et
672 4435 745 4501 iace
766 4437 1015 4518 eratisqnidom,
1036 4437 1092 4502 sed
1102 4438 1201 4502 ablati

231 4518 314 4596 estis,
337 4521 391 4584 sed
414 4518 576 4600 iustificati
598 4523 679 4600 estis,
701 4523 755 4586 sed
776 4522 963 4604 sanctificati
984 4523 1057 4588 33773
1085 4525 1120 4588 in
1148 4544 1201 4589 ne-

230 4603 313 4667 mine
336 4604 469 4669 Domini
488 4605 572 4683 1333,
595 4611 623 4668 37
638 4628 698 4687 per
719 4608 869 4690 spiritam
890 4608 955 4673 Dei
975 4609 1083 4673 nostri.

664 4741 762 4808 VIII.

316 4860 356 4926 In
388 4883 487 4927 33333
520 4862 654 4927 Domini
688 4864 837 4929 minister
875 4876 1029 4933 externus
1063 4867 1201 4952 porrigit

232 4958 369 5012 externa
390 4949 545 5032 symbola,
568 4969 685 5032 panem
707 4949 841 5014 Domini
863 4961 896 5016 37
917 4953 1033 5018 313331
1056 4954 1199 5031 Domini,

232 5049 313 5111 quae
335 5035 464 5117 organis
486 5036 627 5117 corporis
649 5035 1201 5117 nostriaccipiuntur,comeduntur

232 5124 265 5179 37
284 5116 509 5201 deglutiuntur
523 5130 557 5197 ³).
577 5122 732 5187 Minister
743 5121 892 5187 internus
912 5125 1044 5206 spiritns
1057 5133 1200 5203 sanctus,

1708 1315 1769 1381 IX.

1338 1429 1385 1495 Ut
1412 1452 1545 1513 corpore
1574 1431 1697 1498 Christi
1726 1434 1900 1518 pascamur
1925 1437 1960 1500 in
1989 1437 2093 1502 3173111
2121 1443 2221 1500 33733-

1253 1534 1423 1592 nomnen
1445 1516 1518 1580 vult
1539 1515 1693 1584 Christus
1721 1528 1759 1584 ut
1785 1522 1955 1587 credamus
1982 1543 2100 1605 cerpus
2128 1543 2221 1586 suum

1253 1610 1309 1663 337
1326 1602 1521 1684 sanguinem
1542 1624 1638 1668 suum
1661 1605 1857 1672 descendere
1879 1606 1918 1671 de
1940 1608 2028 1673 coele
2056 1628 2156 1690 33333
2177 1607 2220 1671 al·

1254 1694 1332 1762 7333,
1357 1697 1414 1751 337
1435 1688 1558 1752 3133313
1576 1689 1693 1768 317333,
1724 1693 1759 1756 13
1780 1713 1898 1774 333331
1927 1701 1983 1758 337
2011 1694 2073 1759 3311
2096 1714 2221 1776 panem,

1254 1781 1310 1834 aut
1331 1792 1397 1834 non
1418 1773 1532 1855 procul
1555 1796 1575 1838 a
1601 1795 1702 1858 pane:
1730 1793 1796 1841 nen
1824 1779 1930 1862 magis
1955 1801 2052 1862 quum
2082 1780 2116 1843 in
2147 1779 2221 1861 bap·

1253 1859 1350 1921 713313
1372 1877 1453 1940 3333
1483 1867 1546 1936 est,
1581 1871 1619 1923 ut
1651 1883 1730 1927 3333
1761 1865 2075 1948 13331113333333313
2098 1864 2220 1930 Christi

1252 1943 1384 2020 fiamus,
1417 1945 1525 2026 ipsum
1557 1967 1674 2029 eorpus
1708 1948 1835 2013 Christi
1857 1949 1896 2014 de
1918 1951 2006 2015 coele
2035 1952 2069 2014 in
2105 1971 2220 2032 aquam

1253 2039 1310 2092 337
1331 2027 1392 2092 3311
1415 2050 1531 2111 aquam
1553 2030 1757 2110 descendere,
1782 2046 1838 2099 aut
1860 2057 1925 2099 nen
1946 2035 2119 2120 proculab
2141 2055 2222 2118 aqua

1252 2123 1353 2178 stare:
1376 2116 1647 2196 quemadmodum
1670 2122 1786 2185 necin
1810 2121 1907 2185 verbo
1934 2121 2038 2188 vocali
2068 2122 2126 2186 tali
2154 2143 2221 2187 cor·

1252 2199 1341 2281 poris
1362 2200 1518 2265 descensu
1548 2211 1599 2266 337
1623 2224 1718 2286 3333,
1754 2214 1789 2269 37
1822 2208 1920 2271 737133
1952 2207 2077 2273 Christi
2107 2209 2222 2272 fiamus

1251 2285 1436 2367 participes,
1460 2286 1516 2350 sed
1539 2289 1619 2353 satis
1641 2291 1806 2371 potentiae
1834 2293 1964 2375 spiritui
1986 2294 2141 2370 Domini,
2170 2294 2222 2375 qui

1252 2393 1272 2434 3
1293 2382 1386 2453 33733
1408 2371 1539 2454 filioque
1563 2375 1723 2455 precedit,
1750 2378 1856 2442 inesse
1879 2379 2057 2458 eredimus,
2087 2388 2125 2443 ut
2147 2401 2222 2443 3333

1251 2457 1365 2520 33313
1388 2456 1547 2539 1133713133
1569 2460 1640 2524 3133
1662 2464 1804 2544 33333313
1824 2464 1921 2528 faciat
1948 2465 2109 2542 membra,
2142 2463 2222 2547 quod

1252 2550 1302 2606 337
1323 2552 1356 2605 37
1386 2545 1551 2607 13333713
1576 2545 1672 2611 coele.
1717 2548 1762 2611 Et
1793 2550 1827 2613 in
1861 2570 1953 2614 33333
1980 2572 2084 2616 33333
2113 2549 2222 2615 331331

1252 2647 1385 2708 3333333
1407 2642 1560 2694 13333373
1577 2632 1613 2694 13
1630 2631 1718 2696 coelo
1730 2636 1835 2718 magis
1857 2656 1894 2701 ae
1914 2638 2018 2721 magis
2030 2658 2088 2702 nos
2100 2638 2223 2701 nutriat

1252 2733 1310 2795 per
1335 2733 1488 2778 arcanam
1516 2732 1614 2798 atque
1639 2719 1896 2785 efficacissimam
1923 2723 2106 2805 potentiam
2133 2743 2222 2787 suam

1252 2809 1285 2863 37
1302 2800 1467 2863 virtutem.

1338 2885 1431 2950 Hace
1454 2885 1608 2969 13373133,
1631 2888 1717 2973 quod
1734 2894 1878 2975 eorporis
1901 2892 2026 2958 Christi
2048 2893 2159 2958 nullus
2169 2894 2223 2957 fiat

1253 2970 1429 3036 descensus
1445 2981 1507 3035 337
1527 2974 1672 3058 illapsus,
1695 2977 1836 3043 3131111113
1857 2986 1914 3044 337
1934 2979 2126 3057 invisibilis,
2152 2981 2222 3043 fun·

1253 3054 1329 3122 1373
1351 3056 1457 3121 33713
1480 3057 1669 3126 clarissimis
1688 3065 1867 3146 scripturae
1885 3085 1998 3130 sacrae
2021 3064 2222 3130 testimoniis

1254 3141 1426 3222 Quatenus
1448 3145 1536 3208 33131
1559 3146 1711 3213 Christus
1738 3159 1787 3215 337
1816 3150 1927 3230 hemo,
1954 3159 2097 3215 testatur
2124 3151 2223 3232 serip-

1254 3236 1329 3293 tura
1351 3249 1426 3294 3331
1444 3233 1615 3298 recessisse
1637 3234 1762 3317 (Lucae
1787 3239 1842 3312 24,
1866 3236 1932 3320 711),
1955 3237 2073 3301 31111333
2097 3236 2221 3319 (13333.

1258 3320 1305 3392 14,
1328 3315 1373 3398 4),
1393 3313 1550 3381 13331331
1562 3318 1650 3384 hune
1661 3320 1831 3404 reliquisse
1849 3324 1977 3395 1133113.
2004 3328 2051 3399 16,
2065 3326 2132 3400 28),
2149 3322 2223 3386 sub·

1254 3398 1356 3463 latum
1378 3421 1448 3465 esse
1466 3402 1553 3484 (Aet.
1580 3409 1607 3480 1,
1634 3407 1687 3488 11)
1710 3406 1746 3470 13
1758 3407 2221 3490 3333731733133334373(Η3113.

1255 3491 1283 3563 9,
1309 3491 1344 3549 11
1367 3495 1400 3550 37
1422 3490 1485 3563 24),
1505 3489 1665 3554 contineri
1688 3492 1837 3558 3331331
1859 3505 1990 3578 tempus
2012 3515 2115 3575 usque
2131 3492 2222 3558 33371·

1252 3571 1390 3636 73713313
1411 3573 1557 3638 31331331
1576 3578 1662 3659 (Aet.
1687 3581 1715 3655 3,
1736 3581 1802 3655 21).

1336 3656 1406 3722 Nec
1428 3670 1579 3740 pugnant
1600 3684 1674 3727 eum
1697 3663 1758 3728 hae
1787 3666 1934 3731 doctrina
1961 3664 2063 3731 333113
2086 3663 2221 3729 Christi:

1252 3743 1325 3808 Hoc
1347 3756 1397 3807 est
1425 3763 1541 3828 corpus
1568 3769 1677 3813 meum
1704 3751 1792 3832 quod
1814 3773 1872 3834 pro
1898 3752 2005 3827 331113,
2036 3758 2096 3815 373.
2140 3750 2221 3814 Nam
2252 3808 2285 3818 -

1252 3832 1355 3913 133133
1377 3828 1501 3896 Christi
1523 3835 1667 3916 optimus
1688 3834 1852 3920 interpres
1873 3847 1923 3902 est
1945 3836 1987 3900 D.
2011 3836 2151 3913 Paulus,
2170 3836 2285 3918 qul-1·

1252 3917 1313 3982 hoc
1345 3919 1596 4000 interpretatur:
1627 3922 1723 4002 panis
1752 3944 1850 4005 quem
1885 3923 2086 4006 frangimns3
2125 3921 2282 3987 verbu.

1253 4003 1393 4069 Christi:
1417 4014 1468 4067 337
1479 4026 1599 4088 333333
1611 4027 1732 4084 133331,
1745 4009 1993 4091 interpretatur:
2013 4015 2267 4073 3373331313-

1252 4090 1372 4154 nicatio
1395 4089 1438 4169 (l.
1461 4090 1535 4156 Cor.
1563 4094 1616 4173 10)
1638 4096 1784 4175 33333313
1807 4093 1942 4160 Christi.

1338 4175 1410 4239 lam
1443 4188 1551 4241 autem
1587 4185 1664 4242 ante
1700 4176 1960 4245 demonstratum
1994 4185 2058 4257 337,
2097 4179 2240 4242 unicam

1253 4260 1338 4326 hane
1361 4282 1432 4326 esse
1459 4262 1720 4329 communicandi
1748 4267 1922 4343 rationem,
1952 4285 2018 4348 qua
2045 4285 2104 4346 per
2131 4262 2230 4346 spiri·

1253 4355 1324 4411 tum
1342 4358 1492 4413 sunctum
1514 4350 1584 4415 eius
1606 4351 1704 4414 fimus
1725 4352 1907 4434 participes,
1934 4351 1990 4433 qui
2017 4349 2150 4415 effector
2173 4356 2220 4412 337

1253 4431 1351 4498 huius
1373 4436 1673 4513 communicatenis,
1696 4456 1795 4518 quum
1819 4438 1863 4502 317
1880 4437 1987 4502 313733
2007 4436 2071 4499 Dei
2083 4432 2213 4501 31333713

1254 4538 1273 4582 a
1293 4529 1387 4601 patre
1410 4520 1540 4603 filioque
1560 4521 1747 4605 procedens.

1339 4603 1513 4671 Consentit
1540 4607 1640 4671 371331
1673 4606 1753 4673 haee
1785 4608 1932 4673 13373133
1964 4626 2039 4671 3313
2069 4602 2206 4691 Symbola

1253 4692 1427 4775 apostolice
1450 4694 1519 4758 3133
1541 4693 1687 4758 articulis
1708 4693 1793 4771 fidei,
1816 4715 1954 4776 querum
1974 4691 2204 4757 inviolabiliset

1252 4779 1492 4861 simplicissima
1509 4778 1597 4842 13733
1617 4779 1688 4862 3133
1710 4800 1823 4845 331333
1845 4787 1994 4845 33337333
2017 4777 2112 4843 131137
2127 4774 2204 4840 certi·

1252 4864 1346 4944 tude,
1374 4864 1426 4929 1113
1448 4865 1619 4929 nimirum:
1656 4865 1814 4930 Ascendit
1834 4866 1870 4929 13
1896 4864 2036 4941 3331331,
2065 4856 2205 4929 3313731

1253 4949 1422 5015 dexteram
1441 4951 1504 5015 Dei
1531 4951 1779 5033 omnipotentia,
1810 4949 1887 5016 inde
1918 4959 2079 5015 venturus
2106 4942 2206 5013 33731

1252 5035 1462 5103 iudicandum
1484 5037 1577 5100 vivos
1601 5045 1634 5100 et
1655 5040 1811 5102 13337333.

1336 5124 1408 5188 Η33
1430 5121 1583 5189 articulos
1594 5122 1670 5188 fidei
1681 5124 1727 5189 173
1744 5130 1781 5186 37
1798 5143 1857 5186 333
1868 5120 2029 5186 intellexit
2040 5119 2082 5184 D.
2093 5121 2209 5202 Augus
