4620 5828
4 164 5 168 =
20 131 38 190 3
860 123 1121 192 RESPONSIO

0 314 125 399 lligere
145 321 331 397 promptum
354 321 412 389 set,
436 334 554 397 susque
573 313 676 396 deque
693 313 799 379 tenere
820 312 943 378 bonum
995 314 1095 378 luerit
1127 312 1264 380 eoelesia
1295 333 1358 396 quo
1390 321 1535 398 temporo
1561 313 1745 384 saoerdotes
1771 336 1792 381 a
1817 322 1892 397 [pag.
1913 322 1966 397 7ι]

8 419 96 476 rum,
125 400 153 463 si
180 400 392 464 eonsoientiae
424 399 576 464 humanis
608 398 747 463 dometis
779 399 944 463 serviliter
995 398 1141 484 legitimo
1167 399 1231 463 Dei
1259 398 1349 464 eultu
1375 399 1584 476 deflexerant
1618 403 1752 466 minime
1780 401 1966 487 ambigitur.

2 485 208 567 ·primantur‚
231 483 325 549 modo
349 485 469 569 absque
498 483 695 549 valetudinis
723 482 849 548 iant'ura
876 485 942 548 fiat.
998 487 1049 549 An
1078 506 1155 549 vero
1183 485 1253 549 eius
1281 484 1434 551 οοοιιιιιι
1467 487 1627 552 autoritas
1654 487 1765 571 vigere
1797 496 1831 552 et
1858 489 1969 554 valere

6 571 123 652 suique
161 568 266 652 quoad
303 590 403 636 onera
439 569 624 655 tyrannidis
660 569 827 634 eommnde
859 571 943 634 ferre
995 570 1143 637 debuerit
1163 567 1249 652 apud
1269 571 1350 653 pins,
1376 592 1416 635 ex
1439 571 1606 654 prophetis
1633 580 1738 654 patet:
1765 574 1820 655 qui
1847 574 1970 656 ubique

0 656 158 732 ιιιιιιιιιιι,
180 655 245 720 illis
267 655 408 722 ferendis
436 677 495 720 nos
523 655 702 739 obstringit.
748 653 837 735 Quid
865 675 942 738 ergo
994 657 1137 720 clamant
1156 655 1345 739 longissime
1367 656 1408 721 ab
1429 656 1530 740 impia
1541 677 1651 722 eorum
1664 657 1969 725 ιιοιιοοιιιοιιιιιι·

9 740 146 806 aPauli
168 742 330 805 sententia
350 743 421 806 fiet:
454 742 557 806 Nemo
578 761 636 806 vos
665 739 785 806 iudieet
810 742 844 804 ιιι
872 740 942 805 eibn
994 743 1081 805 dum.
1125 739 1323 823 Quanquam
1344 740 1441 825 longe
1463 741 1628 808 dissimilis
1649 753 1700 807 est
1721 745 1806 808 ratio
1826 751 1967 829 papatus

26 834 106 911 potu
125 824 261 912 (Onlnss.
281 830 310 904 2,
333 826 407 913 16)?
430 828 531 892 Item:
565 824 653 907 Quid
676 824 783 891 adhue
805 824 943 890 denretis
993 826 1049 891 nbi
1071 847 1176 909 neque
1198 826 1356 908 templum
1378 835 1436 902 est,
1458 848 1564 910 neque
1585 828 1697 905 altare,
1727 849 1833 912 neque
1860 850 1968 896 saner·

0 913 128 977 omini
149 911 239 987 (ibid.
260 934 289 976 v.
311 912 389 996 90)?
433 912 533 977 Item:
564 910 667 987 State,
696 922 728 975 et
755 931 797 976 ne
823 913 942 975 iterum
994 912 1120 977 dotium
1142 932 1225 993 quae
1247 911 1405 977 divinitus
1426 914 1577 978 instituta
1595 914 1726 978 fuerint.
1772 914 1889 997 Itaque
1910 935 1967 998 ap·

0 997 185 1063 biioiamini
213 996 292 1081 iugo
317 997 484 1063 servibitis
513 996 601 1085 (Gal.
622 1005 650 1074 5,
672 999 713 1078 l).
758 997 812 1061 lln
841 996 942 1060 refor-
992 999 1056 1062 tior
1076 996 1140 1062 erit
1151 997 1356 1081 eomparatio,
1379 997 1605 1063 sinnnleretur
1615 1019 1689 1064 eum
1701 1007 1788 1064 statu
1800 1000 1968 1066 israelitioi
2022 1047 2026 1062 .

12 1082 123 1148 tionis
148 1080 301 1161 studium,
331 1083 416 1166 quod
443 1091 510 1148 tam
538 1083 680 1147 fastuose
707 1081 816 1147 iaetat.
868 1080 941 1145 lam
991 1082 1111 1167 populi,
1134 1104 1176 1147 ex
1197 1102 1261 1164 qun
1283 1081 1452 1148 Iarobeam
1475 1082 1695 1149 adulterinum
1705 1084 1831 1150 nultum
1851 1088 1966 1151 erexit

7 1168 148 1234 usulam
171 1175 334 1233 atterens:
358 1168 476 1236 Oultus
499 1173 571 1248 [pag.
595 1172 650 1246 67]
671 1188 731 1251 per
753 1187 787 1231 se
807 1166 941 1232 vitiosos
992 1170 1067 1234 Etsi
1088 1168 1175 1233 euim
1198 1168 1371 1252 magnifiee
1386 1169 1673 1235 iaotabantdeeem
1686 1170 1966 1237 tribusseofferre

12 1253 125 1322 'vatim
148 1274 241 1336 posse
263 1255 371 1318 nareri
392 1254 433 1318 ab
455 1254 705 1339 agnosneutibus
728 1253 858 1316 vitium:
880 1253 942 1316 etsi
992 1254 1151 1319 sanritioia
1172 1252 1245 1317 Deo
1266 1252 1461 1336 redemptori
1484 1274 1551 1333 suo,
1575 1264 1609 1320 et
1631 1255 1825 1320 merneuau'i
1846 1256 1967 1322 levitae

1 1338 102 1404 'detur
135 1337 284 1403 nonnihil
316 1339 437 1418 dinere,
472 1340 613 1424 maligne
643 1344 753 1403 tamen
786 1346 942 1402 extenuat
992 1339 1118 1405 nenseri
1140 1336 1291 1403 volebant
1312 1337 1376 1403 Dei
1397 1341 1548 1415 ministri,
1569 1344 1644 1418 [pag.
1664 1347 1718 1420 7ι]
1740 1349 1775 1405 et
1792 1340 1965 1407 Iarobeam

0 1425 55 1489 .nd
83 1443 243 1490 summam
271 1424 514 1490 detestationem
542 1433 693 1489 meretur.
738 1422 827 1504 Quid
853 1422 940 1487 enim
990 1425 1061 1508 ipse
1082 1424 1270 1490 defentionis
1292 1432 1385 1489 autor
1405 1434 1713 1507 praetexueratnon
1731 1425 1868 1492 alienari
1881 1448 1966 1493 ιιοιι

19 1517 53 1576 et
73 1508 137 1574 Dei
159 1509 284 1576 nultum
306 1511 440 1576 eoeleste
461 1511 634 1594 profanari,
657 1516 691 1573 et
712 1511 828 1573 ιιιιιιι
852 1527 942 1572 meos
991 1511 1096 1575 forma
1117 1508 1272 1592 populum
1294 1530 1314 1574 a
1335 1507 1407 1574 Deo
1418 1509 1581 1589 Abrahae,
1603 1509 1660 1575 sed
1675 1519 1805 1576 tautum
1815 1513 1966 1578 molestia

26 1595 164 1659 exitium
185 1595 234 1658 ire
273 1598 442 1679 raenipites
461 1594 610 1661 videam?
633 1596 796 1660 taeitusne
812 1602 940 1658 utrum·
991 1596 1104 1674 levari,
1127 1615 1169 1659 ue
1190 1604 1360 1678 angeretur
1381 1594 1554 1661 assandae
1576 1597 1610 1660 iu
1635 1603 1778 1661 montom
1791 1596 1886 1674 Sion,
1909 1598 1965 1662 illa

14 1702 32 1746 e
67 1680 196 1764 patiar?
251 1616 341 1746 ileon
374 1681 495 1747 seilieet
527 1682 609 1745 ratio
642 1688 692 1745 est
723 1699 782 1744 eur
814 1679 940 1761 pensari
992 1689 1104 1746 tamen
1125 1690 1196 1744 tnta
1215 1679 1340 1764 religio,
1363 1688 1400 1745 ut
1417 1679 1601 1746 adulterina
1612 1692 1692 1759 erat,
1715 1683 1805 1748 sinet
1814 1682 1965 1749 fidelibus

0 1772 158 1843 moneat,
189 1766 217 1831 si
244 1766 345 1832 nimio
373 1767 642 1852 superstitionum
670 1764 742 1830 odio
776 1766 857 1829 ritus
884 1765 940 1847 qui
993 1766 1202 1831 detestabilis.
1224 1765 1353 1850 Negare
1374 1774 1485 1831 tamen
1506 1767 1635 1849 penitus
1655 1767 1757 1832 ullam
1774 1768 1965 1834 luissetuun

1 1852 101 1917 lerari
123 1859 267 1934 possunt,
290 1873 349 1934 pro
370 1854 477 1918 noxiis
504 1861 537 1917 et
563 1851 672 1934 impiis
698 1858 821 1915 temere
849 1847 941 1913 dam·
993 1850 1079 1935 apud
1100 1850 1266 1915 Israelitas
1286 1850 1463 1931 eoelesiam,
1486 1851 1576 1918 dintu
1598 1873 1750 1935 asperum
1770 1854 1871 1918 foret:
1900 1855 1964 1918 imo

0 1946 96 2002 ntur.
119 1936 159 2001 Id
182 1935 312 2020 quidem
334 1938 499 2003 interdum
521 1937 695 2086 nontingit:
718 1936 774 2001 sed
799 1935 876 2018 quid
899 1933 941 1999 ad
996 1937 1153 2003 renlamat
1184 1936 1247 2000 Dei
1277 1938 1453 2014 sententia,
1493 1936 1570 2002 dum
1600 1939 1729 2022 saepius
1756 1941 1963 2023 pronuntiat,

15 2030 174 2087 sentem
197 2042 336 2102 oausam,
366 2045 466 2106 quum
494 2044 590 2088 nemo
618 2044 638 2087 a
660 2020 835 2086 liniendum
862 2040 941 2086 non·
992 2023 1059 2088 illio
1083 2022 1144 2088 eibi
1173 2023 1300 2106 genitos
1326 2022 1427 2087 luisse
1454 2023 1537 2087 filios
1564 2023 1964 2107 (Fimnh.16,20):'qnia

1 2107 90 2186 ndat,
113 2107 175 2173 nisi
198 2106 284 2190 quod
305 2110 478 2174 manifesta
499 2108 674 2191 impietatis
703 2107 775 2172 labe
802 2106 947 2189 turpiter
992 2107 1115 2175 seilinet
1141 2108 1177 2172 iu
1204 2127 1265 2171 usu
1294 2116 1365 2172 erat
1386 2108 1594 2186 eireumnisio,
1628 2108 1811 2192 adoptionis
1832 2109 1964 2194 symbo-

6 2200 158 2277 rruptum
181 2192 252 2258 est?
298 2199 372 2273 [pag.
392 2201 446 2274 aa]
468 2195 574 2259 Porro
596 2194 624 2259 si
645 2193 697 2259 eui
720 2191 845 2256 asculta
865 2196 942 2256 sunt
992 2195 1071 2259 lum.
1095 2192 1171 2274 Qua
1194 2193 1319 2257 ratione
1336 2193 1447 2271 Iosias,
1475 2214 1574 2275 quum
1602 2195 1701 2259 tubae
1727 2194 1883 2280 nlangore
1908 2215 1964 2261 ro-

0 2300 52 2345 ·ae
74 2279 232 2344 haetenus
245 2279 321 2344 ieoit
331 2280 553 2359 fundamenta,
571 2299 726 2362 quorsum
736 2277 941 2362 speetaverit,
992 2286 1081 2343 naret
1114 2279 1250 2343 miseros
1288 2286 1451 2362 apostatas
1482 2277 1523 2343 ad
1561 2279 1684 2363 paseha
1721 2279 1962 2358 celebrandum,

23 2385 75 2429 am
98 2364 233 2429 taudem
244 2362 452 2442 demonstrat,
476 2385 577 2449 papae
588 2385 725 2449 regnum
737 2384 796 2445 pro
807 2361 941 2427 ecelesia
992 2370 1066 2444 [pag.
1085 2370 1138 2443 73]
1171 2384 1237 2427 ιιοιι
1263 2370 1374 2428 ιιιιιιιι
1407 2363 1513 2429 denuo
1547 2364 1733 2430 eirnumnidi
1760 2365 1867 2430 iussit
1911 2366 1962 2430 liu

0 2449 63 2515 ιιιιι
84 2448 272 2528 obtrudens,
295 2451 386 2516 euius
398 2451 534 2516 societas
551 2457 661 2516 saneto
672 2447 853 2513 inviolabili
868 2449 940 2511 iure
991 2449 1200 2528 nirnumnisio,
1222 2469 1321 2532 quam
1339 2450 1430 2515 Deus
1449 2448 1537 2532 apud
1558 2450 1727 2516 eoolesiam
1745 2448 1906 2534 deposuit,
1927 2451 1964 2514 in

5 2534 104 2600 lenda
125 2536 176 2601 sit
205 2535 302 2601 Unde
322 2537 446 2617 statuit,
468 2535 713 2619 quibusounque
734 2533 940 2617 impietatum
992 2534 1114 2600 Ieraele
1140 2542 1268 2598 manet:
1297 2555 1360 2617 quo
1384 2534 1419 2617 pi
1466 2554 1522 2599 nre
1553 2535 1697 2600 ostendit
1719 2536 1811 2602 Deus
1840 2535 1964 2619 aliquas

1 2620 124 2686 oustris
144 2626 267 2687 snateat
289 2629 436 2703 papatus,
463 2622 519 2706 qui
546 2629 657 2687 tamen
686 2621 726 2685 ab
755 2640 792 2684 eo
820 2617 940 2685 diseas·
991 2620 1145 2686 ennlesiae
1155 2618 1306 2703 reliquias
1318 2619 1405 2704 apud
1439 2640 1529 2686 enem
1539 2622 1643 2687 tribus
1661 2640 1803 2687 manere.
1837 2622 1964 2687 Verum

3 2727 93 2771 mem
113 2707 270 2784 feserunt,
293 2728 406 2772 omnes
424 2727 494 2773 esse
511 2707 741 2772 eehiematioos.
773 2703 940 2789 Aeprime
991 2705 1075 2788 quod
1102 2704 1239 2789 gratiam
1267 2726 1360 2770 suam
1387 2707 1423 2770 iu
1448 2706 1504 2770 illo
1530 2706 1649 2790 populo
1677 2704 1770 2772 Deus
1795 2707 1904 2772 noluit
1929 2709 1963 2772 iu

0 2791 99 2856 idem
131 2813 313 2876 synonyma
346 2794 422 2859 fauit
450 2792 681 2858 oonideutalem
710 2798 744 2856 et
770 2810 938 2855 romanam
991 2797 1097 2856 totum
1124 2789 1239 2867 deleri,
1268 2790 1350 2855 nihil
1379 2790 1420 2856 ad
1443 2789 1614 2856 sanerdotii
1646 2790 1842 2875 dignitatem
1873 2793 1962 2858 fauit:

11 2876 152 2942 tesiam:
185 2899 221 2944 ιο
243 2877 272 2941 si
294 2878 385 2943 nulla
406 2880 441 2943 in
465 2877 630 2944 oenidente
650 2873 837 2962 quaerenda
857 2882 943 2940 esset
992 2878 1088 2942 siouti
1109 2896 1150 2940 ex
1172 2874 1278 2941 Oseae
1298 2877 1462 2943 ratioiniis
1482 2876 1661 2943 olarissime
1682 2886 1827 2960 apparet.

0 2961 113 3042 elesia,
136 2962 200 3028 nisi
222 2984 304 3046 quae
333 2963 395 3029 sub
421 2962 543 3028 ditione
570 2982 673 3047 papae
699 2984 735 3027 se
763 2962 938 3027 eontiueat.
1077 2962 1169 3027 Haeo
1189 2983 1277 3027 nunn
1296 2961 1401 3027 obiter
1423 2960 1509 3028 dieta
1519 2963 1585 3027 sint
1606 2960 1799 3039 deeenlesia,
1823 2983 1963 3047 quntum

4 3048 101 3113 'ntum
135 3068 231 3114 suum
257 3050 436 3128 oonfirmat,
469 3050 544 3133 quia
576 3050 611 3113 in
643 3068 683 3112 ea
713 3046 855 3130 regeniti
885 3067 939 3111 sn·
990 3047 1087 3132 paulo
1115 3057 1190 3131 post
1221 3056 1375 3130 sequetur
1401 3047 1503 3112 tusior
1528 3046 1718 3130 explinatin:
1751 3047 1810 3112 sed
1838 3049 1963 3116 insidiis

1 3155 56 3213 us,
94 3135 227 3218 eiusque
264 3136 352 3201 nives
393 3142 427 3200 et
463 3135 610 3201 membra
645 3153 706 3217 per
742 3132 939 3215 baptismum
990 3153 1159 3200 oenurrere
1180 3154 1312 3199 neeesse
1332 3133 1404 3210 fuit,
1427 3154 1468 3197 ne
1489 3133 1762 3215 putarentmiuus
1784 3136 1964 3214 exereitati,

6 3254 41 3290 ι.
65 3226 118 3298 tt]
146 3221 268 3285 effenti:
294 3219 411 3286 deinde
439 3219 524 3304 quod
550 3220 586 3284 iu
613 3240 652 3285 ea
678 3219 837 3283 retinetur
863 3236 938 3302 pro-
990 3218 1089 3283 simul
1110 3239 1149 3283 ιο
1169 3219 1371 3302 propositum
1390 3218 1490 3283 luerit
1501 3218 1654 3284 eeclesiae
1675 3239 1804 3298 nomen,
1827 3241 1963 3286 eonsen-

3 3326 62 3370 ;;ο
84 3305 254 3371 christiani
277 3307 426 3384 nominis,
454 3306 689 3389 seripturarum
712 3304 876 3381 autoritas,
905 3310 940 3367 et
991 3325 1065 3370 sum
1085 3303 1248 3369 malorum
1269 3311 1340 3382 [pag.
1360 3310 1411 3382 74]
1434 3302 1619 3386 praesulum
1648 3312 1682 3369 et
1708 3302 1880 3389 degeneris
1907 3326 1965 3390 po·

0 3421 22 3447 ιι
61 3390 114 3455 ἰιι
133 3391 191 3457 illa
213 3392 394 3474 apostoliea,
418 3390 509 3475 quod
526 3390 567 3456 ed
591 3389 743 3473 ospitales
770 3389 938 3473 religionis
990 3389 1058 3473 puli
1090 3410 1149 3472 pro
1181 3389 1253 3473 lege
1281 3387 1467 3454 habendum
1500 3409 1580 3455 esse.
1624 3388 1755 3454 Interea
1781 3389 1891 3457 diluta
1917 3399 1972 3459 est

19 3476 119 3542 inuios
141 3478 273 3542 attinet:
295 3474 336 3541 ad
359 3477 438 3542 haee
459 3476 544 3560 quod
566 3482 776 3553 saeramenta,
799 3482 838 3539 ut
862 3481 940 3538 sunt
989 3477 1097 3559 prima
1116 3475 1213 3540 ratio:
1236 3473 1324 3555 Quia
1344 3495 1404 3557 per
1420 3473 1618 3558 baptismum
1629 3475 1770 3559 regeniti
1793 3496 1911 3542 sumus
1932 3478 1976 3542 iu

6 3561 129 3627 bristo
139 3562 299 3639 instituta,
322 3562 389 3629 illie
407 3568 579 3627 serventur
593 3561 757 3644 (quamvis
772 3562 808 3624 ιιι
819 3560 938 3626 eueha-
990 3570 1119 3644 papatu,
1148 3580 1207 3624 nos
1236 3580 1307 3624 esse
1332 3579 1485 3624 romanae
1513 3559 1668 3625 enelesiae
1693 3560 1786 3625 filios
1838 3561 1981 3647 Nempe

1 3648 77 3712 tiae
106 3648 322 3713 eelebratioue
354 3656 388 3712 et
418 3647 659 3731 dispensatione
689 3645 838 3710 nonnihil
864 3646 938 3710 vitii
990 3645 1103 3711 eodem
1123 3646 1194 3710 iure
1215 3665 1278 3728 quo
1300 3643 1446 3711 adstrieti
1467 3648 1600 3711 fuerunt
1616 3644 1841 3711 adnnlendam
1864 3649 1977 3714 senie-
2251 3701 2253 3704 Α

1 3729 71 3795 deri
91 3732 217 3819 possit),
240 3740 409 3817 praeterea
430 3731 515 3816 quod
533 3733 569 3796 in
586 3732 763 3796 multarum
775 3751 937 3797 eaeremo·
989 3740 1091 3796 tatem
1125 3731 1201 3795 Dan
1232 3737 1266 3794 et
1296 3730 1432 3808 Bethel,
1471 3732 1526 3814 qui
1559 3731 1594 3795 in
1626 3731 1749 3796 lsraele
1780 3732 1979 3800 nireumniei
2122 3776 2206 3850 „Q

1 3836 98 3880 ,arum
119 3826 152 3882 et
178 3820 301 3885 rituum
328 3820 553 3884 observatione
579 3816 646 3882 illie
674 3816 781 3881 adhue
808 3817 937 3899 nonspi·
989 3818 1126 3882 fuerant
1171 3814 1310 3881 sivero
1331 3837 1398 3880 ιιοιι
1430 3816 1524 3881 ιιιιοι
1551 3837 1586 3881 se
1611 3817 1794 3900 probarunt
1820 3819 1974 3904 integros
2113 3818 2243 3934 Qum-⁵

18 3924 50 3966 ιι
72 3902 197 3984 priseae
219 3903 373 3971 eoelesiae
390 3905 511 3988 imago:
534 3903 673 3986 denique
686 3900 771 3986 quod
780 3909 938 3985 perpetua
989 3904 1058 3967 veri
1081 3902 1144 3968 Dei
1165 3901 1314 3981 nultores,
1336 3902 1403 3968 nisi
1423 3902 1644 3968 eommentitio
1665 3902 1763 3967 altari
1784 3911 1819 3968 et
1843 3905 1967 3989 templo
2100 3937 2183 4005 Q
2223 3906 2236 3981 ι

5 3988 230 4072 asbyterorum
258 4010 316 4056 seu
348 3991 589 4073 episcoporum,
618 3988 769 4072 quamvis
796 3987 937 4052 multum
989 3989 1233 4054 renuntiarent:
1262 4008 1322 4053 nos
1348 3987 1528 4070 baptismus
1555 3996 1674 4065 nester,
1702 3988 1777 4052 linet
1806 3989 1905 4056 nobis
1932 3991 1965 4057 ιιι
2098 3962 2230 4104 ibrum!

17 4073 123 4156 prisea
155 4075 341 4158 integritate
375 4075 657 4159 degenerantium,
690 4075 755 4138 iam
787 4072 864 4137 iude
896 4073 939 4138 ab
989 4081 1110 4157 papatu
1133 4071 1387 4148 administratus,
1409 4072 1521 4138 vexilli
1542 4073 1657 4150 instar,
1682 4092 1723 4136 ex
1752 4072 1961 4160 dissipatione
2106 4080 2113 4090 ’

13 4158 119 4224 stolis
129 4163 202 4238 [pag.
216 4164 269 4240 7ο]
281 4162 486 4227 sueeessioue
499 4161 709 4245 gubernetur.
733 4159 780 4225 Ut
796 4156 938 4226 breviter
989 4159 1141 4243 colligere
1164 4158 1259 4224 debet
1280 4157 1323 4222 ad
1345 4158 1469 4224 Christi
1490 4157 1695 4242 obsequium:
1720 4167 1854 4225 tantum
1876 4163 1961 4228 abest

26 4244 158 4328 singula
180 4243 402 4327 respondeam,
424 4247 522 4311 nimis
544 4245 689 4329 improbe
705 4244 790 4310 ludit
798 4245 937 4328 praesti·
989 4255 1027 4310 ut
1047 4245 1167 4327 impiae
1188 4243 1414 4309 obstinationis
1437 4243 1604 4310 munulum
1627 4245 1678 4308 sit
1724 4248 1801 4324 [pag.
1821 4254 1877 4327 76]
1907 4246 1960 4315 se
2052 4292 2053 4296 ι

0 4337 71 4394 :tor
86 4330 121 4395 in
139 4329 293 4396 eoelesiae
312 4333 451 4397 nomine.
496 4330 785 4397 Christianismum
803 4350 938 4413 prorsus
989 4329 1095 4396 nunda
1124 4330 1206 4394 ratio
1232 4329 1386 4412 putidior:
1421 4329 1591 4396 Confessio
1623 4329 1767 4395 nominis
1793 4330 1962 4398 ehristiaui

16 4444 59 4473 ::·-
84 4417 284 4482 exstinetam
305 4417 489 4500 ubieunque
509 4424 659 4566 grassata
679 4422 730 4481 est
755 4436 858 4497 papae
886 4424 937 4499 ty·
988 4416 1150 4480 retinetur
1170 4416 1206 4479 iu
1233 4423 1363 4500 papatu.
1409 4418 1463 4480 An
1492 4437 1558 4479 ιιοιι
1587 4435 1715 4499 semper
1742 4415 1784 4480 ab
1813 4418 1962 4484 omnibus

1 4501 87 4585 nnis,
110 4522 207 4567 nemn
229 4522 373 4584 unquam
391 4524 491 4568 sanus
531 4504 599 4567 ixit
644 4499 741 4568 Unde
758 4501 936 4577 eonfieitur,
988 4500 1162 4565 haeretinis
1192 4510 1321 4566 retenta
1347 4500 1432 4565 luit?
1482 4499 1549 4566 Sed
1578 4521 1616 4565 eo
1645 4501 1755 4566 minus
1786 4502 1963 4571 tolerabilis

9 4608 73 4670 qua
91 4608 132 4652 ex
155 4594 248 4670 parte
268 4586 431 4652 residuam
453 4588 520 4654 illie
542 4609 612 4653 esse
637 4586 813 4653 ennlesiam.
849 4587 937 4651 'lan-
989 4595 1040 4652 est
1073 4587 1156 4651 falsa
1185 4586 1349 4664 iaetantia,
1385 4585 1470 4669 quod
1503 4584 1693 4669 pudendum
1726 4588 1872 4654 nominis
1905 4590 1963 4657 Dei
2053 4593 2054 4598 ’
2170 4600 2180 4639 i

10 4703 27 4729 ιι
59 4673 235 4756 quaeritur,
265 4673 449 4756 quatenus?
483 4673 667 4757 Responsio
695 4680 807 4738 nostra
835 4672 938 4737 solida
988 4671 1165 4737 ludibrium
1186 4673 1341 4738 οοιιιιιιιι.
1364 4672 1416 4736 De
1429 4672 1797 4756 seripturaeautoritate
1814 4684 1966 4758 prompta

9 4757 89 4824 n‘one
111 4760 240 4824 nititur:
264 4759 393 4823 tametsi
418 4758 616 4824 ordinarium
640 4756 828 4842 baptizandi
840 4758 942 4821 mint,
989 4766 1040 4823 est
1073 4759 1246 4840 responsio,
1279 4758 1373 4822 fateri
1404 4777 1523 4841 papam
1559 4777 1634 4822 oum
1667 4777 1727 4822 suo
1758 4758 1848 4824 olero
1881 4762 1967 4843 quod

4 4844 106 4994 itt
128 4845 397 4997 tititttt
424 4845 938 5014 ttlttntttltt‘tttt
988 4843 1547 5011 tttttttitttttttt
1557 4841 1756 5011 iiiiii?
1766 4847 1969 5014 §itti

6 4958 20 4984 ,ι
113 4982 121 5008 ‚
1447 4979 1455 5008 5

0 5042 54 5068 ιιι
97 5015 241 5102 Cybeles·
269 5018 439 5083 eaorifieos.
494 5014 586 5096 Quin
624 5015 826 5100 lerosolyma
858 5035 938 5081 vera
989 5015 1093 5092 ιιιιιιι,
1116 5016 1179 5080 nisi
1200 5012 1285 5097 quod
1306 5014 1387 5097 ipsis
1408 5013 1537 5079 libitum
1567 5014 1610 5077 sit
1639 5034 1795 5079 annuere.
1843 5016 1973 5087 Eodem
