4590 5858
69 259 134 323 aco
597 206 604 224 '
868 241 1255 313 rumunnense.
1311 230 1313 233 ’
1394 314 1397 318 ,
2010 252 2080 318 ero

73 444 130 511 vie
149 453 183 509 et
202 441 305 520 aaut,
318 440 414 506 esc
432 437 466 502 la
486 437 544 521 fag
561 433 773 511 scemate
794 433 852 500 des
868 453 1057 517 vpromessas
1108 429 1270 496 certitudo
1306 431 1559 514 promissionum
1588 433 1667 512 Dei,
1703 454 1786 517 quae
1813 438 2080 522 uno-evangelio

73 529 113 594 de
141 527 246 607 Dieu,
273 526 336 609 qui
355 546 405 589 ⁴ne
438 545 474 589 se
502 520 593 604 pault
616 519 714 585 avoir
732 539 819 586 sans
845 518 1054 602 L'evangile:
1108 525 1266 584 constant
1318 516 1494 602 Evangelii
1527 517 1660 584 auditus
1691 531 1725 585 et
1752 520 1972 606 intelligentia
2000 543 2076 589 oon·

70 632 135 698 par
167 613 276 697 l’onye
300 617 341 676 -et
363 607 583 691 ,intelligente
610 605 741 688 ecqud,
767 604 802 670 la
829 606 903 672 vive
929 605 984 688 loy
1006 611 1058 668 est
1109 603 1221 668 lerunt
1246 601 1346 668 fidem
1374 603 1498 679 vivam,
1531 624 1624 687 spem
1657 607 1783 683 fixam,
1809 607 1971 673 sinceram
1998 631 2077 693 erga

73 697 205 776 baillos,
231 715 312 764 avec
325 694 479 764 Ιιιιιιιιιιι
502 710 676 774 espermee
697 700 730 757 et
744 690 908 774 ,parfaiete
929 689 1057 756 ehante
1107 687 1218 754 Deum
1241 687 1458 769 dilectionem,
1476 689 1658 755 ferventem
1679 713 1758 776 erga
1781 693 1969 774 proximum
1992 697 2076 761 osri-

73 805 116 849 en
142 783 246 859 Dieu,
274 789 314 847 et
337 799 461 848 amour
490 776 626 844 ardente
655 796 774 842 envers
803 797 862 841 son
888 775 1071 861 prochain.⁴
1109 783 1219 839 tatem.
1259 771 1442 855 ,Quaenam
1473 775 1576 859 igitur
1610 797 1685 859 spes
1716 777 1785 844 ulla
1801 786 1925 845 'vestra
1951 788 2016 859 est,
2048 782 2077 846 si

75 869 129 937 ou
149 877 200 934 est
220 868 306 938 dene
322 875 438 942 *nostre
456 881 636 946 asporanee
657 862 686 926 si
709 882 791 940 stans
813 872 1002 927 contemnes
1024 868 1058 925 et
1109 859 1316 944 evangelium
1334 860 1571 941 contemnitur
1604 884 1624 927 a
1651 861 1759 943 vebis,
1796 865 1824 929 si
1852 864 2076 949 dedignamini

62 946 269 1038 pegdaigm
284 950 331 1017 Aa
352 972 445 1036 onya,
469 949 573 1026 vsoir,
596 946 672 1024 lire,
693 957 729 1012 et
744 947 874 1013 aetenir
895 968 932 1013 oe
953 947 1059 1012 sainct
1108 944 1233 1024 andire,
1265 946 1441 1028 inspicere,
1468 945 1587 1030 legere,
1615 958 1712 1030 atque
1737 948 1847 1013 animo
1879 951 2076 1018 recondere?

72 1037 259 1124 Evangile?
302 1036 413 1103 (leulx
432 1033 498 1118 qui
531 1042 589 1114 ont
615 1031 704 1099 leurs
734 1034 906 1098 *affectione
937 1032 1057 1099 fichees
1109 1032 1163 1096 lin
1190 1030 1248 1112 qui
1278 1030 1376 1097 huius
1407 1033 1538 1097 saeculi·
1559 1033 1740 1099 vanitatem
1768 1043 2007 1112 consectantur,
2039 1046 2079 1103 ut

61 1148 115 1192 -en
151 1147 188 1204 ee
225 1122 344 1189 monde
370 1119 613 1204 pomohassent
645 1139 706 1201 par
738 1127 817 1184 tous
849 1138 987 1203 moyens
1019 1136 1057 1183 ce
1108 1137 1148 1198 ea
1168 1112 1296 1185 summo
1317 1117 1426 1183 studio
1446 1124 1544 1200 atque
1565 1116 1727 1186 indefesso
1756 1129 1898 1204 captant,
1914 1141 2012 1206 qnae
2034 1123 2077 1189 ad
2190 1168 2191 1173 κ

61 1211 170 1294 qu'ila
199 1217 339 1293 pensent
359 1204 558 1290 appartenir
587 1211 608 1269 a
634 1203 708 1270 leur
731 1204 868 1282 ielioite,
902 1223 1056 1271 sauses-
1108 1222 1202 1267 suam
1227 1201 1319 1267 illam
1354 1202 1542 1269 felicitatem
1572 1205 1737 1287 pertinere
1769 1206 1972 1272 existimanti
2000 1207 2077 1287 ,Aa

63 1287 223 1381 :pargner¹
240 1314 281 1359 ne
300 1291 426 1371 labeur,
442 1312 498 1364 ιιι,
513 1310 622 1373 corps,
645 1312 687 1355 ne
710 1291 771 1370 vie,
793 1310 837 1355 ne
859 1297 1055 1355 renommee.
1107 1285 1212 1362 illud,
1234 1288 1384 1371 inquam,
1412 1298 1482 1353 tam
1509 1291 1624 1355 incana
1652 1291 1761 1357 studio
1789 1291 2011 1376 abripiuntur,
2032 1304 2080 1359 'ut

67 1382 119 1446 ,Et
143 1388 250 1446 tontes
270 1398 326 1445 ees
348 1378 463 1444 choses
490 1397 526 1441 se
548 1376 619 1441 font
640 1396 723 1458 pour
742 1377 850 1445 servir
872 1383 893 1440 a
915 1396 952 1441 ce
972 1374 1055 1440 mal-
1103 1384 1213 1456 'ncque
1234 1394 1271 1439 se
1291 1374 1477 1458 respiciant,
1506 1396 1613 1457 neque
1634 1376 1755 1443 laboris
1776 1377 1883 1455 ullius,
1903 1387 1963 1444 aut
1987 1381 2075 1463 peri·

64 1469 224 1537 iheureux
251 1485 359 1546 corps:
390 1460 511 1544 duqaol
538 1460 571 1524 la
599 1461 651 1526 vie
676 1471 728 1526 est
759 1461 791 1525 si
820 1461 932 1539 vaine,
961 1462 1057 1542 mise-
1107 1458 1181 1537 culi,
1203 1470 1264 1525 aut
1283 1459 1427 1524 nominis
1448 1461 1498 1525 sui
1521 1462 1619 1527 etiam
1636 1464 1797 1528 rationem
1814 1462 1970 1531 habeant:
1994 1464 2078 1531 adeo

67 1551 166 1617 srable
186 1560 219 1617 et
240 1550 431 1616 ineertaine.
456 1545 585 1628 Quand
607 1546 631 1610 il
651 1557 703 1612 est
721 1547 874 1630 question
895 1544 936 1612 da
953 1545 985 1611 la
1001 1545 1056 1612 vie
1106 1543 1296 1628 pudendum
1316 1545 1405 1612 istud
1425 1546 1600 1612 servitium
1622 1568 1679 1613 eos
1700 1545 1862 1627 delcetat,
1876 1557 1916 1614 ut
1943 1551 1984 1616 ad
2005 1567 2077 1617 cor·

67 1635 272 1702 immortalia
297 1643 335 1700 et
358 1631 612 1716 incorruptible,
645 1631 686 1697 de
717 1632 750 1696 la
774 1631 943 1697 beat-itudo
970 1642 1054 1697 eter-
1106 1651 1170 1720 pus
1192 1652 1293 1697 unum
1315 1632 1425 1696 omnia
1446 1633 1599 1711 referant,
1622 1634 1717 1700 onius
1738 1643 1807 1699 tam
1824 1656 1911 1701 vana
1927 1646 1978 1702 est
1993 1638 2077 1717 vita,

68 1722 220 1788 melleet
246 1718 472 1796 ineetimable,
503 1718 544 1783 de
566 1724 640 1782 tous
661 1718 709 1783 les
730 1717 877 1783 thnesors
899 1716 939 1782 de
960 1738 1055 1802 para·
1108 1724 1176 1780 tam
1198 1718 1327 1795 misera,
1350 1728 1417 1782 tam
1439 1718 1610 1784 instabilis.
1658 1720 1729 1784 Nos
1755 1740 1833 1785 vero
1860 1719 1915 1787 ubi
1948 1720 1988 1788 de'
2013 1724 2076 1788 im-

68 1808 134 1886 dis,
157 1828 199 1872 ne
221 1827 305 1872 nous
321 1806 524 1870 fflorcerons
547 1824 628 1868 nous
649 1805 742 1887 point
761 1801 802 1868 de
823 1803 872 1868 les
894 1824 1056 1888 poursuy·
1108 1802 1246 1880 mortali,
1268 1801 1467 1885 incorrupta,
1493 1811 1635 1879 aeterua,
1663 1807 1908 1888 incomparabili
1935 1807 2077 1875 beatitu-

70 1890 153 1959 aare?
191 1891 298 1957 Oeulx
317 1892 377 1973 qni
393 1912 433 1956 se
456 1887 621 1955 udonnent
643 1911 708 1954 aux
730 1910 784 1953 ars
804 1888 1057 1971 mechanicques
1108 1886 1193 1965 dine,
1212 1885 1253 1953 de
1270 1887 1433 1954 thesauris
1449 1889 1530 1957 coeli
1548 1890 1765 1974 adipiscendis
1781 1893 1893 1976 agitur
1904 1894 2075 1961 nobiscnm

68 1977 245 2062 (quelques
263 1975 394 2044 barses
409 1997 451 2053 ιιιΙ
481 1974 567 2041 ¹riles
600 1974 734 2057 qu’elles
760 1974 885 2057 soient)
915 1980 1057 2039 mettent
1108 1980 1200 2038 tenta
1215 1973 1420 2050 liberalitate,
1439 1983 1533 2040 tanta
1549 1974 1623 2053 fide,
1639 1985 1730 2041 tanto
1745 1988 1858 2043 nostro
1874 1980 2077 2062 compendio,

67 2064 100 2131 ai
124 2062 231 2148 grand
259 2062 355 2145 peine
378 2068 416 2125 et
445 2059 570 2126 xtrauail
594 2066 615 2126 a
641 2059 691 2125 les
722 2059 905 2144 apprendre
932 2067 966 2124 et
987 2079 1056 2143 aqa-
1108 2078 1176 2123 non
1197 2059 1362 2125 enitemur
1382 2081 1442 2143 per
1462 2060 1588 2126 obieeta
1609 2060 1742 2145 quaevis
1764 2061 2007 2147 impedimenta,
2036 2075 2076 2131 ut

68 2149 157 2227 nair,
189 2148 228 2214 et*
245 2148 342 2215 ceruix
370 2146 429 2230 qui
456 2146 592 2215 sordent
617 2154 707 2216 estre
725 2152 869 2228 reputes
903 2144 951 2211 les
979 2145 1058 2228 plus
1107 2145 1234 2227 potiora
1255 2144 1312 2210 illa
1334 2147 1579 2212 consectemur?
1625 2147 1691 2229 Qui
1712 2159 1889 2232 operantur
1906 2151 2078 2218 'mechani-

72 2245 231 2302 aertueux
258 2256 294 2299 se
315 2239 516 2309 tormentant
541 2231 684 2314 l'esperit
710 2232 802 2304 nuict
819 2242 856 2295 et
880 2230 953 2296 iour
975 2252 1057 2314 pour
1107 2230 1163 2306 eis,
1183 2231 1288 2295 rebus
1315 2252 1432 2314 nempe
1460 2232 1647 2312 vilioribus,
1664 2255 1794 2299 summo
1824 2235 1935 2301 labore
1968 2245 2074 2302 artem

69 2316 286 2402 comprendre
313 2317 452 2402 quelque
481 2317 578 2385 chose
606 2338 671 2383 aux
700 2318 844 2387 seieuees
872 2315 1054 2393 humainos,
1107 2314 1289 2394 addiscunt,
1319 2328 1355 2381 nt
1376 2317 1474 2399 periti
1495 2318 1651 2386 evadant:
1669 2315 1745 2402 ‚qni'
1763 2328 1850 2386 artes
1867 2321 2075 2388 ¹liberaliores

68 2428 135 2489 que
166 2427 208 2470 ne
230 2412 305 2470 sont
332 2425 396 2487 que
423 2412 503 2470 vent
523 2411 556 2468 et
580 2402 696 2481 fumeo.
742 2402 902 2473 Combien
924 2423 965 2469 au
988 2403 1055 2486 pris
1105 2409 1282 2479 scetantur,
1302 2409 1432 2468 tantum
1449 2423 1518 2468 non
1536 2425 1571 2468 se
1587 2405 1676 2487 ipsos
1692 2406 1868 2472 conficiunt
1888 2415 1926 2471 ut
1948 2408 2071 2494 aliquid

70 2512 156 2557 nous
180 2489 304 2557 devons
326 2486 408 2556 notu
430 2489 600 2573 emploper
630 2498 662 2553 et
689 2488 826 2566 elloroer
851 2509 896 2552 en
917 2487 1055 2553 l'estude
1105 2505 1142 2552 eo
1164 2487 1200 2553 in
1221 2486 1330 2553 studio
1351 2498 1572 2571 promoveant,
1595 2507 1721 2573 exque
1742 2492 1923 2575 sapientiae
1944 2515 1982 2560 ac
2003 2497 2071 2560 vir-

70 2575 113 2642 de
130 2584 225 2642 ceste
254 2575 406 2659 sapienoe
431 2572 576 2641 celeste?
610 2575 666 2657 qui
694 2573 896 2656 cultrepasse
924 2581 997 2639 tout
1023 2573 1054 2638 le
1105 2573 1185 2638 tutis
1207 2593 1329 2638 nomen
1354 2575 1538 2657 acquirant:
1565 2595 1649 2658 quae
1670 2587 1781 2642 tamen
1800 2579 1874 2661 ipsa
1890 2578 1984 2644 eliud
2006 2598 2072 2645 non

71 2660 202 2742 monde,
224 2669 258 2728 et
277 2672 438 2745 penestra
458 2660 583 2744 ¹iusque
610 2681 674 2738 aux
696 2670 861 2744 mysteres
880 2659 920 2724 ιιι
941 2658 1052 2725 Dieu?
1104 2666 1192 2737 sunt,
1223 2678 1321 2740 quam
1353 2660 1464 2726 fumus
1496 2681 1672 2744 apparens,
1708 2672 1742 2727 et
1768 2663 1928 2730 evanidus
1960 2674 2071 2749 vapor.
2138 2701 2141 2710 ·

74 2746 240 2832 Lesqaela
267 2746 291 2811 il
318 2747 377 2832 luy
404 2767 426 2811 a
450 2746 531 2831 plau
557 2746 685 2812 reveler
713 2766 774 2827 par
795 2766 832 2811 sa
852 2746 975 2812 saincte
996 2765 1053 2828 pa·
1104 2743 1172 2813 Nos
1194 2766 1271 2811 aero
1293 2753 1452 2828 quantum
1471 2747 1621 2812 interiori
1646 2748 1756 2814 studio
1776 2750 1848 2834 rapi
1873 2749 2009 2817 decebat
2029 2751 2071 2816 ad

63 2833 165 2914 rolla.
796 2853 798 2856 ⁴
1000 2899 1003 2906 ,
1103 2830 1276 2895 coelestem
1308 2830 1397 2896 illam
1432 2833 1648 2915 sapientiam,
1675 2853 1758 2916 quae
1787 2835 1941 2902 videlieet
1972 2859 2072 2922 snpra

1102 2914 1394 3000 mundum-ipsum
1414 2917 1527 2993 femur,
1550 2938 1634 3000 quae
1655 2919 1697 2983 ad
1714 2922 1808 3004 regni
1825 2919 1890 2985 Dei
1913 2924 2071 3006 mysteria

1101 3002 1267 3155 Bertingit,
1299 3024 1382 3085 quae
1404 3002 1518 3068 eadem
1539 3005 1708 3088 evangelio
1730 3006 1827 3072 nobis
1844 3007 1892 3072 ita
1914 3006 2082 3091 dignante*
2158 3020 2159 3023 ’

1135 3089 1244 3153 omino
1264 3088 1444 3153 revelatur!
1471 3151 1474 3157 ,
1538 3136 1544 3145 ,
1643 3126 1645 3128 -

157 3161 275 3258 Quelle
308 3155 406 3243 chose
438 3137 522 3241 dene
556 3193 630 3239 sera
662 3193 699 3240 ee
730 3172 786 3255 qui
814 3193 897 3238 nous
929 3194 1051 3324 gourra
1187 3173 1316 3256 Ecquid
1336 3174 1439 3257 igitur
1459 3176 1523 3240 erit
1544 3174 1630 3257 quod
1652 3195 1673 3239 a
1694 3186 1807 3241 saneto
1824 3178 1993 3263 evangelio
2011 3194 2081 3246 nos‘

71 3270 243 3348 muanger
265 3271 299 3326 et
319 3261 444 3327 alienet
465 3260 505 3326 de
527 3282 564 3326 ce
586 3261 692 3331 sainct
710 3258 894 3342 Evangilel
956 3270 1050 3324 oront
1101 3257 1255 3338 abducat,
1283 3268 1318 3324 et
1344 3257 1385 3344 ab
1412 3260 1470 3325 illo
1498 3259 1641 3325 alienet?
1691 3261 1916 3328 Contumeliae
1942 3285 2076 3349 nempe,

72 3371 109 3416 co
135 3349 276 3427 iniuaes,
304 3345 545 3426 maledictione,
569 3344 759 3429 opprobres,
786 3344 969 3428 privatione
992 3344 1049 3411 des
1100 3342 1358 3422 maledictiones,
1397 3346 1531 3430 probra,
1571 3346 1832 3426 imminutiones,
1872 3347 2069 3433 dignitatum

71 3435 239 3510 honneurs
266 3431 461 3498 mondains?
506 3430 593 3498 Mais
620 3452 704 3496 nous
725 3451 865 3514 sqavons
889 3430 963 3495 bien
986 3451 1048 3513 que
1122 3430 1320 3496 raesentium
1342 3431 1591 3498 mulctationes?
1614 3432 1719 3515 Atqui
1741 3432 1795 3499 hie
1815 3434 1886 3516 ipse
1907 3435 2071 3502 Dominus

71 3514 1048 3605 IesusChristapassepartelchemiu,lequelnousduvons
1099 3451 1121 3581 l

72 3627 212 3692 suyvre,
241 3604 428 3675 sivoulons
449 3613 535 3669 estre
556 3625 608 3669 ses
630 3598 797 3687 disciples,
826 3608 859 3666 et
883 3605 966 3667 n'est
987 3623 1046 3684 pas
1099 3601 1128 3665 si
1160 3603 1231 3668 veri
1263 3603 1367 3686 ipsius
1407 3602 1557 3689 discipuli
1572 3665 1574 3670 ,
1589 3625 1661 3670 esse
1694 3613 1730 3669 et
1760 3604 1874 3671 haberi
1902 3606 2069 3673 volumus:

72 3693 240 3765 aretusa
261 3690 381 3761 d'estre
403 3698 584 3768 contemne,
605 3696 750 3771 mosque,
771 3687 905 3766 abaisse,
927 3688 1048 3760 reiecte
1098 3696 1209 3777 nequex
1236 3698 1334 3771 porro
1361 3689 1431 3753 nlla
1466 3687 1622 3755 eiusmodi
1650 3690 1872 3757 molestiarum
1898 3692 2069 3775 impressio

71 3774 195 3843 devant
214 3777 263 3843 les
286 3776 448 3842 hommes:
471 3797 555 3859 pour
576 3783 662 3842 estre
680 3774 836 3852 honnore,
881 3773 955 3851 riae,
977 3773 1047 3856 glo·
1098 3773 1301 3855 repudianda
1332 3782 1395 3854 est,
1415 3796 1512 3857 quae
1544 3796 1670 3859 nempe
1694 3797 1769 3841 eum
1807 3777 2088 3860 incomparabilis·

70 3865 143 3930 rifle
170 3872 203 3928 et
231 3862 339 3929 exalte
371 3883 414 3929 au
439 3862 608 3945 ingemunt
640 3861 680 3925 de
707 3861 803 3929 Dieu.
858 3796 978 3924 herent
1010 3879 1047 3925 ee
1098 3859 1318 3937 beatitudinis,
1336 3859 1468 3945 gloriae,
1485 3861 1694 3926 exaltationis
1709 3861 1774 3928 fide
1791 3861 1878 3945 apud
1888 3862 2069 3930 Dominam

70 3950 326 4032 banissemens,
340 3947 589 4032 proscriptione,
617 3946 800 4029 privatione
832 3944 872 4009 de
894 3944 985 4009 biens
1014 3953 1048 4010 et
1099 3944 1330 4012 commutanda
1351 3947 1402 4011 sit.
1446 3948 1503 4011 An
1524 3948 1625 4030 igitur
1650 3947 1776 4027 exsilia,
1805 3949 2067 4032 proscriptiones,

71 4034 251 4102 richesses?
285 4034 372 4106 Mais
394 4054 476 4100 nous
496 4053 636 4116 sqavons
657 4031 733 4097 bien
753 4052 815 4115 qne
834 4029 942 4114 quand
964 4052 1047 4096 nous
1099 4032 1504 4097 amissionesteoulutum
1526 4053 1587 4098 nos
1608 4030 1840 4099 ‹limovebuntl
1863 4035 1965 4117 Atqui
1986 4035 2068 4100 illud

70 4142 185 4188 serons
208 4118 339 4206 bannys'
358 4119 457 4203 d'ung
479 4140 570 4203 pays,
591 4118 625 4181 la
642 4126 730 4183 terro
748 4125 799 4182 est
815 4114 1046 4199 enseigneur.
1100 4137 1167 4181 non
1188 4117 1299 4184 minus
1319 4124 1466 4196 constat·
1479 4119 1607 4183 etiamsi
1630 4139 1672 4183 ex
1694 4128 1783 4184 certa
1810 4120 1942 4203 regione
1969 4119 2089 4185 adeo-⁵

71 4207 116 4272 ut
137 4206 248 4290 quand
270 4210 489 4272 nous‘serous
511 4206 612 4270 iectea
634 4203 675 4268 de
691 4210 781 4273 toute
808 4202 848 4278 la·
867 4211 962 4280 terre,
985 4224 1058 4285 que
1099 4224 1162 4286 que
1189 4203 1292 4268 natali
1319 4204 1390 4287 ipso
1417 4203 1519 4279 solo,·.
1535 4204 1678 4288 migrare
1707 4202 1904 4284 videbimur,
1932 4206 2066 4274 Domini

73 4315 156 4359 nous
182 4314 224 4358 ne
253 4312 367 4358 serons
394 4312 455 4375 pas
481 4290 648 4364 toutesfois
675 4288 753 4354 hors
781 4286 821 4352 de
848 4309 1046 4372 sonuregne.
1099 4296 1314 4358 coaeterum
1336 4298 1370 4354 et
1391 4289 1519 4356 orbem:
1546 4289 1623 4366 imo,
1645 4301 1677 4355 et
1705 4300 1792 4357 terra
1820 4291 1919 4357 etiam
1945 4291 2064 4373 pulsos,
2091 4304 2095 4312 '

71 4377 144 4461 Quo
166 4375 275 4461 quand
297 4398 381 4462 nous
402 4397 515 4443 serens
538 4374 734 4459 despouilleu
753 4384 785 4440 et
803 4375 961 4458 apaovris,
984 4396 1059 4457 que.
1099 4383 1133 4439 et
1163 4374 1252 4440 omni
1285 4375 1425 4459 hospitio
1462 4372 1657 4457 prohibitos,
1697 4385 1794 4442 extra
1823 4377 1887 4441 Dei
1923 4396 2061 4459 ragnum

71 4486 154 4532 nous
176 4485 279 4530 avons
300 4484 370 4547 ung
391 4484 468 4546 pore
485 4482 575 4528 ossea
593 4461 682 4526 riche
704 4482 787 4544 pour
805 4481 888 4525 nous
906 4460 1046 4540 nourrir,
1098 4459 1203 4525 nihilo
1225 4462 1330 4545 magis
1351 4462 1488 4526 futuros.
1533 4458 1572 4526 Si
1594 4460 1747 4527 exuimur
1768 4470 1801 4527 et
1822 4461 1863 4527 ad
1886 4470 2065 4546 egestatem

70 4558 104 4618 et
130 4571 254 4633 mesme
281 4570 345 4634 que
365 4548 465 4626 Iesus¹
482 4547 694 4615 Christs'est
715 4547 945 4629 faictpaovre,
968 4546 1045 4610 affin
1097 4544 1288 4630 redigimur,
1316 4555 1408 4630 pater
1434 4546 1491 4611 ille
1513 4566 1578 4611 non
1600 4546 1699 4625 deest,
1723 4551 1774 4614 cui
1800 4545 1842 4613 ad
1862 4545 2064 4619 nosatendos

69 4658 132 4721 que
153 4635 185 4701 le
206 4635 365 4722 suyrions
384 4656 428 4701 en
448 4642 613 4717 paovrete.
657 4630 779 4700 Seront
800 4652 836 4698 ee
863 4632 1044 4710 afflictione,
1091 4631 1185 4703 nihil
1204 4631 1304 4697 deest.
1336 4631 1503 4698 ·Ohristns
1528 4652 1563 4698 se
1583 4633 1694 4718 ipsum
1715 4652 1892 4717 pauperem
1913 4631 2064 4712 reddidit,
2085 4654 2091 4683 1

70 4724 209 4808 priscus,
231 4728 384 4800 torturas,
406 4719 586 4785 tormenta?
624 4719 710 4784 Mais
721 4740 803 4801 nous
815 4718 1045 4801 congnoissons
1097 4728 1135 4781 ut
1153 4722 1186 4782 ot
1201 4717 1311 4801 ipsum
1327 4739 1387 4800 per
1410 4718 1548 4802 vestigia
1564 4715 1766 4803 paupertatis
1783 4717 2088 4801 subsequemur.-

70 4806 323 4895 parl'exemple
345 4805 385 4872 de
406 4806 500 4872 Iesus
522 4805 636 4878 Christ
661 4826 722 4888 que
752 4809 832 4870 o’est
859 4802 889 4869 le
915 4803 1045 4867 chemin
1096 4803 1275 4869 instabunt
1306 4803 1511 4883 afflictiones,
1539 4822 1709 4884 carceres,
1727 4802 1871 4887 equulei,
1903 4813 1936 4869 et
1968 4822 2064 4870 omne

69 4917 154 4982 pour
172 4893 329 4978 parvenir
358 4914 400 4958 en
434 4891 544 4977 gleire.
600 4889 684 4958 Sera
716 4912 752 4957 ce
786 4888 978 4956 finalement
1011 4889 1044 4955 la
1096 4888 1178 4954 illud
1210 4889 1416 4956 carnificinae
1450 4911 1529 4974 erga
1559 4890 1623 4957 Dei
1655 4909 1767 4956 servos
1797 4890 2062 4955 instrumentum.

70 4979 177 5047 mort?
221 4980 309 5059 Mais
328 4978 390 5062 elle
411 4998 556 5043 no.nous
578 4985 647 5044 oste
669 4998 727 5060 pas
748 4976 781 5042 ιιι
804 4977 856 5042 vie
875 4975 931 5058 qui
952 4980 1046 5040 esta
1097 4975 1200 5057 Atqui
1227 4974 1329 5057 ipsius
1351 4976 1476 5042 christi
1497 4976 1646 5060 exemplo
1674 4975 1741 5040 iter
1764 4974 1839 5040 illac
1862 4973 1902 5039 ad
1924 4974 2063 5058 gloriam

70 5065 265 5135 souhaicter.
1096 5060 1190 5125 nobis
1215 5063 1465 5128 commonstrari
1491 5071 1580 5127 certo
1603 5063 1730 5127 scimus.
1775 5059 1924 5125 Tandem
1946 5081 2063 5144 nempe

1096 5168 1162 5212 una
1183 5168 1271 5213 mors
1293 5149 1541 5231 perterrefaciat.
1586 5147 1687 5229 Atqui
1709 5165 1751 5210 ne
1772 5146 1830 5210 illa
1846 5144 1976 5229 quidem
1999 5147 2087 5211 em

1119 3536 1194 3581 esus
1210 3517 1322 3599 vpraeit
1342 3515 1457 3595 nobis,¹
1468 3520 1561 3584 euius
1578 3519 1721 3601 vestigia
1738 3538 1871 3602 carpere
1888 3540 1947 3586 nos
1966 3517 2068 3601 decet,
2196 3594 2200 3606 ‚
