4748 5798
96 1529 389 1615 DILUOIDA
415 1529 754 1613 EXPLIOATIO
781 1529 968 1614 SANAE
993 1529 1317 1614 DOCTRINAE
1345 1532 1421 1614 DE
1452 1532 1608 1615 VERA
1644 1532 2118 1620 PARTICIPATIONE

100 1650 320 1734 GARNIS
352 1649 424 1734 ET
455 1649 756 1733 SANGUINIS
790 1649 1109 1852 CIIIIREJSSP'IPIIJSIIlil
1129 1650 1552 1855 §ffigffltlfflb
1593 1652 1672 1735 AD
1710 1652 2115 1792 DISOUTIENDAS

199 1993 291 2077 Ergo
324 1992 406 2057 baec
437 1991 519 2056 mihi
553 2012 635 2075 quae
669 1991 829 2059 ‹iivirntus
860 1991 1012 2074 imposita
1040 1999 1091 2057 est
1142 1989 1335 2073 deponeres:
1356 1990 1492 2058 Utinam
1513 1992 1642 2058 utinam
1662 1992 1787 2058 moriar
1803 1993 1839 2058 in
1849 1992 1910 2060 hoc
1929 1993 2012 2059 siun
2039 1994 2114 2080 Ego

95 2078 257 2148 mndioo
277 2079 441 2161 patienter
461 2077 611 2143 ferenda:
635 2084 673 2142 nt
688 2077 835 2161 undique
851 2079 1005 2161 protervi,
1027 2077 1090 2142 im·
1140 2096 1221 2141 vero
1243 2077 1362 2143 millies
1382 2086 1494 2161 postea
1514 2079 1625 2161 optavi
1646 2077 1738 2144 nobis
1756 2080 1996 2163 contingerent
2017 2079 2117 2145 simul

93 2165 207 2250 probi
228 2174 262 2230 et
280 2164 400 2229 rabiosi
420 2163 569 2228 homines
582 2165 607 2246 ¹)
628 2164 723 2246 quasi
744 2165 831 2229 facta
851 2162 1090 2245 conspiratione
1142 2182 1296 2229 essemus.
1342 2162 1440 2229 Oerte
1462 2165 1637 2230 animosior
1657 2165 1774 2229 fuisses
1800 2163 1841 2230 ad
1869 2162 2019 2230 obeunda
2045 2186 2116 2232 cer·

96 2272 208 2317 suam
232 2251 267 2314 in
291 2270 346 2314 mo
372 2250 547 2333 praecipue
573 2249 782 2314 virulentiam
808 2257 970 2317 evomant
1014 2249 1090 2313 Nou
1141 2249 1274 2328 tamine,
1297 2256 1331 2313 et
1353 2247 1394 2313 ad
1411 2248 1627 2332 spernendam
1641 2249 1810 2328 invidiam,
1832 2250 2116 2333 falsasqueorimi-

48 2357 57 2366 ·
94 2343 257 2423 pareunt
276 2332 407 2418 quidem
430 2334 501 2400 aliis
522 2335 812 2419 praestantissimis
832 2335 924 2412 viris,
948 2334 1028 2417 quin
1056 2342 1090 2399 et
1140 2333 1289 2400 nadcnes
1314 2356 1374 2417 pro
1403 2335 1507 2401 nihilo
1533 2333 1697 2402 ducendas
1724 2336 1847 2400 fortior.
1891 2335 1966 2401 Hoc
1988 2357 2116 2420 quoque
2188 2373 2190 2375 ·

96 2424 209 2491 vivos
229 2419 451 2504 proscindant,
479 2427 513 2484 et
538 2428 742 2486 mortuorum
769 2422 903 2486 nomina
929 2420 1087 2487 lacerent:
1140 2418 1235 2484 modo
1257 2420 1400 2486 cohibita
1425 2422 1539 2487 diisset
1564 2422 1745 2486 multorum
1771 2420 1970 2505 improbitas,
1997 2421 2117 2504 quibus

97 2509 170 2575 sod
197 2506 392 2572 violentiora
417 2507 455 2570 iu
481 2527 535 2571 me
563 2508 689 2590 impetu
721 2526 790 2572 non
821 2505 887 2572 alia
918 2505 959 2571 de
990 2527 1090 2573 causa
1140 2525 1181 2570 ex
1208 2511 1268 2571 tua
1295 2506 1446 2585 mollitie,
1474 2528 1573 2590 quam
1597 2508 1771 2587 vocabant,
1804 2508 1908 2574 erevit
1934 2507 2116 2573 insultandi

97 2600 226 2672 ruunt,
248 2592 312 2658 nisi
333 2591 419 2676 quod
440 2589 553 2672 Satan,
575 2593 669 2659 cuius
691 2600 771 2658 sunt
793 2591 1003 2676 mancipia,²)
1024 2612 1088 2674 quo
1140 2589 1285 2656 audacia.
1330 2593 1379 2657 Ac
1401 2592 1557 2678 Staphyli
1578 2592 1708 2676 quidem
1730 2593 1869 2659 latratus
1891 2592 1949 2659 abs
1977 2601 2011 2659 te
2037 2600 2116 2660 sunt

100 2678 242 2746 labores
270 2699 359 2744 moos
386 2676 546 2744 ecclesiae
566 2677 693 2745 Christi
716 2677 861 2743 utiliores
889 2699 960 2744 esse
987 2677 1086 2757 videt,
1139 2677 1283 2760 gauter
1303 2678 1444 2744 refutati.
1488 2679 1541 2745 De
1562 2678 1661 2745 Gallo
1677 2679 1833 2762 privatim
1851 2678 1938 2762 apud
1962 2698 2016 2745 me
2037 2699 2115 2745 oon·

103 2786 148 2832 eo
178 2764 348 2830 ardentius
382 2764 469 2846 ipsos
501 2763 542 2829 ad
578 2785 631 2829 me
660 2762 910 2848 opprimendum
941 2763 1085 2848 instigat
1139 2771 1288 2844 questus,
1322 2764 1417 2829 cuius
1449 2765 1497 2830 rei
1535 2771 1634 2830 testes
1666 2772 1746 2830 sunt
1777 2764 1890 2830 literae
1924 2785 2025 2830 mauu
2057 2772 2115 2831 tua

105 2849 253 2917 Veteres
274 2849 445 2932 rabulas⁸)
466 2849 590 2930 omitto,
612 2849 1089 2933 quorumiamobsoletaesuut
1139 2847 1294 2931 scriptae,
1321 2850 1391 2915 eius
1417 2858 1451 2915 et
1482 2850 1637 2916 similium
1669 2849 1877 2914 insolentiam
1909 2871 2114 2934 compescere

107 2936 305 3003 calumniae.
354 2936 469 3018 Nuper
502 2936 635 3002 emersit
662 2933 843 3021 Staphylus
875 2935 983 3001 ussum
1015 2935 1088 3017 quis
1138 2933 1322 3016 neglexisti.
1357 2936 1427 3002 Nec
1448 2957 1526 3003 vero
1547 2936 1625 3020 quid
1646 2932 1912 3019 aliquandomihi
1933 2937 2112 3019 scripseris,

110 3021 228 3088 foedus
246 3027 402 3105 apostata,
423 3020 480 3103 qui
500 3020 597 3104 plura
617 3021 652 3086 in
674 3041 727 3086 me
740 3020 913 3086 maledicta
933 3022 1087 3101 evomuit,
1139 3019 1258 3086 oblitus
1280 3043 1362 3086 sum.
1405 3021 1610 3106 Verba'ipsa
1630 3020 1827 3086 adscribam:
1862 3021 1985 3103 Soio¹)
2006 3027 2112 3104 lepre

112 3126 283 3192 nunquam
317 3105 416 3177 verbo
448 3106 626 3186 bccssitus,
660 3127 758 3190 quam
789 3108 824 3172 iu
858 3106 938 3172 alios
964 3127 1087 3185 omues,
1138 3109 1195 3170 tuo
1215 3107 1371 3173 mcelknta'
1387 3108 1559 3193 prudentia
1575 3128 1614 3173 ex
1634 3108 1761 3188 seriptis
1781 3107 2112 3173 Moesoriommlac

113 3196 168 3277 qui
190 3199 225 3258 et
245 3194 317 3258 aius
337 3190 508 3276 perfidiam
530 3200 564 3257 et
580 3191 882 3271 obscoenosmores,
905 3199 1090 3275 etpravum·
1138 3211 1212 3255 ram
1242 3193 1393 3274 iudicare,
1426 3193 1533 3275 quoles
1561 3193 1625 3258 aiat
1655 3212 1760 3257 eorum
1790 3196 1938 3272 acturae,
1971 3197 2000 3258 et
2030 3192 2112 3276 qaod

112 3278 282 3364 ingenium
304 3277 529 3362 depinxerant
573 3279 659 3343 Ecce
680 3299 722 3344 ex
743 3277 847 3343 altera
873 3287 968 3361 parte
989 3277 1088 3344 Nioo·
1138 3275 1320 3342 intueantur
1351 3278 1552 3358 theodum)
1602 3278 1729 3344 Verum
1757 3276 1836 3361 quid
1868 3298 1929 3362 ego
1956 3277 1998 3343 ad
2029 3276 2111 3344 hace

113 3363 186 3430 laus
209 3363 349 3431 Gallus⁴
386 3363 525 3430 bubonis
535 3363 707 3429 stridorem
720 3364 756 3428 in
769 3363 1087 3447 mequoqueemisit
1138 3361 1362 3446 responderim
1388 3364 1554 3445 recordor,
1583 3371 1617 3428 et
1642 3366 1714 3448 ipsa
1739 3384 1803 3447 quc
1825 3384 1867 3428 ue
1892 3362 1995 3429 verba
2019 3383 2112 3429 meae

113 3449 304 3533 Tandomp
366 3451 403 3514 'it
423 3472 463 3514 ex
475 3450 540 3515 alia
562 3449 679 3516 lacuna
690 3449 878 3516 Tilemanus
891 3448 1087 3530 Heshusius,
1139 3449 1293 3533 epistolae
1321 3449 1519 3515 adscribam:
1551 3451 1715 3526 Roote⁸l
1743 3383 1873 3533 quidem
1889 3457 1922 3514 et
1932 3448 2113 3532 prudenter

114 3534 153 3602 de
181 3556 245 3619 quo
274 3535 408 3601 homine
436 3535 522 3601 malo
549 3534 686 3602 lectores
718 3556 759 3600 ex
788 3557 825 3601 re
857 3536 929 3620 ipsa
955 3543 990 3600 et
1017 3536 1087 3602 eius
1139 3534 1295 3601 marones
1317 3535 1350 3600 id
1372 3534 1434 3601 sibi
1455 3558 1560 3601 unum
1588 3544 1715 3623 nostros
1741 3535 1966 3618 antagonistas
1993 3554 2112 3619 propo·

113 3621 245 3706 scriptis
264 3622 351 3687 ferre
372 3619 538 3701 iudicium,
559 3643 657 3705 qnam
678 3621 895 3705 pronunciare
916 3621 995 3706 quid
1016 3622 1087 3708 ipse
1138 3641 1230 3700 nere,
1261 3629 1301 3686 ut
1328 3643 1363 3688 se
1391 3621 1521 3687 theatro
1551 3621 1730 3687 venditent.
1775 3618 1974 3703 Quanquam
2002 3630 2113 3686 autem

113 3707 262 3774 rendam.
778 3726 781 3733 ’
1137 3726 1198 3771 sua
1227 3707 1337 3790 opinio
1373 3707 1472 3793 longe
1504 3729 1573 3784 eos,
1606 3714 1645 3772 ut
1679 3727 1773 3790 spero
1806 3713 1853 3770 et·
1869 3705 2023 3772 credibile
2050 3713 2110 3786 est,

199 3798 274 3874 [pag.
299 3796 332 3872 4]
366 3791 396 3859 0
428 3791 582 3875 Philipps
616 3791 867 3858 Melauohthonl
918 3793 966 3857 Te
999 3792 1087 3856 anim
1136 3791 1358 3872 frustrabitur,
1380 3801 1490 3858 tamen
1500 3802 1538 3859 ut
1551 3794 1651 3858 totius
1669 3790 1785 3857 mundi
1794 3790 1946 3875 plausum
1957 3792 2111 3872 referant,

112 3879 250 4031 tttll
273 3876 1087 4047 tltttltltbttllttlitabit
1138 3874 2111 4045 {titillabitbttltttl'ttl‘mattl

114 3985 567 4134 gamur.⁵p1)ixis'tioenties,
597 4069 698 4132 quum
730 4049 836 4115 lessus
860 4047 1024 4114 laboribus
1054 4054 1088 4113 et
1138 4049 1193 4113 An
1221 4069 1314 4116 eaeor
1339 4050 1530 4134 augelorum
1548 4015 1742 4128 'eousessns,
1770 4048 1826 4130 qui
1855 4056 1890 4112 et
1915 4069 1974 4114 suo
2000 4051 2111 4115 favore

112 4135 270 4201 molestiis
291 4155 464 4218 oppressus
486 4143 586 4218 caput
595 4133 800 4200 familiariter
810 4136 845 4199 iu
856 4134 964 4200 sinum
977 4153 1086 4199 meum
1137 4155 1196 4200 nos
1214 4136 1367 4215 excitant,
1390 4149 1423 4200 et
1443 4137 1532 4200 viam
1553 4141 1685 4200 suenus
1707 4132 1824 4217 agendi
1848 4142 2112 4218 praemonstrant

1137 4240 1197 4285 suc
1219 4222 1378 4304 exemplo,
1399 4220 1582 4304 pigrescere
1604 4218 1967 4304 velcunetautorpodes
1978 4239 2110 4285 morere

180 4339 211 4406 1)
230 4340 321 4395 bem,
338 4339 471 4395 sudeus„
489 4346 518 4395 et
536 4339 659 4396 melles.
1137 4305 1245 4372 sinet?
1259 4305 1347 4388 Quid
1359 4313 1448 4372 totus
1461 4305 1936 4388 sanctorumpatrumchoros?
1949 4305 2108 4371 annullos

178 4409 208 4476 2)
227 4408 268 4464 les
285 4407 428 4463 estaffiera
1137 4391 1236 4457 addet
1251 4391 1422 4458 stimulos?
1457 4390 1546 4473 Quid
1557 4397 1631 4472 [pag.
1645 4395 1677 4471 a]
1690 4411 1787 4474 porro
1803 4392 1866 4457 Dei
1878 4390 2013 4457 ecelesia
2025 4410 2108 4473 quae

178 4477 209 4543 3)
229 4493 276 4533 00³
292 4477 373 4532 rieux
390 4476 510 4531 munda
1136 4478 1172 4542 in
1188 4477 1313 4544 mundo
1330 4477 1502 4545 versatur?
1526 4475 1638 4558 Quum
1648 4497 1720 4542 eam
1735 4477 1884 4556 sciamus,
1903 4487 1936 4542 et
1946 4477 2032 4541 votis
2048 4495 2107 4540 no-

114 4543 1086 4696 Moageididddl·redtolt?ee,NtbctaGddddidbldzldeoeqoddaitddorbldzabdwwzx
1136 4561 1264 4630 bimum
1284 4585 1441 4648 Fugam»
1463 4570 1497 4628 οἵ
1516 4561 1665 4646 θῐθΠΨῙΟ
1676 4563 1947 4641 ¹1⁰⁸t108nim²rb
1969 4559 2108 4626 flnnihll

112 4687 258 4750 maiore,
273 4688 336 4752 post
356 4682 452 4763 &daea
471 4682 680 4765 Smokoldieup
700 4682 857 4766 kaooe
872 4690 967 4752 portae
988 4689 1085 4765 eoam

113 4752 361 4819 Meloncbtboaem,
390 4750 572 4821 Onoadram,
604 4751 740 4806 Maiorem
765 4756 791 4806 et
821 4767 911 4820 aptum
941 4751 1085 4807 Uolcanum

112 4822 245 4877 maluo
266 4822 399 4892 wisera
417 4820 448 4886 (†
465 4818 547 4882 1510)
571 4835 595 4874 o.
620 4821 730 4901 oasim
752 4819 899 4944 disruppi}i
907 4820 1018 4890 Eacpct
1035 4821 1084 4875 IV.
1205 4817 1235 4885 1)
1322 4858 1328 4873 .
1359 4816 1470 4874 Galam
1492 4819 1647 4942 ἰωῶαεεαο.
1675 4817 1743 4875 Ges.
1757 4834 1787 4887 p.
1806 4815 1864 4872 162.
1897 4815 1985 4871 Laos.
2000 4832 2030 4885 p.
2048 4814 2107 4871 341,

112 4886 872 5039 gasmbsseammgoofflffi'ssuemm
889 4888 1086 5040 tbeblwldyeduo:
1138 4885 1282 5023 Hmif'et
1299 4887 1564 5037 tqdiedlbtsob'udaut
1581 4954 1647 5011 c'est
1664 4954 1742 5026 qu’ils
1759 4969 1788 5009 se
1806 4952 1938 5008 mussent

112 5033 277 5094 mosam,
299 5042 347 5096 pas
361 5033 461 5109 ..turrea
479 5040 505 5081 a.
524 5023 592 5079 1653
609 5026 653 5107 od·
663 5031 757 5082 como
771 5028 915 5096 poaufido
933 5027 1045 5083 banaa
1061 5031 1088 5084 er
1109 5014 1114 5148 1
1204 5023 1236 5092 3)
1256 5023 1821 5095 Epa-ammaoaeoea.p.162.11oaep.
1841 5019 1900 5076 362.
1918 5020 1995 5076 Han.
2009 5018 2109 5091 pass.

114 5095 181 5151 lust
200 5094 376 5166 lapolaodtn
394 5096 460 5151 obet
476 5099 666 5150 coronatore
682 5100 801 5151 caram
1091 5155 1094 5161 ,
1138 5091 1224 5147 Aean.
1238 5108 1269 5162 p.
1284 5091 1342 5147 100.
