4776 5844
1397 73 1399 77 .
1414 61 1421 75 ἰ
1442 64 1458 89 ᾗ
1472 72 1538 93 emm*

47 111 88 170 rs
810 102 1029 172 SEOUNDA
1049 102 1285 171 Duruuslo
1526 98 1885 186 *mm

2 313 7 374 ,ζ
45 289 441 360 manducationemafide
458 290 537 374 quia
553 291 597 355 sit
618 288 693 356 fidei
716 292 859 358 effectus.
884 297 1022 371 [pmte]
1074 290 1144 356 Cur
1161 292 1248 357 enim
1270 309 1399 355 mecum
1420 288 1786 372 rixeturWestphelus,
1808 310 1875 355 uno
1897 290 1961 356 hoc
1978 311 2054 356 ver·
2315 300 2333 306 ·’

46 378 121 443 Νοιι
145 400 165 442 a
185 377 294 442 triduo
322 377 370 441 ita
396 376 485 458 loqui
509 377 631 458 incepi,
662 398 721 442 nos
744 376 905 443 credendo
927 398 1022 441 mau-
1074 376 1150 441 bulo
1171 384 1333 443 retectum
1351 393 1389 439 ac
1411 375 1610 456 patefactum
1627 384 1692 440 est:
1716 375 1793 457 quia
1814 395 1874 457 pro
1896 376 2054 443 fratribus

45 463 164 529 dueare
187 463 368 539 Christum,
390 463 468 543 quia
489 483 567 527 vere
590 464 765 545 participes
794 464 864 528 eius
886 463 965 528 facti
987 465 1022 528 in
1073 482 1142 526 uon
1164 463 1322 546 agnoscit,
1346 461 1411 526 nisi
1428 458 1548 546 quiad
1570 460 1752 526 vorandum
1770 458 1944 526 Christum
1965 482 2003 527 os
2021 469 2055 528 et

44 547 489 632 eiuseorpuscoalescimus,
513 546 659 613 utnobis
679 550 864 614 communis
885 550 1022 613 situum
1073 555 1222 612 ventrem
1238 547 1403 612 ‘afferunt
1459 546 1535 610 Non
1557 567 1642 630 nego
1664 541 1818 628 equidem
1839 546 1920 629 quin
1937 568 1973 612 se
1995 545 2054 612 de-

43 655 82 698 eo
104 636 182 711 vita.
227 634 300 698 Iam
322 634 403 697 anni
425 632 610 715 complures
632 634 816 711 fluxerunt,
840 656 881 698 ex
903 633 1022 717 quibus
1074 632 1227 697 fraudent
1248 654 1312 698 usu
1335 651 1456 697 coenae
1482 631 1539 713 qui
1566 652 1608 695 ex
1635 632 1867 697 communione
1896 633 2055 698 auferunt

43 740 111 783 non
133 717 244 784 destiti
264 719 326 783 hoo
347 717 485 783 subinde
507 726 663 801 repetere.
708 717 820 799 Quam
841 728 938 802 turpe
960 720 1022 802 igi-
1073 718 1292 783 substantiam
1319 717 1429 782 earnis
1455 725 1491 781 et
1518 716 1689 800 sanguinis
1716 717 1849 782 vivifici.
1905 718 2054 783 Tantum

43 812 99 870 tur
126 804 324 887 Westphalo
352 804 429 881 fuit,
462 825 561 886 quum
591 803 712 868 diserte
740 804 841 868 verba
867 825 941 869 mea
969 825 1021 869 so·
1073 805 1208 886 excipio,
1231 822 1405 886 perperam
1435 803 1471 865 in
1498 823 1558 867 nos
1580 803 1696 867 coniiei
1719 802 1805 884 quod
1827 801 1889 868 sibi
1911 825 1953 868 ex
1976 824 2053 888 pro-

43 900 140 967 nent,
174 887 381 955 manducare
404 887 493 953 uliud
528 910 599 953 esse
632 910 728 970 quam
757 889 904 955 eredere:
936 889 1022 973 quod
1073 888 1144 972 prio
1172 887 1304 954 cerebro
1333 888 1592 953 comminiscitur
1617 887 1850 970 Westphulus:
1885 889 1962 971 quia
1989 889 2054 955 etsi

42 997 103 1060 ego
124 977 253 1040 fortiter
273 995 369 1057 nego,
390 975 483 1057 qnasi
506 995 526 1038 a
547 995 601 1038 me
620 976 799 1056 profectum
812 974 1023 1059 impudenter
1073 996 1137 1038 non
1160 973 1401 1039 detrahimuse
1423 973 1511 1036 coelo
1529 973 1674 1055 corporis
1686 972 1813 1039 Christi
1823 974 2052 1052 substantiam,

43 1060 217 1126 obtrudere
250 1059 452 1125 lectoribus?
503 1060 586 1123 Turn
615 1059 731 1142 cupido
760 1060 883 1125 scilieet
905 1059 947 1124 ad
967 1081 1021 1124 me
1073 1070 1111 1122 ut
1125 1080 1192 1123 *nos
1216 1060 1369 1135 vivificet,
1390 1057 1531 1122 multum
1554 1069 1664 1123 tamen
1685 1059 1786 1136 abest,
1807 1060 1887 1141 quin
1909 1080 2053 1125 eamer-
2111 1076 2113 1080 ’
2164 1082 2173 1087 ·

41 1145 293 1211 deformandum
312 1145 449 1228 prosilit,
473 1154 511 1208 ut
527 1145 679 1210 falsarius
698 1146 790 1209 malit
809 1144 1020 1229 deprehendi,
1071 1144 1242 1209 cludamus
1265 1164 1285 1206 a
1306 1164 1424 1222 coena,
1438 1144 1494 1226 qui
1515 1144 1620 1208 vitam
1638 1165 1679 1208 ex
1701 1165 1740 1209 ea
1761 1145 1797 1209 in
1818 1164 1879 1209 uos
1901 1144 2052 1211 defluere

41 1253 139 1315 quam
163 1231 245 1295 nihil
269 1230 459 1295 conflandae
481 1227 626 1294 invidiae
648 1250 747 1295 causa
768 1231 896 1295 afferre.
937 1232 1019 1295 Tam
1072 1238 1240 1295 testamur.

41 1316 193 1401 putidum
224 1314 342 1380 ‹leinde
369 1316 565 1398 figmentum
593 1315 656 1379 alio
684 1317 915 1399 integumento
944 1317 1019 1381 obs·
1156 1315 1305 1380 Tertium
1328 1322 1428 1396 eaput
1444 1321 1504 1391 est,
1528 1335 1640 1378 veram
1661 1314 1883 1397 praesentiam
1904 1317 2052 1398 corporis

41 1412 144 1480 curat,
169 1400 296 1466 Christi
315 1421 433 1482 corpus
453 1400 636 1483 secundum
654 1422 706 1465 me
724 1423 791 1465 non
810 1401 905 1466 aliter
923 1400 1019 1466 hodie
1072 1403 1146 1478 [pag.
1170 1404 1224 1478 69]
1247 1410 1281 1464 et
1302 1399 1472 1480 sanguinis
1495 1420 1515 1463 a
1531 1421 1585 1463 me
1606 1401 1731 1483 negari,
1754 1398 1832 1464 dnm
1844 1399 1974 1466 Christi
1993 1400 2052 1466 ab·

40 1508 61 1551 a
83 1486 177 1552 nobis
199 1485 334 1564 comedi,
364 1507 462 1569 quam
485 1485 563 1549 olim
586 1505 606 1549 a
627 1486 785 1569 patribus,
806 1488 883 1568 quia
904 1506 1019 1551 omnes
1070 1485 1225 1550 sentiam·
1240 1484 1419 1550 secundum
1442 1504 1561 1567 corpus
1582 1482 1712 1550 induco.
1754 1483 1894 1550 Dabunt
1915 1487 2052 1552 veniam

42 1572 176 1638 Christo
204 1571 464 1648 eommunicant,
497 1591 600 1653 eoque
627 1572 793 1636 fruuntur.
838 1573 930 1655 Ergo
952 1573 1018 1636 iarn
1070 1571 1217 1648 lectores,
1240 1570 1268 1635 si
1291 1569 1332 1634 ad
1354 1569 1564 1634 refutandum
1587 1570 1730 1635 hominis
1751 1570 1915 1654 garritum
1933 1571 2052 1637 eadem

41 1655 725 1734 aliudmihiestedcrecarnemChristi,
749 1655 1017 1739 quamcredere:
1071 1656 1200 1739 saepius
1222 1657 1341 1720 iterare
1363 1670 1470 1738 cogau
1521 1653 1695 1734 Quomodo
1723 1676 1790 1719 non
1819 1655 1980 1738 impediet
2001 1657 2051 1721 lo·

40 1744 105 1807 nisi
125 1744 210 1807 forte
232 1744 419 1806 fruitionem
439 1753 472 1806 ct
492 1742 820 1807 communicationem
837 1762 897 1825 pro
915 1741 1018 1807 nihilo
1070 1762 1184 1807 eorum
1210 1739 1379 1818 distantia,
1408 1761 1471 1822 quo
1500 1741 1610 1804 minus
1638 1740 1724 1807 adsit
1745 1739 1899 1807 Christus
1921 1744 1992 1807 suis
2012 1744 2051 1807 in

40 1827 223 1893 ducendam
241 1828 414 1891 existimet.
460 1824 529 1890 Sed
552 1824 709 1891 invidiam
732 1827 816 1891 mihi
838 1829 944 1892 facero
962 1849 1018 1891 cu·
1070 1847 1180 1904 coena,
1204 1833 1282 1891 ante
1304 1824 1452 1891 disserui.
1502 1825 1709 1908 Prineipium
1736 1825 1819 1890 illud
1846 1846 1978 1910 semper
2000 1836 2051 1894 te·

61 1914 143 1992 iens,
166 1912 273 1977 denuo
290 1913 446 1976 intuitum
466 1909 579 1975 eadem
598 1912 784 1978 sinceritate
802 1915 838 1977 in
854 1913 1018 1978 fruitionis
1069 1933 1141 1990 neo,
1164 1910 1346 1975 utChristo
1365 1912 1537 1993 potiamur,
1560 1913 1595 1974 in
1614 1911 1703 1976 coelo
1725 1912 1949 1993 quaerendum
1967 1934 2050 1993 esse,

38 1935 146 2065 lbcum
169 1999 338 2080 supponit:
369 2015 407 2061 ae
436 1998 463 2060 si
493 1994 644 2062 docerem
671 2019 739 2062 non
761 1998 857 2062 aliter
878 1998 1017 2062 maudu-
1069 2019 1136 2062 non
1164 1997 1271 2061 solum
1301 2017 1342 2060 ne
1368 1995 1446 2078 quid
1480 1995 1521 2060 de
1548 2016 1586 2062 eo
1618 2005 1788 2061 terrenum
1816 1997 2049 2081 imaginemur,

37 2086 106 2150 cari
130 2084 312 2158 Christum,
336 2102 434 2164 quam
454 2082 535 2146 dum
552 2081 633 2147 fides
650 2102 710 2166 pro
732 2083 827 2148 nobis
849 2093 1016 2148 mortuum
1069 2082 1125 2146 sed
1149 2083 1226 2165 qnia
1247 2102 1366 2164 corpus
1387 2083 1422 2145 in
1443 2102 1506 2164 quo
1527 2081 1716 2163 redemptor
1738 2082 1891 2165 apparuit
1912 2081 2050 2161 mundo,

37 2169 195 2234 intuetur.
232 2166 321 2248 Quid
345 2188 405 2250 ego
427 2167 627 2232 eelumniem
650 2168 735 2233 hanc
756 2168 906 2234 refellere
929 2190 1016 2234 nunc
1068 2176 1102 2232 et
1123 2166 1210 2250 quod
1232 2167 1331 2231 semel
1350 2166 1385 2231 in
1404 2167 1600 2232 sacrificium
1611 2167 1741 2246 obtulit,
1763 2188 1852 2232 nune
1869 2169 1959 2234 coelo
1971 2190 2050 2234 con·

38 2275 147 2332 coner,
171 2274 272 2335 aqua
294 2274 346 2316 me
369 2258 444 2331 [pag.
458 2257 512 2331 67]
536 2261 668 2316 eentum
690 2254 851 2319 librorum
867 2275 1015 2319 meorum
1070 2254 1166 2318 tincri
1189 2259 1326 2336 oportet,
1350 2261 1388 2315 ut
1410 2253 1532 2324 Petrus
1555 2260 1701 2318 testatur.
1759 2250 1904 2338 Spiritus
1934 2260 2050 2319 autem

38 2340 227 2404 testimonia
248 2336 439 2402 vindicant?
492 2336 559 2403 Sed
582 2339 737 2421 quoniam
759 2339 873 2403 eadem
894 2339 1016 2423 pagina
1067 2339 1121 2404 sui
1142 2344 1265 2403 virtute
1285 2337 1535 2419 divinaquesua
1551 2338 1694 2403 essentia
1712 2357 1781 2402 non
1802 2338 1899 2403 modo
1918 2339 2050 2405 eoelum

37 2445 91 2490 me
114 2424 194 2490 satis
216 2443 378 2506 superque
401 2422 541 2488 absolvit
550 2423 776 2506 Westphalus‚
794 2446 862 2489 non
883 2425 1016 2489 aliunde
1068 2432 1102 2489 et
1123 2431 1246 2487 terram
1267 2422 1405 2505 implere
1426 2422 1544 2500 fateor,
1575 2422 1633 2488 sed
1654 2424 1754 2488 etiam
1771 2422 1969 2490 mirabiliter
1988 2444 2050 2489 nos

36 2507 180 2592 petenda
200 2509 282 2573 mihi
304 2510 368 2573 erit
387 2506 540 2573 defensio.
589 2509 702 2574 Verba
729 2511 818 2574 enim
838 2531 912 2575 mea
933 2510 1016 2575 reci·
1068 2509 1130 2574 sibi
1162 2517 1391 2591 coagmentare
1420 2508 1456 2571 in
1489 2529 1594 2572 unum
1627 2529 1761 2591 corpus,
1799 2516 1839 2574 ut
1870 2530 1947 2575 earo
1979 2509 2049 2584 illa,

38 2603 103 2673 tat,
133 2594 338 2679 spiritualem
366 2595 670 2659 communicationis
698 2595 834 2659 modum
862 2617 949 2675 esse,
979 2601 1016 2660 ut
1090 2594 1219 2660 uamvis
1240 2594 1274 2658 in
1298 2593 1387 2659 coelo
1404 2601 1544 2670 maneat,
1567 2592 1661 2659 nobis
1683 2593 1877 2659 alimentum
1900 2596 1953 2660 sit
1994 2593 2049 2660 Ita

37 2702 74 2746 re
95 2679 308 2764 ipsaChristo
325 2680 486 2745 fruamur:
509 2700 629 2762 panem
652 2701 723 2745 esse
735 2682 879 2763 corporis
890 2680 1016 2746 Christi
1068 2616 1240 2745 Christum
1261 2698 1396 2762 corpore
1425 2677 1594 2744 absentem
1622 2677 1720 2745 doceo
1742 2680 1958 2746 nihilominus
1980 2701 2049 2745 non

38 2766 242 2849 symbolum,
271 2773 310 2829 ιιι
330 2785 410 2829 vere
431 2766 607 2848 participes
628 2768 712 2830 fiant
733 2764 873 2844 Christi,
904 2768 1017 2849 quiet
1068 2771 1197 2830 tantum
1220 2764 1334 2830 divina
1355 2785 1415 2829 sua
1435 2764 1569 2841 virtute,
1598 2785 1680 2846 quae
1702 2766 1823 2848 ubique
1844 2765 1965 2831 diffusa
1986 2773 2048 2844 est,

38 2873 96 2917 ore
118 2852 251 2934 signum
272 2860 305 2915 ct
321 2849 386 2914 fide
408 2851 658 2932 promissionem
679 2851 851 2935 recipiunt.
887 2854 942 2916 An
963 2852 1015 2917 his
1067 2852 1162 2916 nobis
1184 2848 1315 2927 adesse,
1345 2849 1403 2914 sed
1426 2850 1525 2914 etiam
1547 2851 1654 2916 faeere
1677 2857 1714 2915 ut
1736 2852 1829 2916 nobis
1852 2851 1987 2917 vivifica
2005 2852 2050 2916 sit

38 2937 147 3003 verbis
169 2935 277 3002 doceri
304 2936 422 3020 probat
450 2936 638 3000 fruitionem
660 2936 787 3002 Christi
808 2937 894 3001 nihil
924 2933 1015 3001 aliud
1067 2958 1130 3000 sua
1151 2956 1236 3002 caro.
1279 2935 1490 3018 Numquam
1507 2956 1629 3000 areana
1648 2936 1783 3018 spiritus
1803 2937 1855 3002 sni
1876 2938 1986 3020 gratia
2006 2936 2050 3002 ad

37 3044 119 3102 esse,
142 3042 241 3105 quam
258 3022 335 3087 fidei
357 3021 537 3085 intuitum?
582 3021 656 3086 Iam
677 3043 756 3106 crgo
779 3021 840 3088 hac
861 3023 898 3086 in
920 3031 1015 3104 parte
1067 3043 1128 3087 uos
1150 3029 1310 3105 penetret,
1332 3040 1400 3085 non
1418 3041 1552 3087 necesse
1574 3028 1632 3099 est
1660 3033 1698 3085 ut
1718 3022 1796 3087 alibi
1818 3020 1973 3102 diximus,
1997 3023 2047 3104 ip·

37 3108 241 3193 perspiciunt
261 3107 409 3184 lectores,
438 3107 557 3188 quibus
579 3107 740 3172 coloribus
762 3129 870 3173 meam
893 3106 1013 3173 doctri-
1067 3129 1140 3172 sum
1162 3128 1296 3190 corpore
1318 3105 1523 3172 descendere.
1560 3106 1732 3172 Reclamat
1754 3106 2048 3190 hicWeetphnlus,

36 3215 115 3259 nam
132 3193 298 3259 obscuret:
326 3192 380 3258 vel
408 3192 518 3274 potius
546 3191 711 3275 detegitur
737 3193 807 3258 eius
829 3194 1013 3276 impuritas,
1067 3214 1121 3257 me
1139 3192 1275 3275 spiritus
1284 3192 1506 3274 praesentiam
1518 3212 1683 3275 opponere
1700 3193 1810 3267 caruis
1821 3195 2047 3275 praesentiae:

36 3301 121 3363 qnae
140 3278 376 3344 lucidissimam
394 3278 566 3342 veritatem
585 3279 684 3343 nimis
704 3278 798 3344 foede
809 3287 1013 3362 conspurcat.
1066 3277 1124 3343 sed
1143 3285 1304 3360 quatenus
1326 3277 1360 3342 id
1382 3278 1499 3343 faciam
1518 3282 1592 3356 [pag.
1606 3283 1659 3357 70]
1679 3299 1722 3343 ex
1738 3278 1854 3343 eodem
1871 3277 1942 3344 loeo
1959 3279 2048 3344 clare

35 3365 196 3430 Eiusdem
217 3365 342 3429 farinae
364 3371 415 3427 est
435 3362 520 3443 quod
538 3384 617 3428 mox
634 3365 762 3444 attexit,
781 3364 877 3429 edere
888 3363 1015 3430 Christi
1066 3372 1178 3446 patere
1200 3362 1431 3428 malevolentia
1446 3369 1638 3427 excaecatus
1657 3384 1722 3429 non
1744 3364 1885 3447 inspicit
1930 3365 2049 3448 Neque

35 3471 154 3533 corpus
176 3449 373 3515 tantundem
402 3447 527 3523 valere,
557 3448 586 3511 si
608 3450 716 3515 verbis
739 3451 820 3514 meis
843 3449 933 3516 loeus
956 3449 1013 3514 da·
1066 3451 1155 3514 enim
1176 3448 1367 3531 simpliciter
1388 3448 1507 3529 spiritu
1535 3467 1596 3512 suo
1618 3448 1790 3515 Christum
1812 3451 1848 3514 in
1869 3448 1965 3515 nobis
1986 3449 2048 3516 ha-

36 3543 101 3610 tur,
119 3556 216 3618 qnam
235 3535 486 3617 promissionem
504 3532 568 3598 fide
585 3535 739 3616 recipere.
767 3532 835 3599 Sed
853 3536 1015 3618 quomodo
1066 3534 1171 3599 bitere
1193 3532 1287 3599 trado
1305 3533 1492 3599 seditanos
1513 3532 1555 3597 ud
1577 3554 1613 3599 so
1634 3536 1793 3611 attollere,
1816 3542 1854 3599 ιιι
1875 3535 2049 3601 vivificum

35 3633 106 3686 tam
133 3620 296 3704 flagitiose
324 3640 359 3685 se
386 3619 584 3703 prostituere
606 3619 727 3684 audet?
778 3621 951 3699 Distincte,
975 3642 1014 3686 eo
1066 3620 1175 3685 carnis
1197 3640 1276 3683 suae
1298 3620 1447 3702 vigorem
1473 3619 1509 3683 in
1537 3640 1597 3684 nos
1625 3620 1842 3686 trausfirndat
1892 3622 1951 3685 An
1978 3643 2050 3686 non

36 3726 164 3787 quoque
192 3712 290 3782 teste,
320 3705 448 3769 affirmo
475 3724 553 3768 vere
581 3705 655 3770 fieri
677 3704 803 3770 Christi
830 3707 1013 3789 participes,
1066 3704 1121 3770 hie
1143 3705 1302 3770 asseritur
1324 3704 1529 3787 praesentiae
1547 3705 1682 3786 species,
1703 3715 1742 3771 ut
1763 3707 1864 3772 vitum
1889 3706 2051 3783 hauriant

36 3791 158 3855 utsius
181 3798 477 3873 carnepascantur,
501 3791 555 3872 qui
574 3788 638 3855 fide
660 3792 910 3872 promissionem
931 3793 1014 3856 reci·
1066 3792 1196 3855 animae
1217 3798 1348 3854 nostrae
1376 3810 1516 3855 acerne
1538 3788 1681 3867 Christi,
1709 3792 1858 3874 quamvis
1878 3791 1938 3856 illa
1958 3791 2050 3860 loco·

36 3877 142 3958 piunt
196 3875 288 3959 Ergo
314 3873 405 3939 aliud
430 3883 482 3941 est
508 3873 716 3941 manducatio
743 3877 851 3941 carnis
877 3876 1013 3956 Christi,
1066 3897 1141 3940 rum
1165 3876 1280 3958 spatiis
1302 3875 1414 3957 procul
1437 3897 1457 3939 a
1478 3875 1573 3941 nobis
1593 3874 1708 3942 dissita
1729 3876 1794 3947 sit?
1845 3877 2051 3959 Wostphalo

37 3980 135 4044 quam
167 3960 393 4043 promissionis
425 3963 580 4044 receptio:
619 3961 646 4026 si
688 3960 820 4043 quidem
859 3960 1013 4041 admittit,
1066 3960 1282 4027 intolerabilis
1303 3971 1355 4025 est
1374 3960 1536 4042 loquutio,
1564 3959 1736 4028 Christum
1757 3964 1791 4027 in
1824 3963 1913 4027 coelo
1936 3973 2050 4029 totum

37 4066 170 4111 oausam
193 4044 234 4109 ab
256 4045 373 4110 effectu
392 4066 450 4112 suo
468 4046 609 4111 differre.
654 4045 738 4126 Quis
757 4047 845 4111 enim
868 4068 910 4112 ex
931 4050 1014 4113 meis
1066 4056 1255 4112 manentem
1275 4067 1336 4111 sua
1357 4044 1399 4110 ad
1421 4067 1480 4111 nos
1503 4046 1626 4112 virtute
1648 4044 1853 4125 deseendere,
1873 4048 1953 4131 quia
1975 4070 2049 4116 cre-

37 4131 147 4198 vsrbis
165 4151 231 4195 non
249 4129 389 4214 colliget,
411 4132 497 4213 quod
515 4132 685 4214 spirituale
705 4131 799 4197 nobis
820 4133 1014 4198 alimentum
1067 4132 1124 4197 dat
1153 4132 1302 4210 ecclesia,
1332 4130 1519 4214 ubicunque
1545 4152 1647 4198 coena
1673 4134 1858 4216 peragitur,
1887 4153 2052 4215 praesens

37 4224 88 4284 est
108 4238 184 4283 caro
207 4221 282 4297 [pag.
301 4221 355 4294 68]
379 4214 506 4283 Christi
533 4218 823 4301 incomparabilem
844 4215 921 4283 fidei
943 4240 1014 4285 esse
1066 4237 1138 4283 esse
1160 4217 1231 4282 eius
1258 4237 1393 4299 corpus:
1427 4217 1524 4283 modo
1549 4220 1755 4301 praesentiae
1782 4217 1916 4282 modum
1945 4240 2051 4302 quem

37 4300 203 4370 frueunn?
254 4301 306 4365 Ne
337 4302 410 4383 quis
442 4303 587 4368 efficacia
618 4304 870 4385 promissionem
902 4325 1014 4369 carere
1066 4303 1201 4386 exposui
1224 4302 1452 4385 ampleetatur,
1476 4324 1543 4367 non
1564 4301 1731 4369 dissentio.
1777 4301 1816 4369 Si
1838 4324 1917 4369 vero
1928 4302 2052 4371 Chris·

36 4396 147 4473 putet,
175 4408 241 4470 qua
259 4385 353 4451 nobis
380 4387 518 4452 offertur
538 4386 663 4454 Christi
685 4409 812 4471 eorpus,
839 4410 959 4455 vacuos
981 4400 1015 4455 et
1067 4395 1149 4466 tum,
1172 4394 1211 4453 nt
1230 4386 1342 4452 Numa
1365 4388 1548 4470 Pompilius
1570 4410 1666 4454 suum
1684 4390 1809 4467 Iovem,
1831 4410 1849 4453 s
1871 4388 1962 4455 coelo
1987 4392 2055 4457 eli·

37 4477 154 4540 inanes
176 4494 196 4537 a
217 4494 320 4538 coena
341 4471 507 4539 discedere
527 4495 621 4557 nego,
644 4475 830 4557 quicunque
852 4474 917 4539 fide
939 4495 1014 4558 pro-
1066 4493 1139 4538 cere
1160 4472 1250 4551 velit,
1268 4474 1338 4556 ipse
1359 4473 1422 4538 sibi
1443 4481 1494 4539 est
1516 4474 1671 4564 colaia
1706 4474 1793 4540 Nam
1810 4473 1898 4557 quod
1919 4476 2062 4544 fatetur
2159 4460 2231 4508 ‘¹
2259 4532 2264 4547 t

37 4560 229 4625 missionem
244 4558 419 4640 recipiunt,
441 4559 518 4640 quia
539 4558 640 4623 simul
660 4560 770 4626 oblato
786 4559 919 4624 Christo
935 4581 1014 4626 vere
1064 4580 1132 4624 non
1154 4559 1281 4623 versari
1297 4579 1385 4624 nunc
1396 4557 1567 4624 Christum
1589 4559 1626 4623 in
1647 4568 1744 4639 terra,
1767 4561 1853 4626 sicut
1875 4580 1956 4626 suae
1980 4561 2059 4630 dis-
2165 4559 2222 4580 ‘'
2267 4583 2269 4587 ’

36 4647 201 4710 fruuntur.
247 4642 420 4723 Quaenam
437 4644 580 4709 inversio
596 4646 702 4722 faciet,
725 4654 763 4710 ut
783 4645 921 4710 credant
937 4666 1014 4710 ocu·
1064 4643 1267 4728 pausationis
1278 4652 1433 4725 tempore,
1456 4664 1613 4726 quorsum
1633 4647 1784 4729 pertinet,
1807 4645 1872 4710 nisi
1893 4653 1935 4710 ut
1955 4648 2053 4714 invi·
2251 4714 2255 4727 ,

38 4729 99 4795 lati
116 4731 254 4796 lectores
270 4728 358 4812 quod
375 4740 488 4811 aperte
505 4731 642 4808 affirmo,
665 4750 719 4794 me
736 4729 879 4814 negare?
915 4728 1014 4812 Quod
1065 4729 1169 4795 sibilis
1191 4728 1298 4794 adhuc
1319 4730 1355 4793 in
1377 4737 1465 4793 terra
1486 4729 1634 4796 habitare
1651 4729 1822 4816 fingatur?
1867 4729 2057 4815 Scriptura
2175 4725 2198 4763 ³

37 4815 121 4881 mihi
149 4815 297 4881 oriminis
325 4815 395 4880 loco
427 4815 584 4898 imputat,
618 4816 645 4880 si
676 4814 809 4880 domam
841 4836 898 4882 ore
929 4817 1014 4881 nihil
1065 4835 1168 4898 quum
1190 4814 1231 4879 de
1252 4813 1380 4880 Christi
1401 4834 1538 4882 ascensu
1559 4817 1715 4899 loquitur,
1738 4815 1838 4882 simul
1859 4815 1939 4883 inde
1960 4839 2056 4885 ven·
2184 4826 2186 4828 ’
2239 4819 2249 4823 ’

37 4907 170 4983 praeter
187 4902 321 4985 signum
341 4901 456 4984 recipi,
480 4901 561 4967 adeo
583 4921 648 4965 non
667 4919 790 4978 recuso,
814 4907 852 4964 ut
873 4901 951 4967 hinc
973 4901 1015 4967 ds
1065 4909 1177 4966 turum
1198 4900 1401 4984 pronuneiat
1434 4897 1473 4965 Si
1494 4922 1583 4966 nune
1603 4901 1783 4968 secundum
1804 4922 1925 4985 corpus
1946 4925 2053 4972 oeen-

38 4993 110 5051 tota
145 4987 368 5053 controversia
398 4985 556 5053 iudicium
591 4987 664 5052 fieri
695 4987 840 5050 maxime
871 4987 1011 5070 cupiam.
1064 4996 1124 5070 pat
1149 4993 1256 5051 totum
1283 4984 1461 5065 mundum,
1488 4987 1568 5070 quid
1596 4986 1686 5054 aliud
1707 4988 1764 5053 rel
1790 4986 1855 5053 fuit
1882 5007 2048 5059 aseensus

2162 3469 2289 4411 llmhmlbtslsam..

529 5280 539 5303 l
564 5304 659 5335 ἽἿ

676 5339 779 5366 “qq
842 5353 845 5355 Α

789 5369 891 5395 W

895 5397 957 5411 ’Ἷη
