<?xml version="1.0" encoding="UTF-8"?>
<!DOCTYPE html PUBLIC "-//W3C//DTD XHTML 1.0 Transitional//EN"
    "http://www.w3.org/TR/xhtml1/DTD/xhtml1-transitional.dtd">
<html xmlns="http://www.w3.org/1999/xhtml" xml:lang="en" lang="en">
 <head>
  <title>
</title>
<meta http-equiv="Content-Type" content="text/html;charset=utf-8" />
  <meta name='ocr-system' content='tesseract 3.04.00' />
  <meta name='ocr-capabilities' content='ocr_page ocr_carea ocr_par ocr_line ocrx_word'/>
</head>
<body>
  <div class='ocr_page' id='page_1' title='image "./ioanniscalvinio01reusgoog_0050.png"; bbox 0 0 4724 5886; ppageno 0'>
   <div class='ocr_carea' id='block_1_1' title="bbox 988 278 2165 352">
    <p class='ocr_par' dir='ltr' id='par_1_1' title="bbox 988 278 2165 352">
     <span class='ocr_line' id='line_1_1' title="bbox 988 278 2165 352; baseline 0.006 -7"><span class='ocrx_word' id='word_1_1' title='bbox 988 278 1346 347; x_wconf 63' lang='lat' dir='ltr'>probationem</span> <span class='ocrx_word' id='word_1_2' title='bbox 1496 312 1498 317; x_wconf 34' lang='lat' dir='ltr'>v</span> <span class='ocrx_word' id='word_1_3' title='bbox 2062 283 2165 352; x_wconf 77' lang='lat' dir='ltr'>XLV</span> 
     </span>
    </p>
   </div>
   <div class='ocr_carea' id='block_1_2' title="bbox 162 466 2164 779">
    <p class='ocr_par' dir='ltr' id='par_1_2' title="bbox 162 466 2164 779">
     <span class='ocr_line' id='line_1_2' title="bbox 162 466 2163 578; baseline 0.001 -42"><span class='ocrx_word' id='word_1_4' title='bbox 162 469 308 537; x_wconf 89' lang='lat' dir='ltr'>imistico</span> <span class='ocrx_word' id='word_1_5' title='bbox 327 468 385 535; x_wconf 92' lang='lat' dir='ltr'>illo</span> <span class='ocrx_word' id='word_1_6' title='bbox 406 467 557 536; x_wconf 73' lang='lat' dir='ltr'>Caesaris</span> <span class='ocrx_word' id='word_1_7' title='bbox 578 468 684 537; x_wconf 90' lang='lat' dir='ltr'>edicto</span> <span class='ocrx_word' id='word_1_8' title='bbox 705 491 743 537; x_wconf 86' lang='lat' dir='ltr'>eo</span> <span class='ocrx_word' id='word_1_9' title='bbox 771 469 963 536; x_wconf 73' lang='lat' dir='ltr'>deteriorum</span> <span class='ocrx_word' id='word_1_10' title='bbox 985 466 1072 551; x_wconf 89' lang='lat' dir='ltr'>quod</span> <span class='ocrx_word' id='word_1_11' title='bbox 1092 467 1280 534; x_wconf 75' lang='lat' dir='ltr'><strong>moderatae</strong></span> <span class='ocrx_word' id='word_1_12' title='bbox 1302 466 1471 534; x_wconf 86' lang='lat' dir='ltr'>cuiusdam</span> <span class='ocrx_word' id='word_1_13' title='bbox 1492 469 1740 578; x_wconf 79' lang='lat' dir='ltr'>instaurationis</span> <span class='ocrx_word' id='word_1_14' title='bbox 1761 472 1869 555; x_wconf 87' lang='lat' dir='ltr'>specie</span> <span class='ocrx_word' id='word_1_15' title='bbox 1890 492 2004 539; x_wconf 91' lang='lat' dir='ltr'>omnes</span> <span class='ocrx_word' id='word_1_16' title='bbox 2024 483 2163 557; x_wconf 87' lang='lat' dir='ltr'>papatus</span> 
     </span>
     <span class='ocr_line' id='line_1_3' title="bbox 162 581 1542 666; baseline -0.012 -16"><span class='ocrx_word' id='word_1_17' title='bbox 162 581 367 666; x_wconf 85' lang='lat' dir='ltr'>corruptelas</span> <span class='ocrx_word' id='word_1_18' title='bbox 388 587 542 648; x_wconf 89' lang='lat' dir='ltr'>tueretur.</span> <span class='ocrx_word' id='word_1_19' title='bbox 1096 638 1099 646; x_wconf 86' lang='grc'><strong>,</strong></span> <span class='ocrx_word' id='word_1_20' title='bbox 1539 651 1542 656; x_wconf 63' lang='lat'><em>,</em></span> 
     </span>
     <span class='ocr_line' id='line_1_4' title="bbox 320 690 2164 779; baseline 0.002 -21"><span class='ocrx_word' id='word_1_21' title='bbox 320 692 411 758; x_wconf 83' lang='lat' dir='ltr'>Boea</span> <span class='ocrx_word' id='word_1_22' title='bbox 430 690 562 775; x_wconf 89' lang='lat' dir='ltr'>quidem</span> <span class='ocrx_word' id='word_1_23' title='bbox 579 693 694 760; x_wconf 91' lang='lat' dir='ltr'>eodem</span> <span class='ocrx_word' id='word_1_24' title='bbox 714 692 784 760; x_wconf 91' lang='lat' dir='ltr'>loco</span> <span class='ocrx_word' id='word_1_25' title='bbox 805 691 884 760; x_wconf 89' lang='lat' dir='ltr'>dicit</span> <span class='ocrx_word' id='word_1_26' title='bbox 893 690 1070 758; x_wconf 77' lang='lat' dir='ltr'>Calvinum</span> <span class='ocrx_word' id='word_1_27' title='bbox 1091 691 1132 757; x_wconf 89' lang='lat' dir='ltr'>ab</span> <span class='ocrx_word' id='word_1_28' title='bbox 1153 692 1224 774; x_wconf 90' lang='lat' dir='ltr'>ipso</span> <span class='ocrx_word' id='word_1_29' title='bbox 1245 692 1536 758; x_wconf 79' lang='lat' dir='ltr'>commonefactum</span> <span class='ocrx_word' id='word_1_30' title='bbox 1557 694 1801 777; x_wconf 75' lang='lat' dir='ltr'>responsionem</span> <span class='ocrx_word' id='word_1_31' title='bbox 1822 717 1917 761; x_wconf 91' lang='lat' dir='ltr'>snam</span> <span class='ocrx_word' id='word_1_32' title='bbox 1938 717 2084 779; x_wconf 88' lang='lat' dir='ltr'>parasse;</span> <span class='ocrx_word' id='word_1_33' title='bbox 2105 694 2164 762; x_wconf 91' lang='lat' dir='ltr'>sed</span> 
     </span>
    </p>
   </div>
   <div class='ocr_carea' id='block_1_3' title="bbox 158 801 2166 3359">
    <p class='ocr_par' dir='ltr' id='par_1_3' title="bbox 158 801 2164 1450">
     <span class='ocr_line' id='line_1_5' title="bbox 162 801 2163 890; baseline 0 -20"><span class='ocrx_word' id='word_1_34' title='bbox 162 802 222 872; x_wconf 89' lang='lat' dir='ltr'>hic</span> <span class='ocrx_word' id='word_1_35' title='bbox 242 804 379 870; x_wconf 84' lang='lat' dir='ltr'><strong>nimiam</strong></span> <span class='ocrx_word' id='word_1_36' title='bbox 401 803 463 870; x_wconf 82' lang='lat' dir='ltr'>sibi</span> <span class='ocrx_word' id='word_1_37' title='bbox 485 806 586 871; x_wconf 90' lang='lat' dir='ltr'>sumit</span> <span class='ocrx_word' id='word_1_38' title='bbox 607 806 642 871; x_wconf 89' lang='lat' dir='ltr'>in</span> <span class='ocrx_word' id='word_1_39' title='bbox 664 803 1074 890; x_wconf 61' lang='grc'><strong>115511535511155511511.</strong></span> <span class='ocrx_word' id='word_1_40' title='bbox 1124 803 1201 888; x_wconf 91' lang='lat' dir='ltr'>Ipse</span> <span class='ocrx_word' id='word_1_41' title='bbox 1224 803 1313 869; x_wconf 93' lang='lat' dir='ltr'>enim</span> <span class='ocrx_word' id='word_1_42' title='bbox 1335 801 1494 870; x_wconf 84' lang='lat' dir='ltr'>Calvinus</span> <span class='ocrx_word' id='word_1_43' title='bbox 1521 803 1588 869; x_wconf 92' lang='lat' dir='ltr'>iam</span> <span class='ocrx_word' id='word_1_44' title='bbox 1618 803 1650 870; x_wconf 89' lang='lat' dir='ltr'>d.</span> <span class='ocrx_word' id='word_1_45' title='bbox 1676 810 1723 871; x_wconf 95' lang='grc'>10.</span> <span class='ocrx_word' id='word_1_46' title='bbox 1748 805 1951 890; x_wconf 81' lang='lat' dir='ltr'>Septembris</span> <span class='ocrx_word' id='word_1_47' title='bbox 1977 805 2020 872; x_wconf 92' lang='lat' dir='ltr'>ad</span> <span class='ocrx_word' id='word_1_48' title='bbox 2041 807 2163 872; x_wconf 85' lang='lat' dir='ltr'>Beaam</span> 
     </span>
     <span class='ocr_line' id='line_1_6' title="bbox 161 904 2163 999; baseline 0 -17"><span class='ocrx_word' id='word_1_49' title='bbox 161 914 311 983; x_wconf 88' lang='lat' dir='ltr'>Possiaci</span> <span class='ocrx_word' id='word_1_50' title='bbox 338 904 523 982; x_wconf 84' lang='lat' dir='ltr'>morantem</span> <span class='ocrx_word' id='word_1_51' title='bbox 544 917 626 984; x_wconf 91' lang='lat' dir='ltr'>haec</span> <span class='ocrx_word' id='word_1_52' title='bbox 651 916 778 983; x_wconf 90' lang='lat' dir='ltr'>scribit:</span> <span class='ocrx_word' id='word_1_53' title='bbox 815 914 960 981; x_wconf 83' lang='lat' dir='ltr'>Insidiae</span> <span class='ocrx_word' id='word_1_54' title='bbox 986 913 1072 980; x_wconf 77' lang='lat' dir='ltr'>voce</span> <span class='ocrx_word' id='word_1_55' title='bbox 1099 915 1268 980; x_wconf 75' lang='grc'><strong>1555155151</strong></span> <span class='ocrx_word' id='word_1_56' title='bbox 1294 919 1328 978; x_wconf 85' lang='lat' dir='ltr'>ut</span> <span class='ocrx_word' id='word_1_57' title='bbox 1355 915 1502 980; x_wconf 75' lang='grc'><strong>11555555</strong></span> <span class='ocrx_word' id='word_1_58' title='bbox 1525 917 1683 999; x_wconf 76' lang='lat' dir='ltr'>praesenti</span> <span class='ocrx_word' id='word_1_59' title='bbox 1705 917 1823 983; x_wconf 75' lang='grc'><strong>5511515</strong></span> <span class='ocrx_word' id='word_1_60' title='bbox 1849 918 1955 983; x_wconf 84' lang='lat' dir='ltr'>omnia</span> <span class='ocrx_word' id='word_1_61' title='bbox 1981 917 2163 984; x_wconf 78' lang='lat' dir='ltr'>conturbent</span> 
     </span>
     <span class='ocr_line' id='line_1_7' title="bbox 162 1024 2164 1112; baseline 0.002 -20"><span class='ocrx_word' id='word_1_62' title='bbox 162 1025 210 1092; x_wconf 81' lang='lat' dir='ltr'>Ic</span> <span class='ocrx_word' id='word_1_63' title='bbox 229 1047 301 1093; x_wconf 86' lang='lat' dir='ltr'>eum</span> <span class='ocrx_word' id='word_1_64' title='bbox 319 1025 414 1109; x_wconf 72' lang='lat' dir='ltr'>ficem</span> <span class='ocrx_word' id='word_1_65' title='bbox 434 1027 535 1094; x_wconf 74' lang='lat' dir='ltr'>editura</span> <span class='ocrx_word' id='word_1_66' title='bbox 554 1028 619 1111; x_wconf 76' lang='lat' dir='ltr'>suit</span> <span class='ocrx_word' id='word_1_67' title='bbox 639 1028 763 1094; x_wconf 84' lang='lat' dir='ltr'>libellus</span> <span class='ocrx_word' id='word_1_68' title='bbox 784 1027 945 1108; x_wconf 80' lang='lat' dir='ltr'>Basileae,</span> <span class='ocrx_word' id='word_1_69' title='bbox 967 1027 1058 1093; x_wconf 77' lang='lat' dir='ltr'>auius</span> <span class='ocrx_word' id='word_1_70' title='bbox 1076 1031 1215 1092; x_wconf 76' lang='grc'><strong>5515155</strong></span> <span class='ocrx_word' id='word_1_71' title='bbox 1234 1026 1377 1109; x_wconf 72' lang='lat' dir='ltr'>auspicor</span> <span class='ocrx_word' id='word_1_72' title='bbox 1398 1024 1596 1093; x_wconf 83' lang='lat' dir='ltr'>Balduinum</span> <span class='ocrx_word' id='word_1_73' title='bbox 1617 1033 1645 1094; x_wconf 86' lang='lat' dir='ltr'>et</span> <span class='ocrx_word' id='word_1_74' title='bbox 1656 1049 1758 1112; x_wconf 73' lang='lat' dir='ltr'>pacare</span> <span class='ocrx_word' id='word_1_75' title='bbox 1768 1049 1830 1110; x_wconf 83' lang='lat' dir='ltr'>pro</span> <span class='ocrx_word' id='word_1_76' title='bbox 1852 1033 1930 1095; x_wconf 82' lang='lat' dir='ltr'>certo</span> <span class='ocrx_word' id='word_1_77' title='bbox 1951 1027 2053 1094; x_wconf 83' lang='lat' dir='ltr'>luabeo.</span> <span class='ocrx_word' id='word_1_78' title='bbox 2099 1029 2164 1096; x_wconf 88' lang='lat' dir='ltr'>Ne-</span> 
     </span>
     <span class='ocr_line' id='line_1_8' title="bbox 161 1136 2164 1224; baseline 0.001 -20"><span class='ocrx_word' id='word_1_79' title='bbox 161 1138 304 1204; x_wconf 81' lang='lat' dir='ltr'>badouem</span> <span class='ocrx_word' id='word_1_80' title='bbox 323 1140 465 1221; x_wconf 74' lang='lat' dir='ltr'>excipere</span> <span class='ocrx_word' id='word_1_81' title='bbox 486 1159 628 1222; x_wconf 72' lang='lat' dir='ltr'>cruperm</span> <span class='ocrx_word' id='word_1_82' title='bbox 643 1161 704 1222; x_wconf 83' lang='lat' dir='ltr'>pro</span> <span class='ocrx_word' id='word_1_83' title='bbox 725 1141 843 1221; x_wconf 71' lang='grc'><strong>1151115,</strong></span> <span class='ocrx_word' id='word_1_84' title='bbox 864 1139 920 1205; x_wconf 83' lang='lat' dir='ltr'>sed</span> <span class='ocrx_word' id='word_1_85' title='bbox 934 1138 1074 1221; x_wconf 68' lang='grc'><strong>51155115</strong></span> <span class='ocrx_word' id='word_1_86' title='bbox 1095 1138 1198 1204; x_wconf 83' lang='lat' dir='ltr'>literis</span> <span class='ocrx_word' id='word_1_87' title='bbox 1218 1136 1339 1217; x_wconf 86' lang='lat' dir='ltr'>obruor,</span> <span class='ocrx_word' id='word_1_88' title='bbox 1360 1143 1387 1202; x_wconf 88' lang='lat' dir='ltr'>et</span> <span class='ocrx_word' id='word_1_89' title='bbox 1408 1138 1439 1202; x_wconf 82' lang='grc'>51</span> <span class='ocrx_word' id='word_1_90' title='bbox 1460 1138 1537 1220; x_wconf 82' lang='lat' dir='ltr'>quid</span> <span class='ocrx_word' id='word_1_91' title='bbox 1553 1138 1727 1206; x_wconf 68' lang='lat' dir='ltr'>alacritatis</span> <span class='ocrx_word' id='word_1_92' title='bbox 1743 1140 1879 1206; x_wconf 72' lang='grc'><strong>15515551</strong></span> <span class='ocrx_word' id='word_1_93' title='bbox 1895 1140 2041 1224; x_wconf 58' lang='lat' dir='ltr'>edomuit.</span> <span class='ocrx_word' id='word_1_94' title='bbox 2087 1140 2164 1207; x_wconf 89' lang='lat' dir='ltr'>Per-</span> 
     </span>
     <span class='ocr_line' id='line_1_9' title="bbox 158 1249 2163 1336; baseline 0.001 -21"><span class='ocrx_word' id='word_1_95' title='bbox 158 1270 239 1335; x_wconf 72' lang='lat' dir='ltr'>gam</span> <span class='ocrx_word' id='word_1_96' title='bbox 258 1255 361 1316; x_wconf 76' lang='grc'><strong>155155</strong></span> <span class='ocrx_word' id='word_1_97' title='bbox 377 1251 481 1332; x_wconf 83' lang='lat' dir='ltr'>quoad</span> <span class='ocrx_word' id='word_1_98' title='bbox 500 1250 603 1317; x_wconf 79' lang='lat' dir='ltr'>licebit</span> <span class='ocrx_word' id='word_1_99' title='bbox 623 1252 721 1336; x_wconf 79' lang='lat' dir='ltr'>(Epp.</span> <span class='ocrx_word' id='word_1_100' title='bbox 745 1251 795 1318; x_wconf 92' lang='lat' dir='ltr'>ed.</span> <span class='ocrx_word' id='word_1_101' title='bbox 812 1251 940 1317; x_wconf 80' lang='lat' dir='ltr'>Gener.</span> <span class='ocrx_word' id='word_1_102' title='bbox 963 1270 1036 1335; x_wconf 89' lang='lat' dir='ltr'>pag.</span> <span class='ocrx_word' id='word_1_103' title='bbox 1062 1254 1139 1329; x_wconf 82' lang='lat'>250;</span> <span class='ocrx_word' id='word_1_104' title='bbox 1162 1249 1211 1315; x_wconf 93' lang='lat' dir='ltr'>ed.</span> <span class='ocrx_word' id='word_1_105' title='bbox 1224 1250 1324 1316; x_wconf 89' lang='lat' dir='ltr'>Laus.</span> <span class='ocrx_word' id='word_1_106' title='bbox 1346 1269 1422 1334; x_wconf 90' lang='lat' dir='ltr'>pag.</span> <span class='ocrx_word' id='word_1_107' title='bbox 1438 1253 1517 1327; x_wconf 83' lang='lat'>523;</span> <span class='ocrx_word' id='word_1_108' title='bbox 1536 1249 1584 1315; x_wconf 93' lang='lat' dir='ltr'>ed.</span> <span class='ocrx_word' id='word_1_109' title='bbox 1607 1249 1738 1318; x_wconf 87' lang='lat' dir='ltr'>Hanov.</span> <span class='ocrx_word' id='word_1_110' title='bbox 1761 1273 1833 1336; x_wconf 87' lang='lat' dir='ltr'>pag.</span> <span class='ocrx_word' id='word_1_111' title='bbox 1855 1255 1933 1331; x_wconf 83' lang='lat'><strong>587;</strong></span> <span class='ocrx_word' id='word_1_112' title='bbox 1955 1250 2004 1317; x_wconf 90' lang='lat' dir='ltr'>ed.</span> <span class='ocrx_word' id='word_1_113' title='bbox 2024 1250 2163 1318; x_wconf 80' lang='lat' dir='ltr'>Chonet</span> 
     </span>
     <span class='ocr_line' id='line_1_10' title="bbox 161 1361 889 1450; baseline 0.005 -25"><span class='ocrx_word' id='word_1_114' title='bbox 161 1382 240 1447; x_wconf 89' lang='lat' dir='ltr'>pag.</span> <span class='ocrx_word' id='word_1_115' title='bbox 263 1364 343 1441; x_wconf 76' lang='lat'>3423</span> <span class='ocrx_word' id='word_1_116' title='bbox 364 1361 414 1428; x_wconf 91' lang='lat' dir='ltr'>ed.</span> <span class='ocrx_word' id='word_1_117' title='bbox 437 1365 543 1428; x_wconf 76' lang='lat' dir='ltr'>Amat.</span> <span class='ocrx_word' id='word_1_118' title='bbox 565 1383 639 1450; x_wconf 89' lang='lat' dir='ltr'>pag.</span> <span class='ocrx_word' id='word_1_119' title='bbox 666 1364 750 1450; x_wconf 93' lang='grc'><strong>156).</strong></span> <span class='ocrx_word' id='word_1_120' title='bbox 885 1413 889 1420; x_wconf 84' lang='grc'><strong>.</strong></span> 
     </span>
    </p>

    <p class='ocr_par' dir='ltr' id='par_1_4' title="bbox 159 1472 2166 2789">
     <span class='ocr_line' id='line_1_11' title="bbox 320 1472 2164 1559; baseline 0.001 -21"><span class='ocrx_word' id='word_1_121' title='bbox 320 1472 429 1555; x_wconf 81' lang='lat' dir='ltr'>Quam</span> <span class='ocrx_word' id='word_1_122' title='bbox 451 1494 570 1559; x_wconf 85' lang='lat' dir='ltr'><strong>pamm</strong></span> <span class='ocrx_word' id='word_1_123' title='bbox 592 1482 703 1541; x_wconf 89' lang='lat' dir='ltr'>autem</span> <span class='ocrx_word' id='word_1_124' title='bbox 724 1495 835 1541; x_wconf 87' lang='lat' dir='ltr'>morae</span> <span class='ocrx_word' id='word_1_125' title='bbox 855 1473 1058 1539; x_wconf 81' lang='lat' dir='ltr'>intercedere</span> <span class='ocrx_word' id='word_1_126' title='bbox 1079 1494 1194 1557; x_wconf 89' lang='lat' dir='ltr'>passus</span> <span class='ocrx_word' id='word_1_127' title='bbox 1217 1473 1261 1540; x_wconf 91' lang='lat' dir='ltr'>sit</span> <span class='ocrx_word' id='word_1_128' title='bbox 1281 1472 1439 1539; x_wconf 78' lang='lat' dir='ltr'>Calvinus</span> <span class='ocrx_word' id='word_1_129' title='bbox 1461 1481 1636 1556; x_wconf 82' lang='lat' dir='ltr'>antequem</span> <span class='ocrx_word' id='word_1_130' title='bbox 1658 1474 1734 1539; x_wconf 90' lang='lat' dir='ltr'>totis</span> <span class='ocrx_word' id='word_1_131' title='bbox 1756 1473 1881 1541; x_wconf 85' lang='lat' dir='ltr'>viribus</span> <span class='ocrx_word' id='word_1_132' title='bbox 1903 1482 2087 1540; x_wconf 89' lang='lat' dir='ltr'>occurreret</span> <span class='ocrx_word' id='word_1_133' title='bbox 2108 1496 2164 1559; x_wconf 90' lang='lat' dir='ltr'>pe·</span> 
     </span>
     <span class='ocr_line' id='line_1_12' title="bbox 160 1583 2163 1670; baseline 0.001 -21"><span class='ocrx_word' id='word_1_134' title='bbox 160 1583 268 1653; x_wconf 86' lang='lat' dir='ltr'>riculo</span> <span class='ocrx_word' id='word_1_135' title='bbox 290 1604 309 1649; x_wconf 90' lang='grc'>5</span> <span class='ocrx_word' id='word_1_136' title='bbox 329 1584 415 1650; x_wconf 92' lang='lat' dir='ltr'>male</span> <span class='ocrx_word' id='word_1_137' title='bbox 436 1605 518 1650; x_wconf 88' lang='lat' dir='ltr'>sana</span> <span class='ocrx_word' id='word_1_138' title='bbox 538 1607 618 1669; x_wconf 88' lang='lat' dir='ltr'>paee</span> <span class='ocrx_word' id='word_1_139' title='bbox 647 1586 785 1665; x_wconf 88' lang='lat' dir='ltr'>orituro,</span> <span class='ocrx_word' id='word_1_140' title='bbox 813 1593 848 1651; x_wconf 91' lang='grc'>51</span> <span class='ocrx_word' id='word_1_141' title='bbox 875 1583 1039 1651; x_wconf 89' lang='lat' dir='ltr'>imbellem</span> <span class='ocrx_word' id='word_1_142' title='bbox 1067 1585 1169 1651; x_wconf 91' lang='lat' dir='ltr'>istum</span> <span class='ocrx_word' id='word_1_143' title='bbox 1196 1583 1432 1670; x_wconf 88' lang='lat' dir='ltr'>innoxiumque</span> <span class='ocrx_word' id='word_1_144' title='bbox 1459 1583 1684 1651; x_wconf 85' lang='lat' dir='ltr'>adversariam</span> <span class='ocrx_word' id='word_1_145' title='bbox 1712 1585 1839 1670; x_wconf 90' lang='lat' dir='ltr'>impetu</span> <span class='ocrx_word' id='word_1_146' title='bbox 1865 1586 1951 1654; x_wconf 85' lang='lat' dir='ltr'>facto</span> <span class='ocrx_word' id='word_1_147' title='bbox 1980 1588 2163 1667; x_wconf 87' lang='lat' dir='ltr'>conficeret,</span> 
     </span>
     <span class='ocr_line' id='line_1_13' title="bbox 159 1695 2165 1787; baseline 0.002 -25"><span class='ocrx_word' id='word_1_148' title='bbox 159 1695 243 1763; x_wconf 89' lang='lat' dir='ltr'>inde</span> <span class='ocrx_word' id='word_1_149' title='bbox 260 1703 352 1781; x_wconf 89' lang='lat' dir='ltr'>patet</span> <span class='ocrx_word' id='word_1_150' title='bbox 373 1695 460 1780; x_wconf 91' lang='lat' dir='ltr'>quod</span> <span class='ocrx_word' id='word_1_151' title='bbox 481 1698 547 1762; x_wconf 87' lang='lat' dir='ltr'>iam</span> <span class='ocrx_word' id='word_1_152' title='bbox 569 1696 725 1764; x_wconf 81' lang='lat' dir='ltr'>Oalendis</span> <span class='ocrx_word' id='word_1_153' title='bbox 743 1696 896 1764; x_wconf 83' lang='lat' dir='ltr'>Octobris</span> <span class='ocrx_word' id='word_1_154' title='bbox 918 1695 960 1762; x_wconf 89' lang='lat' dir='ltr'>ad</span> <span class='ocrx_word' id='word_1_155' title='bbox 981 1698 1104 1763; x_wconf 86' lang='lat' dir='ltr'>Beaam</span> <span class='ocrx_word' id='word_1_156' title='bbox 1127 1696 1239 1764; x_wconf 84' lang='lat' dir='ltr'>scribit</span> <span class='ocrx_word' id='word_1_157' title='bbox 1261 1695 1354 1784; x_wconf 79' lang='lat' dir='ltr'>(coa</span> <span class='ocrx_word' id='word_1_158' title='bbox 1377 1696 1504 1765; x_wconf 82' lang='lat' dir='ltr'>Gener.</span> <span class='ocrx_word' id='word_1_159' title='bbox 1531 1702 1588 1761; x_wconf 87' lang='grc'>107</span> <span class='ocrx_word' id='word_1_160' title='bbox 1612 1720 1640 1763; x_wconf 85' lang='grc'>5.</span> <span class='ocrx_word' id='word_1_161' title='bbox 1664 1698 1717 1763; x_wconf 84' lang='lat' dir='ltr'>fol.</span> <span class='ocrx_word' id='word_1_162' title='bbox 1741 1699 1833 1783; x_wconf 85' lang='grc'><strong>245);</strong></span> <span class='ocrx_word' id='word_1_163' title='bbox 1862 1698 2043 1765; x_wconf 80' lang='lat' dir='ltr'>Eccuditur</span> <span class='ocrx_word' id='word_1_164' title='bbox 2063 1699 2165 1787; x_wconf 80' lang='lat' dir='ltr'>breuia</span> 
     </span>
     <span class='ocr_line' id='line_1_14' title="bbox 160 1808 2163 1898; baseline -0 -23"><span class='ocrx_word' id='word_1_165' title='bbox 160 1809 209 1875; x_wconf 90' lang='lat' dir='ltr'>ad</span> <span class='ocrx_word' id='word_1_166' title='bbox 230 1808 431 1875; x_wconf 81' lang='lat' dir='ltr'>Balduinum</span> <span class='ocrx_word' id='word_1_167' title='bbox 451 1811 621 1891; x_wconf 64' lang='lat' dir='ltr'>respousa,</span> <span class='ocrx_word' id='word_1_168' title='bbox 649 1829 744 1892; x_wconf 81' lang='lat' dir='ltr'>quam</span> <span class='ocrx_word' id='word_1_169' title='bbox 767 1810 919 1893; x_wconf 56' lang='lat' dir='ltr'>maximo</span> <span class='ocrx_word' id='word_1_170' title='bbox 946 1808 1135 1898; x_wconf 70' lang='lat' dir='ltr'>hebdomade</span> <span class='ocrx_word' id='word_1_171' title='bbox 1162 1810 1304 1892; x_wconf 81' lang='lat' dir='ltr'>accipies.</span> <span class='ocrx_word' id='word_1_172' title='bbox 1357 1808 1513 1876; x_wconf 74' lang='lat' dir='ltr'>Salaciam</span> <span class='ocrx_word' id='word_1_173' title='bbox 1533 1809 1634 1875; x_wconf 85' lang='lat' dir='ltr'>luctus</span> <span class='ocrx_word' id='word_1_174' title='bbox 1660 1811 1722 1876; x_wconf 78' lang='grc'><strong>5151</strong></span> <span class='ocrx_word' id='word_1_175' title='bbox 1745 1831 1863 1892; x_wconf 81' lang='lat' dir='ltr'>porum</span> <span class='ocrx_word' id='word_1_176' title='bbox 1890 1832 1986 1877; x_wconf 83' lang='lat' dir='ltr'>suave</span> <span class='ocrx_word' id='word_1_177' title='bbox 2011 1811 2066 1877; x_wconf 85' lang='lat' dir='ltr'>bac</span> <span class='ocrx_word' id='word_1_178' title='bbox 2085 1811 2163 1894; x_wconf 75' lang='lat' dir='ltr'>sud:</span> 
     </span>
     <span class='ocr_line' id='line_1_15' title="bbox 160 1906 2166 2005; baseline 0.002 -19"><span class='ocrx_word' id='word_1_179' title='bbox 160 1919 322 1986; x_wconf 71' lang='lat' dir='ltr'>sedatam</span> <span class='ocrx_word' id='word_1_180' title='bbox 341 1926 444 1986; x_wconf 81' lang='lat' dir='ltr'>tamen</span> <span class='ocrx_word' id='word_1_181' title='bbox 466 1906 626 1988; x_wconf 75' lang='lat' dir='ltr'>nebulonis</span> <span class='ocrx_word' id='word_1_182' title='bbox 647 1921 816 1987; x_wconf 84' lang='lat' dir='ltr'>audaciam</span> <span class='ocrx_word' id='word_1_183' title='bbox 835 1920 937 2004; x_wconf 75' lang='lat' dir='ltr'>resedi</span> <span class='ocrx_word' id='word_1_184' title='bbox 963 1941 1082 1989; x_wconf 79' lang='grc'><strong>5555555</strong></span> <span class='ocrx_word' id='word_1_185' title='bbox 1100 1922 1165 2005; x_wconf 79' lang='lat' dir='ltr'>suit</span> <span class='ocrx_word' id='word_1_186' title='bbox 1185 1928 1213 1988; x_wconf 90' lang='lat' dir='ltr'>et</span> <span class='ocrx_word' id='word_1_187' title='bbox 1233 1921 1319 1987; x_wconf 85' lang='lat' dir='ltr'>calui</span> <span class='ocrx_word' id='word_1_188' title='bbox 1340 1922 1504 1988; x_wconf 73' lang='lat' dir='ltr'>testudinis</span> <span class='ocrx_word' id='word_1_189' title='bbox 1531 1921 1704 1989; x_wconf 73' lang='lat' dir='ltr'>sueciam</span> <span class='ocrx_word' id='word_1_190' title='bbox 1732 1922 1853 2005; x_wconf 77' lang='lat' dir='ltr'>oblique</span> <span class='ocrx_word' id='word_1_191' title='bbox 1881 1924 1997 1990; x_wconf 73' lang='grc'><strong>5151551.</strong></span> <span class='ocrx_word' id='word_1_192' title='bbox 2041 1922 2166 1990; x_wconf 77' lang='lat' dir='ltr'>Habeat</span> 
     </span>
     <span class='ocr_line' id='line_1_16' title="bbox 160 2031 2164 2123; baseline 0.001 -25"><span class='ocrx_word' id='word_1_193' title='bbox 160 2031 228 2098; x_wconf 81' lang='lat' dir='ltr'>arbi</span> <span class='ocrx_word' id='word_1_194' title='bbox 248 2031 329 2123; x_wconf 77' lang='lat' dir='ltr'>tales¹</span> <span class='ocrx_word' id='word_1_195' title='bbox 344 2033 486 2111; x_wconf 82' lang='lat' dir='ltr'>delitiae,</span> <span class='ocrx_word' id='word_1_196' title='bbox 513 2032 603 2099; x_wconf 88' lang='lat' dir='ltr'>modo</span> <span class='ocrx_word' id='word_1_197' title='bbox 631 2033 720 2099; x_wconf 81' lang='lat' dir='ltr'>uobis</span> <span class='ocrx_word' id='word_1_198' title='bbox 746 2033 878 2099; x_wconf 85' lang='lat' dir='ltr'>liberum</span> <span class='ocrx_word' id='word_1_199' title='bbox 902 2033 946 2098; x_wconf 81' lang='lat' dir='ltr'>sit</span> <span class='ocrx_word' id='word_1_200' title='bbox 970 2054 1041 2100; x_wconf 89' lang='lat' dir='ltr'>cum</span> <span class='ocrx_word' id='word_1_201' title='bbox 1068 2035 1137 2100; x_wconf 82' lang='lat' dir='ltr'>ciue</span> <span class='ocrx_word' id='word_1_202' title='bbox 1164 2033 1308 2100; x_wconf 84' lang='lat' dir='ltr'>dedecore</span> <span class='ocrx_word' id='word_1_203' title='bbox 1328 2054 1409 2116; x_wconf 82' lang='lat' dir='ltr'>quas</span> <span class='ocrx_word' id='word_1_204' title='bbox 1431 2033 1491 2099; x_wconf 83' lang='lat' dir='ltr'>alit</span> <span class='ocrx_word' id='word_1_205' title='bbox 1511 2038 1618 2115; x_wconf 74' lang='lat' dir='ltr'>peotes</span> <span class='ocrx_word' id='word_1_206' title='bbox 1638 2034 1787 2119; x_wconf 71' lang='lat' dir='ltr'>detegere,</span> <span class='ocrx_word' id='word_1_207' title='bbox 1816 2039 1906 2118; x_wconf 81' lang='lat' dir='ltr'>atque</span> <span class='ocrx_word' id='word_1_208' title='bbox 1927 2035 1986 2101; x_wconf 85' lang='lat' dir='ltr'>bac</span> <span class='ocrx_word' id='word_1_209' title='bbox 2006 2036 2044 2101; x_wconf 91' lang='lat' dir='ltr'>de</span> <span class='ocrx_word' id='word_1_210' title='bbox 2065 2055 2164 2102; x_wconf 89' lang='lat' dir='ltr'>causa</span> 
     </span>
     <span class='ocr_line' id='line_1_17' title="bbox 160 2137 2165 2242; baseline 0.001 -32"><span class='ocrx_word' id='word_1_211' title='bbox 160 2145 243 2226; x_wconf 72' lang='lat' dir='ltr'>sorte</span> <span class='ocrx_word' id='word_1_212' title='bbox 263 2144 299 2209; x_wconf 81' lang='lat' dir='ltr'>irs</span> <span class='ocrx_word' id='word_1_213' title='bbox 320 2144 464 2229; x_wconf 74' lang='lat' dir='ltr'>linguam</span> <span class='ocrx_word' id='word_1_214' title='bbox 482 2144 632 2228; x_wconf 82' lang='lat' dir='ltr'>pollicum</span> <span class='ocrx_word' id='word_1_215' title='bbox 653 2149 1006 2242; x_wconf 37' lang='lat' dir='ltr'>oetdurqquouquam</span> <span class='ocrx_word' id='word_1_216' title='bbox 1027 2144 1110 2212; x_wconf 74' lang='lat' dir='ltr'>attic</span> <span class='ocrx_word' id='word_1_217' title='bbox 1136 2145 1212 2210; x_wconf 84' lang='lat' dir='ltr'>dum</span> <span class='ocrx_word' id='word_1_218' title='bbox 1237 2145 1390 2212; x_wconf 80' lang='lat' dir='ltr'>constitui.</span> <span class='ocrx_word' id='word_1_219' title='bbox 1441 2144 1654 2211; x_wconf 67' lang='lat' dir='ltr'>[beatudinem</span> <span class='ocrx_word' id='word_1_220' title='bbox 1680 2147 1779 2211; x_wconf 90' lang='lat' dir='ltr'>istam</span> <span class='ocrx_word' id='word_1_221' title='bbox 1799 2166 1911 2231; x_wconf 88' lang='lat' dir='ltr'>regem</span> <span class='ocrx_word' id='word_1_222' title='bbox 1932 2137 2165 2213; x_wconf 89' lang='lat' dir='ltr'>Navarrennm</span> 
     </span>
     <span class='ocr_line' id='line_1_18' title="bbox 160 2236 2165 2342; baseline 0 -19"><span class='ocrx_word' id='word_1_223' title='bbox 160 2236 410 2340; x_wconf 82' lang='lat' dir='ltr'>repraesentare</span> <span class='ocrx_word' id='word_1_224' title='bbox 431 2256 643 2339; x_wconf 89' lang='lat' dir='ltr'>suspicamur.</span> <span class='ocrx_word' id='word_1_225' title='bbox 686 2254 841 2321; x_wconf 87' lang='lat' dir='ltr'>Eundem</span> <span class='ocrx_word' id='word_1_226' title='bbox 861 2257 998 2323; x_wconf 91' lang='lat' dir='ltr'>innuere</span> <span class='ocrx_word' id='word_1_227' title='bbox 1020 2256 1153 2324; x_wconf 86' lang='lat' dir='ltr'>ridetur</span> <span class='ocrx_word' id='word_1_228' title='bbox 1171 2258 1285 2342; x_wconf 91' lang='lat' dir='ltr'>paucis</span> <span class='ocrx_word' id='word_1_229' title='bbox 1307 2264 1383 2342; x_wconf 89' lang='lat' dir='ltr'>post</span> <span class='ocrx_word' id='word_1_230' title='bbox 1405 2255 1529 2336; x_wconf 89' lang='lat' dir='ltr'>diebus,</span> <span class='ocrx_word' id='word_1_231' title='bbox 1552 2278 1670 2342; x_wconf 88' lang='lat' dir='ltr'>nempe</span> <span class='ocrx_word' id='word_1_232' title='bbox 1692 2257 1796 2324; x_wconf 91' lang='lat' dir='ltr'>Nonis</span> <span class='ocrx_word' id='word_1_233' title='bbox 1814 2256 1960 2324; x_wconf 90' lang='lat' dir='ltr'>ciusdem</span> <span class='ocrx_word' id='word_1_234' title='bbox 1982 2259 2105 2324; x_wconf 89' lang='lat' dir='ltr'>mensis</span> <span class='ocrx_word' id='word_1_235' title='bbox 2122 2257 2165 2324; x_wconf 92' lang='lat' dir='ltr'>ad</span> 
     </span>
     <span class='ocr_line' id='line_1_19' title="bbox 161 2366 2165 2453; baseline 0.002 -21"><span class='ocrx_word' id='word_1_236' title='bbox 161 2367 305 2434; x_wconf 87' lang='lat' dir='ltr'>amicam</span> <span class='ocrx_word' id='word_1_237' title='bbox 327 2366 488 2434; x_wconf 84' lang='lat' dir='ltr'>scribens:</span> <span class='ocrx_word' id='word_1_238' title='bbox 536 2367 577 2434; x_wconf 89' lang='lat' dir='ltr'>Ut</span> <span class='ocrx_word' id='word_1_239' title='bbox 598 2368 772 2453; x_wconf 73' lang='lat' dir='ltr'>intelligas,</span> <span class='ocrx_word' id='word_1_240' title='bbox 800 2368 876 2433; x_wconf 84' lang='lat' dir='ltr'>dum</span> <span class='ocrx_word' id='word_1_241' title='bbox 901 2389 956 2435; x_wconf 88' lang='lat' dir='ltr'>cca</span> <span class='ocrx_word' id='word_1_242' title='bbox 983 2370 1019 2434; x_wconf 83' lang='lat' dir='ltr'>iu</span> <span class='ocrx_word' id='word_1_243' title='bbox 1044 2373 1132 2435; x_wconf 83' lang='lat' dir='ltr'>aestu</span> <span class='ocrx_word' id='word_1_244' title='bbox 1159 2371 1307 2435; x_wconf 79' lang='lat' dir='ltr'>etarena</span> <span class='ocrx_word' id='word_1_245' title='bbox 1328 2369 1409 2434; x_wconf 80' lang='lat' dir='ltr'>serio</span> <span class='ocrx_word' id='word_1_246' title='bbox 1429 2371 1568 2450; x_wconf 77' lang='grc'><strong>55115115,</strong></span> <span class='ocrx_word' id='word_1_247' title='bbox 1596 2390 1644 2437; x_wconf 88' lang='lat' dir='ltr'>me</span> <span class='ocrx_word' id='word_1_248' title='bbox 1662 2369 1713 2436; x_wconf 82' lang='lat' dir='ltr'>bic</span> <span class='ocrx_word' id='word_1_249' title='bbox 1735 2371 1769 2436; x_wconf 82' lang='lat' dir='ltr'>iu</span> <span class='ocrx_word' id='word_1_250' title='bbox 1792 2369 1903 2435; x_wconf 88' lang='lat' dir='ltr'>umbra</span> <span class='ocrx_word' id='word_1_251' title='bbox 1923 2370 2056 2451; x_wconf 82' lang='lat' dir='ltr'>velitari,</span> <span class='ocrx_word' id='word_1_252' title='bbox 2078 2370 2165 2436; x_wconf 83' lang='lat' dir='ltr'>mitto</span> 
     </span>
     <span class='ocr_line' id='line_1_20' title="bbox 161 2477 2166 2565; baseline 0.001 -21"><span class='ocrx_word' id='word_1_253' title='bbox 161 2479 247 2562; x_wconf 80' lang='lat' dir='ltr'>quod</span> <span class='ocrx_word' id='word_1_254' title='bbox 266 2477 429 2546; x_wconf 81' lang='lat' dir='ltr'>Balduioi</span> <span class='ocrx_word' id='word_1_255' title='bbox 449 2478 552 2546; x_wconf 78' lang='lat' dir='ltr'>libello</span> <span class='ocrx_word' id='word_1_256' title='bbox 572 2481 728 2562; x_wconf 78' lang='lat' dir='ltr'>respondi.</span> <span class='ocrx_word' id='word_1_257' title='bbox 775 2478 856 2546; x_wconf 80' lang='lat' dir='ltr'>Cane</span> <span class='ocrx_word' id='word_1_258' title='bbox 878 2501 917 2547; x_wconf 84' lang='lat' dir='ltr'>ne</span> <span class='ocrx_word' id='word_1_259' title='bbox 936 2480 1106 2564; x_wconf 80' lang='lat' dir='ltr'>improbes:</span> <span class='ocrx_word' id='word_1_260' title='bbox 1131 2481 1211 2563; x_wconf 82' lang='lat' dir='ltr'>quia</span> <span class='ocrx_word' id='word_1_261' title='bbox 1232 2482 1336 2546; x_wconf 71' lang='lat' dir='ltr'>duom</span> <span class='ocrx_word' id='word_1_262' title='bbox 1356 2481 1495 2547; x_wconf 72' lang='lat' dir='ltr'>eiusdem</span> <span class='ocrx_word' id='word_1_263' title='bbox 1522 2487 1551 2546; x_wconf 89' lang='lat' dir='ltr'>te</span> <span class='ocrx_word' id='word_1_264' title='bbox 1577 2501 1643 2547; x_wconf 81' lang='lat' dir='ltr'>esse</span> <span class='ocrx_word' id='word_1_265' title='bbox 1667 2482 1815 2565; x_wconf 74' lang='lat' dir='ltr'>sadonis</span> <span class='ocrx_word' id='word_1_266' title='bbox 1843 2483 1875 2547; x_wconf 78' lang='grc'>51</span> <span class='ocrx_word' id='word_1_267' title='bbox 1902 2502 1973 2548; x_wconf 86' lang='lat' dir='ltr'>cum</span> <span class='ocrx_word' id='word_1_268' title='bbox 1992 2502 2026 2548; x_wconf 94' lang='lat' dir='ltr'>eo</span> <span class='ocrx_word' id='word_1_269' title='bbox 2046 2482 2166 2547; x_wconf 79' lang='grc'><strong>5551155</strong></span> 
     </span>
     <span class='ocr_line' id='line_1_21' title="bbox 161 2573 2163 2679; baseline 0 -22"><span class='ocrx_word' id='word_1_270' title='bbox 161 2591 216 2657; x_wconf 85' lang='lat' dir='ltr'>cui</span> <span class='ocrx_word' id='word_1_271' title='bbox 234 2591 572 2675; x_wconf 74' lang='lat' dir='ltr'>manimedieplicebit</span> <span class='ocrx_word' id='word_1_272' title='bbox 603 2592 703 2678; x_wconf 87' lang='lat' dir='ltr'>(Epp.</span> <span class='ocrx_word' id='word_1_273' title='bbox 726 2590 776 2658; x_wconf 88' lang='lat' dir='ltr'>od.</span> <span class='ocrx_word' id='word_1_274' title='bbox 800 2573 926 2659; x_wconf 74' lang='lat' dir='ltr'>Gener.</span> <span class='ocrx_word' id='word_1_275' title='bbox 948 2614 1023 2678; x_wconf 94' lang='lat' dir='ltr'>pag.</span> <span class='ocrx_word' id='word_1_276' title='bbox 1048 2597 1109 2656; x_wconf 88' lang='grc'>255</span> <span class='ocrx_word' id='word_1_277' title='bbox 1116 2616 1124 2672; x_wconf 90' lang='grc'><strong>;</strong></span> <span class='ocrx_word' id='word_1_278' title='bbox 1148 2591 1197 2658; x_wconf 87' lang='lat' dir='ltr'>ed</span> <span class='ocrx_word' id='word_1_279' title='bbox 1219 2592 1320 2660; x_wconf 88' lang='lat' dir='ltr'>Laus.</span> <span class='ocrx_word' id='word_1_280' title='bbox 1343 2612 1417 2677; x_wconf 87' lang='lat' dir='ltr'>pag.</span> <span class='ocrx_word' id='word_1_281' title='bbox 1442 2595 1519 2674; x_wconf 81' lang='lat'>531;</span> <span class='ocrx_word' id='word_1_282' title='bbox 1541 2592 1589 2658; x_wconf 91' lang='lat' dir='ltr'>ed.</span> <span class='ocrx_word' id='word_1_283' title='bbox 1613 2593 1743 2660; x_wconf 86' lang='lat' dir='ltr'>Hanov.</span> <span class='ocrx_word' id='word_1_284' title='bbox 1766 2615 1838 2679; x_wconf 86' lang='lat' dir='ltr'>pag.</span> <span class='ocrx_word' id='word_1_285' title='bbox 1862 2598 1933 2674; x_wconf 73' lang='grc'><strong>597,</strong></span> <span class='ocrx_word' id='word_1_286' title='bbox 1952 2591 2002 2659; x_wconf 88' lang='lat' dir='ltr'>ed</span> <span class='ocrx_word' id='word_1_287' title='bbox 2026 2591 2163 2659; x_wconf 82' lang='lat' dir='ltr'>Ohouot</span> 
     </span>
     <span class='ocr_line' id='line_1_22' title="bbox 161 2684 744 2789; baseline 0.003 -22"><span class='ocrx_word' id='word_1_288' title='bbox 161 2723 235 2788; x_wconf 88' lang='lat' dir='ltr'>pag.</span> <span class='ocrx_word' id='word_1_289' title='bbox 257 2707 336 2784; x_wconf 78' lang='lat'>3503</span> <span class='ocrx_word' id='word_1_290' title='bbox 359 2701 408 2769; x_wconf 88' lang='lat' dir='ltr'>ed.</span> <span class='ocrx_word' id='word_1_291' title='bbox 430 2684 537 2769; x_wconf 80' lang='lat' dir='ltr'>Amet</span> <span class='ocrx_word' id='word_1_292' title='bbox 558 2724 632 2788; x_wconf 87' lang='lat' dir='ltr'>pag.</span> <span class='ocrx_word' id='word_1_293' title='bbox 659 2706 744 2789; x_wconf 86' lang='grc'><strong>159).</strong></span> 
     </span>
    </p>

    <p class='ocr_par' dir='ltr' id='par_1_5' title="bbox 159 2798 2164 3011">
     <span class='ocr_line' id='line_1_23' title="bbox 315 2798 2164 2900; baseline 0.002 -19"><span class='ocrx_word' id='word_1_294' title='bbox 315 2814 491 2882; x_wconf 84' lang='lat' dir='ltr'>Rarissimi</span> <span class='ocrx_word' id='word_1_295' title='bbox 512 2815 660 2899; x_wconf 92' lang='lat' dir='ltr'>opusculi</span> <span class='ocrx_word' id='word_1_296' title='bbox 681 2815 850 2900; x_wconf 87' lang='lat' dir='ltr'>exemplar</span> <span class='ocrx_word' id='word_1_297' title='bbox 871 2816 966 2882; x_wconf 90' lang='lat' dir='ltr'>nobis</span> <span class='ocrx_word' id='word_1_298' title='bbox 985 2815 1027 2882; x_wconf 89' lang='lat' dir='ltr'>ad</span> <span class='ocrx_word' id='word_1_299' title='bbox 1055 2838 1173 2883; x_wconf 89' lang='lat' dir='ltr'>manus</span> <span class='ocrx_word' id='word_1_300' title='bbox 1194 2816 1257 2882; x_wconf 85' lang='lat' dir='ltr'>fuit</span> <span class='ocrx_word' id='word_1_301' title='bbox 1278 2838 1320 2882; x_wconf 82' lang='lat' dir='ltr'>ex</span> <span class='ocrx_word' id='word_1_302' title='bbox 1348 2798 1545 2883; x_wconf 85' lang='lat' dir='ltr'>bibliotheca</span> <span class='ocrx_word' id='word_1_303' title='bbox 1566 2819 1824 2883; x_wconf 85' lang='lat' dir='ltr'>Armamentarii</span> <span class='ocrx_word' id='word_1_304' title='bbox 1845 2817 2052 2884; x_wconf 85' lang='lat' dir='ltr'>Parisiensis.</span> <span class='ocrx_word' id='word_1_305' title='bbox 2097 2816 2164 2884; x_wconf 87' lang='lat' dir='ltr'>No·</span> 
     </span>
     <span class='ocr_line' id='line_1_24' title="bbox 159 2916 2126 3011; baseline 0.001 -20"><span class='ocrx_word' id='word_1_306' title='bbox 159 2947 237 2993; x_wconf 89' lang='lat' dir='ltr'>men</span> <span class='ocrx_word' id='word_1_307' title='bbox 259 2924 392 2994; x_wconf 82' lang='lat' dir='ltr'>Onlrini</span> <span class='ocrx_word' id='word_1_308' title='bbox 414 2926 539 2993; x_wconf 80' lang='grc'><strong>5515115</strong></span> <span class='ocrx_word' id='word_1_309' title='bbox 560 2926 597 2991; x_wconf 93' lang='lat' dir='ltr'>in</span> <span class='ocrx_word' id='word_1_310' title='bbox 619 2926 715 2992; x_wconf 90' lang='lat' dir='ltr'>titulo</span> <span class='ocrx_word' id='word_1_311' title='bbox 737 2935 872 3006; x_wconf 83' lang='lat' dir='ltr'>tacetur,</span> <span class='ocrx_word' id='word_1_312' title='bbox 896 2929 952 3011; x_wconf 90' lang='lat' dir='ltr'>qui</span> <span class='ocrx_word' id='word_1_313' title='bbox 974 2929 1020 2996; x_wconf 91' lang='lat' dir='ltr'>sio</span> <span class='ocrx_word' id='word_1_314' title='bbox 1042 2926 1201 2994; x_wconf 84' lang='lat' dir='ltr'>decurrit:</span> <span class='ocrx_word' id='word_1_315' title='bbox 2124 2916 2126 2921; x_wconf 28' lang='lat'>⁸</span> 
     </span>
    </p>

    <p class='ocr_par' dir='ltr' id='par_1_6' title="bbox 159 3026 2164 3238">
     <span class='ocr_line' id='line_1_25' title="bbox 325 3026 2164 3139; baseline 0.001 -36"><span class='ocrx_word' id='word_1_316' title='bbox 325 3047 525 3104; x_wconf 80' lang='grc'><strong>5115151515</strong></span> <span class='ocrx_word' id='word_1_317' title='bbox 551 3027 662 3123; x_wconf 63' lang='lat' dir='ltr'>&#39;AD</span> <span class='ocrx_word' id='word_1_318' title='bbox 703 3026 910 3112; x_wconf 74' lang='grc'><strong>7151161-</strong></span> <span class='ocrx_word' id='word_1_319' title='bbox 952 3033 959 3139; x_wconf 79' lang='grc'><strong>)</strong></span> <span class='ocrx_word' id='word_1_320' title='bbox 985 3041 1180 3107; x_wconf 77' lang='lat' dir='ltr'>Peneum</span> <span class='ocrx_word' id='word_1_321' title='bbox 1200 3038 1344 3122; x_wconf 76' lang='lat' dir='ltr'>evna-</span> <span class='ocrx_word' id='word_1_322' title='bbox 1363 3042 1369 3125; x_wconf 72' lang='grc'><strong>)</strong></span> <span class='ocrx_word' id='word_1_323' title='bbox 1387 3036 1463 3106; x_wconf 72' lang='lat' dir='ltr'>aaa</span> <span class='ocrx_word' id='word_1_324' title='bbox 1482 3040 1714 3124; x_wconf 62' lang='lat' dir='ltr'>maceres!</span> <span class='ocrx_word' id='word_1_325' title='bbox 1741 3038 1809 3122; x_wconf 77' lang='lat' dir='ltr'>oui</span> <span class='ocrx_word' id='word_1_326' title='bbox 1836 3040 2029 3125; x_wconf 76' lang='lat' dir='ltr'>pacificandi</span> <span class='ocrx_word' id='word_1_327' title='bbox 2057 3041 2164 3124; x_wconf 71' lang='lat' dir='ltr'>spese</span> 
     </span>
     <span class='ocr_line' id='line_1_26' title="bbox 159 3149 2163 3238; baseline 0.001 -23"><span class='ocrx_word' id='word_1_328' title='bbox 159 3149 235 3234; x_wconf 76' lang='grc'>15)</span> <span class='ocrx_word' id='word_1_329' title='bbox 255 3157 347 3217; x_wconf 88' lang='lat' dir='ltr'>ctam</span> <span class='ocrx_word' id='word_1_330' title='bbox 369 3149 545 3235; x_wconf 87' lang='lat' dir='ltr'>Euangelii</span> <span class='ocrx_word' id='word_1_331' title='bbox 567 3171 700 3216; x_wconf 86' lang='lat' dir='ltr'>cursum</span> <span class='ocrx_word' id='word_1_332' title='bbox 718 3149 724 3238; x_wconf 83' lang='grc' dir='ltr'>Ι</span> <span class='ocrx_word' id='word_1_333' title='bbox 742 3151 778 3216; x_wconf 90' lang='lat' dir='ltr'>in</span> <span class='ocrx_word' id='word_1_334' title='bbox 798 3151 911 3218; x_wconf 81' lang='lat' dir='ltr'>Gallia</span> <span class='ocrx_word' id='word_1_335' title='bbox 931 3151 1128 3237; x_wconf 89' lang='lat' dir='ltr'>abrumpere</span> <span class='ocrx_word' id='word_1_336' title='bbox 1155 3174 1224 3219; x_wconf 93' lang='lat' dir='ltr'>mo·</span> <span class='ocrx_word' id='word_1_337' title='bbox 1245 3153 1250 3237; x_wconf 76' lang='grc' dir='ltr'>Ι</span> <span class='ocrx_word' id='word_1_338' title='bbox 1268 3152 1347 3218; x_wconf 90' lang='lat' dir='ltr'>litus</span> <span class='ocrx_word' id='word_1_339' title='bbox 1368 3151 1908 3234; x_wconf 70' lang='lat' dir='ltr'>ostltrve10.0e1se1rtvu.t</span> <span class='ocrx_word' id='word_1_340' title='bbox 1931 3151 1978 3217; x_wconf 78' lang='grc' dir='ltr'>Μ.</span> <span class='ocrx_word' id='word_1_341' title='bbox 2002 3153 2043 3218; x_wconf 92' lang='grc' dir='ltr'>Ι).</span> <span class='ocrx_word' id='word_1_342' title='bbox 2066 3151 2163 3218; x_wconf 77' lang='lat' dir='ltr'>LXL</span> 
     </span>
    </p>

    <p class='ocr_par' dir='ltr' id='par_1_7' title="bbox 313 3252 2165 3359">
     <span class='ocr_line' id='line_1_27' title="bbox 313 3252 2165 3359; baseline 0 -32"><span class='ocrx_word' id='word_1_343' title='bbox 313 3262 437 3343; x_wconf 83' lang='lat' dir='ltr'>Forma</span> <span class='ocrx_word' id='word_1_344' title='bbox 458 3263 625 3330; x_wconf 84' lang='lat' dir='ltr'>octonaria</span> <span class='ocrx_word' id='word_1_345' title='bbox 646 3264 793 3330; x_wconf 80' lang='lat' dir='ltr'>minima.</span> <span class='ocrx_word' id='word_1_346' title='bbox 839 3262 1079 3346; x_wconf 81' lang='lat' dir='ltr'>Quaternionca</span> <span class='ocrx_word' id='word_1_347' title='bbox 1100 3284 1219 3331; x_wconf 85' lang='lat' dir='ltr'>norem</span> <span class='ocrx_word' id='word_1_348' title='bbox 1237 3261 1350 3359; x_wconf 6' lang='lat' dir='ltr'>(ax-i).</span> <span class='ocrx_word' id='word_1_349' title='bbox 1386 3261 1534 3348; x_wconf 90' lang='lat' dir='ltr'>Paginae</span> <span class='ocrx_word' id='word_1_350' title='bbox 1554 3272 1746 3330; x_wconf 82' lang='lat' dir='ltr'>numeratae</span> <span class='ocrx_word' id='word_1_351' title='bbox 1771 3268 1841 3329; x_wconf 84' lang='lat'>144.</span> <span class='ocrx_word' id='word_1_352' title='bbox 1886 3265 1990 3350; x_wconf 70' lang='lat' dir='ltr'>Typis</span> <span class='ocrx_word' id='word_1_353' title='bbox 2011 3252 2165 3349; x_wconf 85' lang='lat' dir='ltr'>grandio-</span> 
     </span>
    </p>
   </div>
   <div class='ocr_carea' id='block_1_4' title="bbox 40 3348 2165 3461">
    <p class='ocr_par' dir='ltr' id='par_1_8' title="bbox 40 3348 2165 3461">
     <span class='ocr_line' id='line_1_28' title="bbox 40 3348 2165 3461; baseline 0.001 -25"><span class='ocrx_word' id='word_1_354' title='bbox 40 3348 46 3369; x_wconf 72' lang='grc'><strong>’</strong></span> <span class='ocrx_word' id='word_1_355' title='bbox 159 3371 249 3440; x_wconf 87' lang='lat' dir='ltr'>ribus</span> <span class='ocrx_word' id='word_1_356' title='bbox 277 3375 416 3442; x_wconf 78' lang='grc'><strong>55151515</strong></span> <span class='ocrx_word' id='word_1_357' title='bbox 447 3372 551 3440; x_wconf 89' lang='lat' dir='ltr'>nitide</span> <span class='ocrx_word' id='word_1_358' title='bbox 582 3394 757 3458; x_wconf 86' lang='lat' dir='ltr'>expressus</span> <span class='ocrx_word' id='word_1_359' title='bbox 788 3375 929 3442; x_wconf 86' lang='lat' dir='ltr'>libellus.</span> <span class='ocrx_word' id='word_1_360' title='bbox 972 3375 1121 3442; x_wconf 75' lang='lat' dir='ltr'>Recusm</span> <span class='ocrx_word' id='word_1_361' title='bbox 1153 3377 1274 3461; x_wconf 89' lang='lat' dir='ltr'>legitur</span> <span class='ocrx_word' id='word_1_362' title='bbox 1305 3377 1341 3441; x_wconf 93' lang='lat' dir='ltr'>in</span> <span class='ocrx_word' id='word_1_363' title='bbox 1362 3374 1571 3442; x_wconf 75' lang='lat' dir='ltr'>&#39;l&#39;raatatibus</span> <span class='ocrx_word' id='word_1_364' title='bbox 1594 3374 1720 3443; x_wconf 85' lang='lat' dir='ltr'>Gener.</span> <span class='ocrx_word' id='word_1_365' title='bbox 1754 3379 1836 3440; x_wconf 87' lang='grc'><strong>1576</strong></span> <span class='ocrx_word' id='word_1_366' title='bbox 1864 3396 1937 3460; x_wconf 85' lang='lat' dir='ltr'>pag.</span> <span class='ocrx_word' id='word_1_367' title='bbox 1971 3378 2165 3455; x_wconf 74' lang='lat' dir='ltr'>aee-5063</span> 
     </span>
    </p>
   </div>
   <div class='ocr_carea' id='block_1_5' title="bbox 156 3473 2173 5258">
    <p class='ocr_par' dir='ltr' id='par_1_9' title="bbox 156 3473 2173 4781">
     <span class='ocr_line' id='line_1_29' title="bbox 156 3473 2160 3573; baseline 0.001 -23"><span class='ocrx_word' id='word_1_368' title='bbox 156 3482 209 3550; x_wconf 88' lang='lat' dir='ltr'>ed.</span> <span class='ocrx_word' id='word_1_369' title='bbox 237 3489 321 3550; x_wconf 89' lang='grc'><strong>1597</strong></span> <span class='ocrx_word' id='word_1_370' title='bbox 354 3506 429 3570; x_wconf 88' lang='lat' dir='ltr'>pag.</span> <span class='ocrx_word' id='word_1_371' title='bbox 452 3488 640 3566; x_wconf 77' lang='lat' dir='ltr'>coe-4233</span> <span class='ocrx_word' id='word_1_372' title='bbox 673 3485 722 3553; x_wconf 92' lang='lat' dir='ltr'>ed.</span> <span class='ocrx_word' id='word_1_373' title='bbox 749 3491 827 3552; x_wconf 89' lang='grc'><strong>1611</strong></span> <span class='ocrx_word' id='word_1_374' title='bbox 861 3507 936 3573; x_wconf 88' lang='lat' dir='ltr'>pag.</span> <span class='ocrx_word' id='word_1_375' title='bbox 964 3473 1148 3568; x_wconf 76' lang='lat' dir='ltr'>cel-3643</span> <span class='ocrx_word' id='word_1_376' title='bbox 1176 3487 1226 3553; x_wconf 91' lang='lat' dir='ltr'>ed.</span> <span class='ocrx_word' id='word_1_377' title='bbox 1247 3488 1353 3555; x_wconf 72' lang='lat' dir='ltr'>Amet</span> <span class='ocrx_word' id='word_1_378' title='bbox 1386 3508 1460 3572; x_wconf 88' lang='lat' dir='ltr'>pag.</span> <span class='ocrx_word' id='word_1_379' title='bbox 1489 3489 1667 3554; x_wconf 75' lang='lat' dir='ltr'>aot-314.</span> <span class='ocrx_word' id='word_1_380' title='bbox 1729 3487 1859 3554; x_wconf 84' lang='lat' dir='ltr'>Gallica</span> <span class='ocrx_word' id='word_1_381' title='bbox 1890 3488 1998 3554; x_wconf 84' lang='lat' dir='ltr'>versio</span> <span class='ocrx_word' id='word_1_382' title='bbox 2026 3506 2160 3571; x_wconf 86' lang='lat' dir='ltr'>separa-</span> 
     </span>
     <span class='ocr_line' id='line_1_30' title="bbox 157 3596 2161 3685; baseline 0.002 -24"><span class='ocrx_word' id='word_1_383' title='bbox 157 3596 219 3683; x_wconf 83' lang='lat' dir='ltr'>tim</span> <span class='ocrx_word' id='word_1_384' title='bbox 262 3616 384 3662; x_wconf 66' lang='lat' dir='ltr'>mansa</span> <span class='ocrx_word' id='word_1_385' title='bbox 415 3596 509 3662; x_wconf 91' lang='lat' dir='ltr'>nulla</span> <span class='ocrx_word' id='word_1_386' title='bbox 544 3597 680 3680; x_wconf 90' lang='lat' dir='ltr'>prodiit;</span> <span class='ocrx_word' id='word_1_387' title='bbox 720 3598 860 3666; x_wconf 89' lang='lat' dir='ltr'>habetur</span> <span class='ocrx_word' id='word_1_388' title='bbox 894 3599 929 3665; x_wconf 94' lang='lat' dir='ltr'>in</span> <span class='ocrx_word' id='word_1_389' title='bbox 966 3620 1100 3685; x_wconf 91' lang='lat' dir='ltr'>corpore</span> <span class='ocrx_word' id='word_1_390' title='bbox 1133 3598 1375 3685; x_wconf 90' lang='lat' dir='ltr'>Opusculorum</span> <span class='ocrx_word' id='word_1_391' title='bbox 1412 3602 1492 3663; x_wconf 90' lang='grc'><strong>1566</strong></span> <span class='ocrx_word' id='word_1_392' title='bbox 1532 3621 1605 3685; x_wconf 87' lang='lat' dir='ltr'>pag.</span> <span class='ocrx_word' id='word_1_393' title='bbox 1642 3604 1864 3665; x_wconf 84' lang='grc'><strong>1885-1918</strong></span> <span class='ocrx_word' id='word_1_394' title='bbox 1905 3608 1938 3663; x_wconf 91' lang='grc'>51</span> <span class='ocrx_word' id='word_1_395' title='bbox 1973 3602 2052 3663; x_wconf 92' lang='grc'><strong>1611</strong></span> <span class='ocrx_word' id='word_1_396' title='bbox 2086 3619 2161 3683; x_wconf 91' lang='lat' dir='ltr'>pag.</span> 
     </span>
     <span class='ocr_line' id='line_1_31' title="bbox 158 3710 2151 3774; baseline 0 -2"><span class='ocrx_word' id='word_1_397' title='bbox 158 3710 382 3774; x_wconf 77' lang='lat' dir='ltr'>alto-2214.</span> <span class='ocrx_word' id='word_1_398' title='bbox 2148 3720 2151 3727; x_wconf 58' lang='lat'><strong>⁴</strong></span> 
     </span>
     <span class='ocr_line' id='line_1_32' title="bbox 171 3820 2162 3910; baseline 0.002 -24"><span class='ocrx_word' id='word_1_399' title='bbox 171 3885 175 3893; x_wconf 82' lang='grc'><strong>,</strong></span> <span class='ocrx_word' id='word_1_400' title='bbox 314 3820 499 3888; x_wconf 86' lang='lat' dir='ltr'>Balduinus</span> <span class='ocrx_word' id='word_1_401' title='bbox 519 3821 605 3886; x_wconf 89' lang='lat' dir='ltr'>nihil</span> <span class='ocrx_word' id='word_1_402' title='bbox 626 3829 773 3889; x_wconf 87' lang='lat' dir='ltr'>moratus</span> <span class='ocrx_word' id='word_1_403' title='bbox 796 3824 898 3888; x_wconf 90' lang='lat' dir='ltr'>telum</span> <span class='ocrx_word' id='word_1_404' title='bbox 914 3824 950 3889; x_wconf 93' lang='lat' dir='ltr'>in</span> <span class='ocrx_word' id='word_1_405' title='bbox 971 3824 1099 3890; x_wconf 86' lang='lat' dir='ltr'>hostem</span> <span class='ocrx_word' id='word_1_406' title='bbox 1121 3825 1255 3890; x_wconf 88' lang='grc'><strong>15151511</strong></span> <span class='ocrx_word' id='word_1_407' title='bbox 1276 3845 1337 3890; x_wconf 89' lang='lat' dir='ltr'>nee</span> <span class='ocrx_word' id='word_1_408' title='bbox 1359 3825 1430 3890; x_wconf 91' lang='lat' dir='ltr'>sine</span> <span class='ocrx_word' id='word_1_409' title='bbox 1453 3824 1561 3910; x_wconf 89' lang='lat' dir='ltr'>aliqua</span> <span class='ocrx_word' id='word_1_410' title='bbox 1581 3824 1663 3889; x_wconf 88' lang='lat' dir='ltr'>iuris</span> <span class='ocrx_word' id='word_1_411' title='bbox 1685 3824 1801 3907; x_wconf 84' lang='lat' dir='ltr'>specie,</span> <span class='ocrx_word' id='word_1_412' title='bbox 1831 3824 1950 3908; x_wconf 92' lang='lat' dir='ltr'>quippo</span> <span class='ocrx_word' id='word_1_413' title='bbox 1972 3824 2028 3906; x_wconf 90' lang='lat' dir='ltr'>qai</span> <span class='ocrx_word' id='word_1_414' title='bbox 2048 3843 2084 3888; x_wconf 89' lang='grc'>55</span> <span class='ocrx_word' id='word_1_415' title='bbox 2103 3843 2162 3889; x_wconf 89' lang='lat' dir='ltr'>au·</span> 
     </span>
     <span class='ocr_line' id='line_1_33' title="bbox 159 3919 2163 4022; baseline 0.001 -23"><span class='ocrx_word' id='word_1_416' title='bbox 159 3942 264 3999; x_wconf 88' lang='lat' dir='ltr'>torem</span> <span class='ocrx_word' id='word_1_417' title='bbox 285 3931 376 3999; x_wconf 90' lang='lat' dir='ltr'>illius</span> <span class='ocrx_word' id='word_1_418' title='bbox 397 3933 516 4016; x_wconf 90' lang='lat' dir='ltr'>prioris</span> <span class='ocrx_word' id='word_1_419' title='bbox 536 3933 613 4000; x_wconf 90' lang='lat' dir='ltr'>libri</span> <span class='ocrx_word' id='word_1_420' title='bbox 634 3934 737 4007; x_wconf 84' lang='lat' dir='ltr'>fuisse</span> <span class='ocrx_word' id='word_1_421' title='bbox 756 3928 937 4018; x_wconf 77' lang='lat' dir='ltr'>praefracte</span> <span class='ocrx_word' id='word_1_422' title='bbox 956 3955 1080 4021; x_wconf 86' lang='lat' dir='ltr'>negare</span> <span class='ocrx_word' id='word_1_423' title='bbox 1100 3919 1253 4022; x_wconf 82' lang='lat' dir='ltr'>potuerit</span> <span class='ocrx_word' id='word_1_424' title='bbox 1296 3935 1371 4001; x_wconf 92' lang='lat' dir='ltr'>Iam</span> <span class='ocrx_word' id='word_1_425' title='bbox 1392 3935 1510 4002; x_wconf 87' lang='lat' dir='ltr'>accidit</span> <span class='ocrx_word' id='word_1_426' title='bbox 1531 3943 1569 4002; x_wconf 90' lang='lat' dir='ltr'>ut</span> <span class='ocrx_word' id='word_1_427' title='bbox 1590 3937 1669 4019; x_wconf 90' lang='lat' dir='ltr'>ipae,</span> <span class='ocrx_word' id='word_1_428' title='bbox 1691 3934 1899 4018; x_wconf 88' lang='lat' dir='ltr'>caeteroquin</span> <span class='ocrx_word' id='word_1_429' title='bbox 1927 3934 2089 4001; x_wconf 89' lang='lat' dir='ltr'>librorum</span> <span class='ocrx_word' id='word_1_430' title='bbox 2111 3935 2163 4001; x_wconf 89' lang='lat' dir='ltr'>iu·</span> 
     </span>
     <span class='ocr_line' id='line_1_34' title="bbox 160 4043 2173 4134; baseline 0 -24"><span class='ocrx_word' id='word_1_431' title='bbox 160 4043 338 4112; x_wconf 89' lang='lat' dir='ltr'>ridioorum</span> <span class='ocrx_word' id='word_1_432' title='bbox 358 4045 439 4110; x_wconf 90' lang='lat' dir='ltr'>satis</span> <span class='ocrx_word' id='word_1_433' title='bbox 459 4044 638 4113; x_wconf 84' lang='lat' dir='ltr'>foecundus</span> <span class='ocrx_word' id='word_1_434' title='bbox 660 4047 799 4132; x_wconf 90' lang='lat' dir='ltr'>scriptor</span> <span class='ocrx_word' id='word_1_435' title='bbox 820 4046 975 4132; x_wconf 88' lang='lat' dir='ltr'>(quorum</span> <span class='ocrx_word' id='word_1_436' title='bbox 997 4048 1183 4134; x_wconf 82' lang='lat' dir='ltr'>catalogum</span> <span class='ocrx_word' id='word_1_437' title='bbox 1200 4046 1265 4113; x_wconf 80' lang='lat' dir='ltr'>tibi</span> <span class='ocrx_word' id='word_1_438' title='bbox 1281 4046 1451 4132; x_wconf 91' lang='lat' dir='ltr'>praebebit</span> <span class='ocrx_word' id='word_1_439' title='bbox 1470 4046 1644 4114; x_wconf 91' lang='lat' dir='ltr'>Niceronis</span> <span class='ocrx_word' id='word_1_440' title='bbox 1661 4065 1744 4129; x_wconf 91' lang='lat' dir='ltr'>opus</span> <span class='ocrx_word' id='word_1_441' title='bbox 1765 4044 1851 4128; x_wconf 93' lang='lat' dir='ltr'>quod</span> <span class='ocrx_word' id='word_1_442' title='bbox 1867 4046 2072 4113; x_wconf 88' lang='lat' dir='ltr'>inscribitur:</span> <span class='ocrx_word' id='word_1_443' title='bbox 2096 4045 2173 4110; x_wconf 72' lang='lat' dir='ltr'>Me</span> 
     </span>
     <span class='ocr_line' id='line_1_35' title="bbox 160 4156 2165 4243; baseline 0.001 -23"><span class='ocrx_word' id='word_1_444' title='bbox 160 4157 277 4223; x_wconf 77' lang='lat' dir='ltr'>moires</span> <span class='ocrx_word' id='word_1_445' title='bbox 293 4175 380 4238; x_wconf 85' lang='lat' dir='ltr'>pour</span> <span class='ocrx_word' id='word_1_446' title='bbox 400 4157 502 4222; x_wconf 84' lang='lat' dir='ltr'>seroir</span> <span class='ocrx_word' id='word_1_447' title='bbox 524 4156 546 4221; x_wconf 86' lang='grc' dir='ltr'>ὰ</span> <span class='ocrx_word' id='word_1_448' title='bbox 565 4156 715 4223; x_wconf 74' lang='lat' dir='ltr'>lbidoire</span> <span class='ocrx_word' id='word_1_449' title='bbox 735 4159 790 4225; x_wconf 83' lang='lat' dir='ltr'>dee</span> <span class='ocrx_word' id='word_1_450' title='bbox 806 4157 941 4225; x_wconf 82' lang='lat' dir='ltr'>bemmea</span> <span class='ocrx_word' id='word_1_451' title='bbox 961 4159 1110 4226; x_wconf 64' lang='lat' dir='ltr'>ullu-drea.</span> <span class='ocrx_word' id='word_1_452' title='bbox 1155 4160 1247 4225; x_wconf 69' lang='lat' dir='ltr'>[lom.</span> <span class='ocrx_word' id='word_1_453' title='bbox 1271 4163 1321 4223; x_wconf 86' lang='lat'>28.</span> <span class='ocrx_word' id='word_1_454' title='bbox 1355 4159 1460 4225; x_wconf 88' lang='lat' dir='ltr'>Paris.</span> <span class='ocrx_word' id='word_1_455' title='bbox 1487 4161 1567 4223; x_wconf 81' lang='grc'><strong>1734</strong></span> <span class='ocrx_word' id='word_1_456' title='bbox 1590 4178 1664 4243; x_wconf 88' lang='lat' dir='ltr'>pag.</span> <span class='ocrx_word' id='word_1_457' title='bbox 1688 4157 1777 4241; x_wconf 80' lang='grc'><strong>255),</strong></span> <span class='ocrx_word' id='word_1_458' title='bbox 1799 4157 1926 4241; x_wconf 87' lang='lat' dir='ltr'>pridem</span> <span class='ocrx_word' id='word_1_459' title='bbox 1948 4178 2165 4242; x_wconf 85' lang='lat' dir='ltr'>praeparave-</span> 
     </span>
     <span class='ocr_line' id='line_1_36' title="bbox 159 4262 2164 4355; baseline 0.001 -23"><span class='ocrx_word' id='word_1_460' title='bbox 159 4267 207 4332; x_wconf 88' lang='lat' dir='ltr'>rit</span> <span class='ocrx_word' id='word_1_461' title='bbox 226 4266 369 4334; x_wconf 90' lang='lat' dir='ltr'>necdum</span> <span class='ocrx_word' id='word_1_462' title='bbox 390 4268 479 4353; x_wconf 83' lang='lat' dir='ltr'>typis</span> <span class='ocrx_word' id='word_1_463' title='bbox 500 4267 689 4353; x_wconf 80' lang='lat' dir='ltr'>vulgaverit</span> <span class='ocrx_word' id='word_1_464' title='bbox 710 4268 766 4337; x_wconf 74' lang='lat' dir='ltr'>Aa</span> <span class='ocrx_word' id='word_1_465' title='bbox 787 4270 866 4354; x_wconf 73' lang='lat' dir='ltr'>leges</span> <span class='ocrx_word' id='word_1_466' title='bbox 886 4272 926 4339; x_wconf 90' lang='lat' dir='ltr'>de</span> <span class='ocrx_word' id='word_1_467' title='bbox 944 4272 1080 4355; x_wconf 69' lang='lat' dir='ltr'>{amosis</span> <span class='ocrx_word' id='word_1_468' title='bbox 1096 4269 1213 4338; x_wconf 73' lang='lat' dir='ltr'>lebedia</span> <span class='ocrx_word' id='word_1_469' title='bbox 1234 4276 1262 4337; x_wconf 84' lang='lat' dir='ltr'>et</span> <span class='ocrx_word' id='word_1_470' title='bbox 1282 4262 1320 4336; x_wconf 87' lang='lat' dir='ltr'>dc</span> <span class='ocrx_word' id='word_1_471' title='bbox 1348 4269 1627 4337; x_wconf 62' lang='lat' dir='ltr'>calumniatoribus</span> <span class='ocrx_word' id='word_1_472' title='bbox 1653 4269 1918 4349; x_wconf 79' lang='lat' dir='ltr'>commentarium,</span> <span class='ocrx_word' id='word_1_473' title='bbox 1950 4268 1990 4334; x_wconf 89' lang='lat' dir='ltr'>de</span> <span class='ocrx_word' id='word_1_474' title='bbox 2012 4290 2075 4354; x_wconf 91' lang='lat' dir='ltr'>quo</span> <span class='ocrx_word' id='word_1_475' title='bbox 2096 4269 2164 4334; x_wconf 91' lang='lat' dir='ltr'>iam</span> 
     </span>
     <span class='ocr_line' id='line_1_37' title="bbox 159 4368 2159 4465; baseline -0.001 -21"><span class='ocrx_word' id='word_1_476' title='bbox 159 4383 362 4457; x_wconf 70' lang='grc'><strong>5111151557</strong></span> <span class='ocrx_word' id='word_1_477' title='bbox 391 4380 600 4464; x_wconf 86' lang='lat' dir='ltr'>privilegium</span> <span class='ocrx_word' id='word_1_478' title='bbox 626 4381 715 4465; x_wconf 88' lang='lat' dir='ltr'>regis</span> <span class='ocrx_word' id='word_1_479' title='bbox 743 4382 807 4449; x_wconf 92' lang='lat' dir='ltr'>sibi</span> <span class='ocrx_word' id='word_1_480' title='bbox 835 4381 1080 4449; x_wconf 86' lang='lat' dir='ltr'>eoncedendum</span> <span class='ocrx_word' id='word_1_481' title='bbox 1111 4393 1293 4449; x_wconf 85' lang='lat' dir='ltr'>curaverat.</span> <span class='ocrx_word' id='word_1_482' title='bbox 1343 4383 1442 4448; x_wconf 90' lang='lat' dir='ltr'>Hune</span> <span class='ocrx_word' id='word_1_483' title='bbox 1469 4381 1740 4447; x_wconf 88' lang='lat' dir='ltr'>commentarium</span> <span class='ocrx_word' id='word_1_484' title='bbox 1767 4393 1926 4465; x_wconf 86' lang='lat' dir='ltr'>vergente</span> <span class='ocrx_word' id='word_1_485' title='bbox 1958 4402 2044 4446; x_wconf 90' lang='lat' dir='ltr'>anno</span> <span class='ocrx_word' id='word_1_486' title='bbox 2081 4368 2159 4443; x_wconf 91' lang='grc'><strong>1561</strong></span> 
     </span>
     <span class='ocr_line' id='line_1_38' title="bbox 158 4489 2164 4577; baseline 0 -22"><span class='ocrx_word' id='word_1_487' title='bbox 158 4491 356 4557; x_wconf 81' lang='lat' dir='ltr'>festinanter</span> <span class='ocrx_word' id='word_1_488' title='bbox 376 4492 467 4575; x_wconf 91' lang='lat' dir='ltr'>prelo</span> <span class='ocrx_word' id='word_1_489' title='bbox 495 4492 646 4559; x_wconf 91' lang='lat' dir='ltr'>submisit</span> <span class='ocrx_word' id='word_1_490' title='bbox 666 4499 700 4559; x_wconf 90' lang='lat' dir='ltr'>et</span> <span class='ocrx_word' id='word_1_491' title='bbox 720 4493 896 4576; x_wconf 87' lang='lat' dir='ltr'>optabilem</span> <span class='ocrx_word' id='word_1_492' title='bbox 917 4495 1118 4561; x_wconf 88' lang='lat' dir='ltr'>occasionem</span> <span class='ocrx_word' id='word_1_493' title='bbox 1146 4502 1264 4562; x_wconf 89' lang='lat' dir='ltr'>nactus</span> <span class='ocrx_word' id='word_1_494' title='bbox 1284 4494 1426 4561; x_wconf 77' lang='lat' dir='ltr'>Calvino</span> <span class='ocrx_word' id='word_1_495' title='bbox 1458 4491 1569 4558; x_wconf 88' lang='lat' dir='ltr'>addita</span> <span class='ocrx_word' id='word_1_496' title='bbox 1590 4490 1768 4577; x_wconf 87' lang='lat' dir='ltr'>appendice</span> <span class='ocrx_word' id='word_1_497' title='bbox 1793 4493 1865 4576; x_wconf 89' lang='lat' dir='ltr'>pari</span> <span class='ocrx_word' id='word_1_498' title='bbox 1893 4512 1954 4575; x_wconf 90' lang='lat' dir='ltr'>par</span> <span class='ocrx_word' id='word_1_499' title='bbox 1976 4490 2098 4570; x_wconf 89' lang='lat' dir='ltr'>retulit,</span> <span class='ocrx_word' id='word_1_500' title='bbox 2120 4489 2164 4556; x_wconf 92' lang='lat' dir='ltr'>ad</span> 
     </span>
     <span class='ocr_line' id='line_1_39' title="bbox 157 4600 2163 4691; baseline -0 -23"><span class='ocrx_word' id='word_1_501' title='bbox 157 4602 270 4687; x_wconf 90' lang='lat' dir='ltr'>ipsum</span> <span class='ocrx_word' id='word_1_502' title='bbox 292 4602 443 4672; x_wconf 84' lang='lat' dir='ltr'>deferens</span> <span class='ocrx_word' id='word_1_503' title='bbox 464 4624 677 4688; x_wconf 84' lang='lat' dir='ltr'>quaeeunque</span> <span class='ocrx_word' id='word_1_504' title='bbox 695 4613 824 4672; x_wconf 72' lang='grc'><strong>1515155</strong></span> <span class='ocrx_word' id='word_1_505' title='bbox 850 4605 922 4672; x_wconf 88' lang='lat' dir='ltr'>iare</span> <span class='ocrx_word' id='word_1_506' title='bbox 950 4606 1090 4673; x_wconf 88' lang='lat' dir='ltr'>consulti</span> <span class='ocrx_word' id='word_1_507' title='bbox 1119 4605 1264 4691; x_wconf 90' lang='lat' dir='ltr'>adeoque</span> <span class='ocrx_word' id='word_1_508' title='bbox 1292 4606 1497 4673; x_wconf 86' lang='lat' dir='ltr'>lastinianus</span> <span class='ocrx_word' id='word_1_509' title='bbox 1524 4603 1689 4671; x_wconf 84' lang='lat' dir='ltr'>severiora</span> <span class='ocrx_word' id='word_1_510' title='bbox 1722 4603 1762 4668; x_wconf 93' lang='lat' dir='ltr'>de</span> <span class='ocrx_word' id='word_1_511' title='bbox 1790 4603 2078 4669; x_wconf 87' lang='lat' dir='ltr'>calumniatoribus</span> <span class='ocrx_word' id='word_1_512' title='bbox 2106 4600 2163 4666; x_wconf 90' lang='lat' dir='ltr'>de·</span> 
     </span>
     <span class='ocr_line' id='line_1_40' title="bbox 158 4721 343 4781; baseline -0.011 0"><span class='ocrx_word' id='word_1_513' title='bbox 158 4721 343 4781; x_wconf 83' lang='lat' dir='ltr'>creverant</span> 
     </span>
    </p>

    <p class='ocr_par' dir='ltr' id='par_1_10' title="bbox 157 4814 2163 5258">
     <span class='ocr_line' id='line_1_41' title="bbox 317 4814 2163 4917; baseline -0.001 -24"><span class='ocrx_word' id='word_1_514' title='bbox 317 4825 478 4894; x_wconf 80' lang='lat' dir='ltr'>Calvinus</span> <span class='ocrx_word' id='word_1_515' title='bbox 499 4848 567 4891; x_wconf 90' lang='lat' dir='ltr'>non</span> <span class='ocrx_word' id='word_1_516' title='bbox 588 4828 618 4892; x_wconf 91' lang='lat' dir='ltr'>is</span> <span class='ocrx_word' id='word_1_517' title='bbox 645 4836 717 4894; x_wconf 86' lang='lat' dir='ltr'>erat</span> <span class='ocrx_word' id='word_1_518' title='bbox 737 4829 793 4911; x_wconf 91' lang='lat' dir='ltr'>qui</span> <span class='ocrx_word' id='word_1_519' title='bbox 816 4827 1004 4917; x_wconf 85' lang='lat' dir='ltr'>adversario</span> <span class='ocrx_word' id='word_1_520' title='bbox 1033 4814 1204 4896; x_wconf 89' lang='lat' dir='ltr'>classicum</span> <span class='ocrx_word' id='word_1_521' title='bbox 1233 4837 1373 4896; x_wconf 87' lang='lat' dir='ltr'>canente</span> <span class='ocrx_word' id='word_1_522' title='bbox 1399 4827 1543 4895; x_wconf 88' lang='lat' dir='ltr'>modeste</span> <span class='ocrx_word' id='word_1_523' title='bbox 1570 4829 1696 4908; x_wconf 89' lang='lat' dir='ltr'>sileret,</span> <span class='ocrx_word' id='word_1_524' title='bbox 1730 4838 1764 4895; x_wconf 90' lang='lat' dir='ltr'>et</span> <span class='ocrx_word' id='word_1_525' title='bbox 1781 4828 1942 4917; x_wconf 85' lang='lat' dir='ltr'>quamvis</span> <span class='ocrx_word' id='word_1_526' title='bbox 1969 4825 2163 4892; x_wconf 89' lang='lat' dir='ltr'>socraticum</span> 
     </span>
     <span class='ocr_line' id='line_1_42' title="bbox 157 4916 2162 5026; baseline -0.002 -21"><span class='ocrx_word' id='word_1_527' title='bbox 157 4916 363 5012; x_wconf 84' lang='lat' dir='ltr'>illudsuum</span> <span class='ocrx_word' id='word_1_528' title='bbox 383 4939 522 5020; x_wconf 87' lang='lat' dir='ltr'>fecisset,</span> <span class='ocrx_word' id='word_1_529' title='bbox 544 4939 635 5005; x_wconf 91' lang='lat' dir='ltr'>asino</span> <span class='ocrx_word' id='word_1_530' title='bbox 657 4921 839 5008; x_wconf 81' lang='grc'><strong>55151115111</strong></span> <span class='ocrx_word' id='word_1_531' title='bbox 862 4938 950 5006; x_wconf 88' lang='lat' dir='ltr'>diam</span> <span class='ocrx_word' id='word_1_532' title='bbox 972 4940 1059 5024; x_wconf 86' lang='lat' dir='ltr'>apud</span> <span class='ocrx_word' id='word_1_533' title='bbox 1079 4948 1264 5026; x_wconf 88' lang='lat' dir='ltr'>praetorem</span> <span class='ocrx_word' id='word_1_534' title='bbox 1286 4962 1353 5007; x_wconf 91' lang='lat' dir='ltr'>non</span> <span class='ocrx_word' id='word_1_535' title='bbox 1375 4939 1549 5008; x_wconf 90' lang='lat' dir='ltr'>dicendum</span> <span class='ocrx_word' id='word_1_536' title='bbox 1571 4961 1651 5019; x_wconf 87' lang='lat' dir='ltr'>esse,</span> <span class='ocrx_word' id='word_1_537' title='bbox 1674 4947 1708 5006; x_wconf 91' lang='lat' dir='ltr'>et</span> <span class='ocrx_word' id='word_1_538' title='bbox 1726 4937 1930 5005; x_wconf 91' lang='lat' dir='ltr'>Balduinum</span> <span class='ocrx_word' id='word_1_539' title='bbox 1952 4958 1990 5002; x_wconf 93' lang='lat' dir='ltr'>eo</span> <span class='ocrx_word' id='word_1_540' title='bbox 2011 4935 2081 5002; x_wconf 89' lang='lat' dir='ltr'>loco</span> <span class='ocrx_word' id='word_1_541' title='bbox 2102 4934 2162 5000; x_wconf 89' lang='lat' dir='ltr'>ha·</span> 
     </span>
     <span class='ocr_line' id='line_1_43' title="bbox 157 5032 2162 5137; baseline -0.003 -16"><span class='ocrx_word' id='word_1_542' title='bbox 157 5032 258 5121; x_wconf 82' lang='lat' dir='ltr'>beret</span> <span class='ocrx_word' id='word_1_543' title='bbox 291 5058 328 5116; x_wconf 89' lang='lat' dir='ltr'>ut</span> <span class='ocrx_word' id='word_1_544' title='bbox 360 5052 396 5116; x_wconf 95' lang='lat' dir='ltr'>in</span> <span class='ocrx_word' id='word_1_545' title='bbox 428 5050 491 5116; x_wconf 92' lang='lat' dir='ltr'>hoo</span> <span class='ocrx_word' id='word_1_546' title='bbox 523 5049 678 5117; x_wconf 88' lang='lat' dir='ltr'>laudabili</span> <span class='ocrx_word' id='word_1_547' title='bbox 706 5053 871 5137; x_wconf 92' lang='lat' dir='ltr'>proposito</span> <span class='ocrx_word' id='word_1_548' title='bbox 899 5053 1104 5136; x_wconf 87' lang='lat' dir='ltr'>acquiescere</span> <span class='ocrx_word' id='word_1_549' title='bbox 1136 5035 1315 5135; x_wconf 87' lang='lat' dir='ltr'>debuisset,</span> <span class='ocrx_word' id='word_1_550' title='bbox 1346 5053 1458 5120; x_wconf 89' lang='lat' dir='ltr'>statim</span> <span class='ocrx_word' id='word_1_551' title='bbox 1485 5073 1601 5118; x_wconf 88' lang='lat' dir='ltr'>rursus</span> <span class='ocrx_word' id='word_1_552' title='bbox 1622 5052 1657 5115; x_wconf 92' lang='lat' dir='ltr'>in</span> <span class='ocrx_word' id='word_1_553' title='bbox 1680 5068 1813 5116; x_wconf 89' lang='lat' dir='ltr'>arenam</span> <span class='ocrx_word' id='word_1_554' title='bbox 1836 5046 2004 5115; x_wconf 90' lang='lat' dir='ltr'>descendit</span> <span class='ocrx_word' id='word_1_555' title='bbox 2025 5055 2057 5112; x_wconf 91' lang='lat' dir='ltr'>et</span> <span class='ocrx_word' id='word_1_556' title='bbox 2080 5048 2162 5115; x_wconf 90' lang='lat' dir='ltr'>alte-</span> 
     </span>
     <span class='ocr_line' id='line_1_44' title="bbox 157 5159 2051 5258; baseline -0.004 -26"><span class='ocrx_word' id='word_1_557' title='bbox 157 5185 237 5232; x_wconf 88' lang='lat' dir='ltr'>rum</span> <span class='ocrx_word' id='word_1_558' title='bbox 260 5161 364 5258; x_wconf 85' lang='lat' dir='ltr'>edidit</span> <span class='ocrx_word' id='word_1_559' title='bbox 384 5163 586 5247; x_wconf 89' lang='lat' dir='ltr'>opusculum,</span> <span class='ocrx_word' id='word_1_560' title='bbox 612 5183 714 5248; x_wconf 90' lang='lat' dir='ltr'>supra</span> <span class='ocrx_word' id='word_1_561' title='bbox 734 5166 770 5230; x_wconf 91' lang='lat' dir='ltr'>in</span> <span class='ocrx_word' id='word_1_562' title='bbox 792 5164 924 5234; x_wconf 89' lang='lat' dir='ltr'>rubrica</span> <span class='ocrx_word' id='word_1_563' title='bbox 944 5165 1060 5248; x_wconf 85' lang='lat' dir='ltr'>capitis</span> <span class='ocrx_word' id='word_1_564' title='bbox 1080 5173 1311 5247; x_wconf 87' lang='lat' dir='ltr'>memoratum,</span> <span class='ocrx_word' id='word_1_565' title='bbox 1334 5165 1428 5233; x_wconf 86' lang='lat' dir='ltr'>cuiue</span> <span class='ocrx_word' id='word_1_566' title='bbox 1450 5163 1618 5247; x_wconf 86' lang='lat' dir='ltr'>exemplar</span> <span class='ocrx_word' id='word_1_567' title='bbox 1638 5163 1702 5247; x_wconf 91' lang='lat' dir='ltr'>ipsi</span> <span class='ocrx_word' id='word_1_568' title='bbox 1724 5159 1933 5246; x_wconf 91' lang='lat' dir='ltr'>possidemus.</span> <span class='ocrx_word' id='word_1_569' title='bbox 2050 5231 2051 5237; x_wconf 15' lang='lat'>1</span> 
     </span>
    </p>
   </div>
   <div class='ocr_carea' id='block_1_6' title="bbox 0 0 2366 5877">
    <p class='ocr_par' dir='ltr' id='par_1_11' title="bbox 0 0 2366 5877">
     <span class='ocr_line' id='line_1_45' title="bbox 0 0 2366 5877; baseline 0 0"><span class='ocrx_word' id='word_1_570' title='bbox 0 0 2366 5877; x_wconf 95' lang='lat' dir='ltr'> </span> 
     </span>
    </p>
   </div>
  </div>
 </body>
</html>
