<?xml version="1.0" encoding="UTF-8"?>
<!DOCTYPE html PUBLIC "-//W3C//DTD XHTML 1.0 Transitional//EN"
    "http://www.w3.org/TR/xhtml1/DTD/xhtml1-transitional.dtd">
<html xmlns="http://www.w3.org/1999/xhtml" xml:lang="en" lang="en">
 <head>
  <title>
</title>
<meta http-equiv="Content-Type" content="text/html;charset=utf-8" />
  <meta name='ocr-system' content='tesseract 3.04.00' />
  <meta name='ocr-capabilities' content='ocr_page ocr_carea ocr_par ocr_line ocrx_word'/>
</head>
<body>
  <div class='ocr_page' id='page_1' title='image "./ioanniscalvinio01reusgoog_0432.png"; bbox 0 0 4590 5858; ppageno 0'>
   <div class='ocr_carea' id='block_1_1' title="bbox 74 190 2069 284">
    <p class='ocr_par' dir='ltr' id='par_1_1' title="bbox 74 190 2069 284">
     <span class='ocr_line' id='line_1_1' title="bbox 74 190 2069 284; baseline -0.001 -17"><span class='ocrx_word' id='word_1_1' title='bbox 74 199 136 284; x_wconf 80' lang='grc' dir='ltr'><strong>ιι</strong></span> <span class='ocrx_word' id='word_1_2' title='bbox 882 190 1251 266; x_wconf 76' lang='grc' dir='ltr'>ιιιιιιιιοιιι.</span> <span class='ocrx_word' id='word_1_3' title='bbox 2005 201 2069 267; x_wconf 75' lang='lat' dir='ltr'><strong>vso</strong></span> 
     </span>
    </p>
   </div>
   <div class='ocr_carea' id='block_1_2' title="bbox 72 380 2097 1242">
    <p class='ocr_par' dir='ltr' id='par_1_2' title="bbox 72 380 2097 1071">
     <span class='ocr_line' id='line_1_2' title="bbox 160 380 2069 470; baseline 0.001 -17"><span class='ocrx_word' id='word_1_4' title='bbox 160 383 373 465; x_wconf 74' lang='lat' dir='ltr'><strong>AdoneDien</strong></span> <span class='ocrx_word' id='word_1_5' title='bbox 392 383 700 452; x_wconf 83' lang='lat' dir='ltr'><strong>oommenoeeaussi</strong></span> <span class='ocrx_word' id='word_1_6' title='bbox 718 383 915 451; x_wconf 77' lang='lat' dir='ltr'><strong>tl’avoiren</strong></span> <span class='ocrx_word' id='word_1_7' title='bbox 932 381 1045 451; x_wconf 86' lang='lat' dir='ltr'><strong>haine:</strong></span> <span class='ocrx_word' id='word_1_8' title='bbox 1183 381 1231 448; x_wconf 78' lang='lat' dir='ltr'><strong>At</strong></span> <span class='ocrx_word' id='word_1_9' title='bbox 1252 402 1330 451; x_wconf 85' lang='lat' dir='ltr'><strong>vero</strong></span> <span class='ocrx_word' id='word_1_10' title='bbox 1350 380 1515 450; x_wconf 79' lang='lat' dir='ltr'><strong>Dominus</strong></span> <span class='ocrx_word' id='word_1_11' title='bbox 1536 388 1605 449; x_wconf 78' lang='lat' dir='ltr'><strong>tam</strong></span> <span class='ocrx_word' id='word_1_12' title='bbox 1625 382 1799 470; x_wconf 76' lang='lat' dir='ltr'><strong>indignum</strong></span> <span class='ocrx_word' id='word_1_13' title='bbox 1817 395 1984 453; x_wconf 79' lang='lat' dir='ltr'><strong>ornaturae</strong></span> <span class='ocrx_word' id='word_1_14' title='bbox 2009 407 2069 454; x_wconf 87' lang='lat' dir='ltr'><strong>no·</strong></span> 
     </span>
     <span class='ocr_line' id='line_1_3' title="bbox 72 466 2069 557; baseline 0 -18"><span class='ocrx_word' id='word_1_15' title='bbox 72 481 108 542; x_wconf 88' lang='lat' dir='ltr'><strong>et</strong></span> <span class='ocrx_word' id='word_1_16' title='bbox 129 471 229 557; x_wconf 84' lang='lat' dir='ltr'><strong>(ainsi</strong></span> <span class='ocrx_word' id='word_1_17' title='bbox 262 468 594 554; x_wconf 81' lang='lat' dir='ltr'><strong>uebionilmeritoit)</strong></span> <span class='ocrx_word' id='word_1_18' title='bbox 614 470 647 536; x_wconf 94' lang='lat' dir='ltr'><strong>le</strong></span> <span class='ocrx_word' id='word_1_19' title='bbox 668 468 872 538; x_wconf 87' lang='lat' dir='ltr'><strong>desadvouer</strong></span> <span class='ocrx_word' id='word_1_20' title='bbox 891 488 975 552; x_wconf 87' lang='lat' dir='ltr'><strong>pour</strong></span> <span class='ocrx_word' id='word_1_21' title='bbox 986 489 1048 535; x_wconf 91' lang='lat' dir='ltr'><strong>son</strong></span> <span class='ocrx_word' id='word_1_22' title='bbox 1099 466 1277 534; x_wconf 79' lang='lat' dir='ltr'><strong>bilissimas</strong></span> <span class='ocrx_word' id='word_1_23' title='bbox 1298 489 1411 535; x_wconf 76' lang='lat' dir='ltr'><strong>omnm</strong></span> <span class='ocrx_word' id='word_1_24' title='bbox 1428 477 1607 548; x_wconf 87' lang='lat' dir='ltr'><strong>aversatus,</strong></span> <span class='ocrx_word' id='word_1_25' title='bbox 1628 477 1664 535; x_wconf 92' lang='lat' dir='ltr'><strong>et</strong></span> <span class='ocrx_word' id='word_1_26' title='bbox 1683 469 1932 554; x_wconf 84' lang='lat' dir='ltr'><strong>ipsamexosam</strong></span> <span class='ocrx_word' id='word_1_27' title='bbox 1947 471 2069 540; x_wconf 86' lang='lat' dir='ltr'><strong>babere</strong></span> 
     </span>
     <span class='ocr_line' id='line_1_4' title="bbox 75 553 2069 642; baseline -0.001 -15"><span class='ocrx_word' id='word_1_28' title='bbox 75 578 206 627; x_wconf 70' lang='lat' dir='ltr'><strong>nenne</strong></span> <span class='ocrx_word' id='word_1_29' title='bbox 274 578 316 624; x_wconf 91' lang='lat' dir='ltr'><strong>en</strong></span> <span class='ocrx_word' id='word_1_30' title='bbox 337 577 400 641; x_wconf 91' lang='lat' dir='ltr'><strong>que</strong></span> <span class='ocrx_word' id='word_1_31' title='bbox 420 577 480 623; x_wconf 90' lang='lat' dir='ltr'><strong>son</strong></span> <span class='ocrx_word' id='word_1_32' title='bbox 501 556 610 642; x_wconf 71' lang='lat' dir='ltr'><strong>image</strong></span> <span class='ocrx_word' id='word_1_33' title='bbox 627 563 663 621; x_wconf 88' lang='lat' dir='ltr'><strong>et</strong></span> <span class='ocrx_word' id='word_1_34' title='bbox 679 555 864 622; x_wconf 88' lang='lat' dir='ltr'><strong>semblanoe</strong></span> <span class='ocrx_word' id='word_1_35' title='bbox 885 575 926 621; x_wconf 90' lang='lat' dir='ltr'><strong>en</strong></span> <span class='ocrx_word' id='word_1_36' title='bbox 949 554 1047 621; x_wconf 86' lang='lat' dir='ltr'><strong>estoit</strong></span> <span class='ocrx_word' id='word_1_37' title='bbox 1099 553 1216 637; x_wconf 89' lang='lat' dir='ltr'><strong>eoepit,</strong></span> <span class='ocrx_word' id='word_1_38' title='bbox 1240 561 1346 638; x_wconf 87' lang='lat' dir='ltr'><strong>etque,</strong></span> <span class='ocrx_word' id='word_1_39' title='bbox 1380 562 1418 620; x_wconf 89' lang='lat' dir='ltr'><strong>nt</strong></span> <span class='ocrx_word' id='word_1_40' title='bbox 1438 575 1497 639; x_wconf 92' lang='lat' dir='ltr'><strong>pro</strong></span> <span class='ocrx_word' id='word_1_41' title='bbox 1520 553 1577 619; x_wconf 90' lang='lat' dir='ltr'><strong>tali</strong></span> <span class='ocrx_word' id='word_1_42' title='bbox 1599 555 1715 621; x_wconf 90' lang='lat' dir='ltr'><strong>merito</strong></span> <span class='ocrx_word' id='word_1_43' title='bbox 1737 555 1874 641; x_wconf 77' lang='lat' dir='ltr'><strong>dignum</strong></span> <span class='ocrx_word' id='word_1_44' title='bbox 1906 565 1993 639; x_wconf 85' lang='lat' dir='ltr'><strong>erat,</strong></span> <span class='ocrx_word' id='word_1_45' title='bbox 2025 577 2069 625; x_wconf 90' lang='lat' dir='ltr'><strong>ne</strong></span> 
     </span>
     <span class='ocr_line' id='line_1_5' title="bbox 75 638 2070 729; baseline 0.001 -19"><span class='ocrx_word' id='word_1_46' title='bbox 75 643 222 724; x_wconf 80' lang='lat' dir='ltr'><strong>effaoee,</strong></span> <span class='ocrx_word' id='word_1_47' title='bbox 240 650 274 709; x_wconf 90' lang='lat' dir='ltr'><strong>et</strong></span> <span class='ocrx_word' id='word_1_48' title='bbox 292 641 341 710; x_wconf 89' lang='lat' dir='ltr'><strong>les</strong></span> <span class='ocrx_word' id='word_1_49' title='bbox 361 662 475 728; x_wconf 77' lang='lat' dir='ltr'><strong>greces</strong></span> <span class='ocrx_word' id='word_1_50' title='bbox 497 640 538 707; x_wconf 92' lang='lat' dir='ltr'><strong>de</strong></span> <span class='ocrx_word' id='word_1_51' title='bbox 559 662 597 708; x_wconf 84' lang='lat' dir='ltr'><strong>se</strong></span> <span class='ocrx_word' id='word_1_52' title='bbox 618 639 715 708; x_wconf 75' lang='lat' dir='ltr'><strong>bonte</strong></span> <span class='ocrx_word' id='word_1_53' title='bbox 736 662 778 709; x_wconf 90' lang='lat' dir='ltr'><strong>en</strong></span> <span class='ocrx_word' id='word_1_54' title='bbox 800 641 938 708; x_wconf 89' lang='lat' dir='ltr'><strong>estoient</strong></span> <span class='ocrx_word' id='word_1_55' title='bbox 958 638 1045 713; x_wconf 85' lang='lat' dir='ltr'><strong>hors.</strong></span> <span class='ocrx_word' id='word_1_56' title='bbox 1099 659 1182 723; x_wconf 91' lang='lat' dir='ltr'><strong>opus</strong></span> <span class='ocrx_word' id='word_1_57' title='bbox 1202 638 1334 723; x_wconf 91' lang='lat' dir='ltr'><strong>quidem</strong></span> <span class='ocrx_word' id='word_1_58' title='bbox 1351 661 1447 706; x_wconf 89' lang='lat' dir='ltr'><strong>sunm</strong></span> <span class='ocrx_word' id='word_1_59' title='bbox 1469 661 1617 720; x_wconf 81' lang='lat' dir='ltr'><strong>sensere,</strong></span> <span class='ocrx_word' id='word_1_60' title='bbox 1648 662 1690 707; x_wconf 88' lang='lat' dir='ltr'><strong>ex</strong></span> <span class='ocrx_word' id='word_1_61' title='bbox 1722 663 1785 726; x_wconf 89' lang='lat' dir='ltr'><strong>quo</strong></span> <span class='ocrx_word' id='word_1_62' title='bbox 1815 652 1850 708; x_wconf 90' lang='lat' dir='ltr'><strong>et</strong></span> <span class='ocrx_word' id='word_1_63' title='bbox 1877 642 1988 729; x_wconf 79' lang='lat' dir='ltr'><strong>imago</strong></span> <span class='ocrx_word' id='word_1_64' title='bbox 2012 643 2070 711; x_wconf 89' lang='lat' dir='ltr'><strong>illa</strong></span> 
     </span>
     <span class='ocr_line' id='line_1_6' title="bbox 73 724 2097 826; baseline 0 -30"><span class='ocrx_word' id='word_1_65' title='bbox 73 728 121 796; x_wconf 78' lang='lat' dir='ltr'><strong>Et</strong></span> <span class='ocrx_word' id='word_1_66' title='bbox 141 749 266 796; x_wconf 91' lang='lat' dir='ltr'><strong>oomme</strong></span> <span class='ocrx_word' id='word_1_67' title='bbox 287 727 312 793; x_wconf 93' lang='lat' dir='ltr'><strong>il</strong></span> <span class='ocrx_word' id='word_1_68' title='bbox 333 727 446 795; x_wconf 86' lang='lat' dir='ltr'><strong>l&#39;avoit</strong></span> <span class='ocrx_word' id='word_1_69' title='bbox 462 749 537 814; x_wconf 83' lang='lat' dir='ltr'><strong>mys</strong></span> <span class='ocrx_word' id='word_1_70' title='bbox 557 735 592 794; x_wconf 93' lang='lat' dir='ltr'><strong>et</strong></span> <span class='ocrx_word' id='word_1_71' title='bbox 613 726 759 794; x_wconf 83' lang='lat' dir='ltr'><strong>ordonnt</strong></span> <span class='ocrx_word' id='word_1_72' title='bbox 779 747 862 812; x_wconf 88' lang='lat' dir='ltr'><strong>pour</strong></span> <span class='ocrx_word' id='word_1_73' title='bbox 883 748 919 792; x_wconf 88' lang='lat' dir='ltr'><strong>se</strong></span> <span class='ocrx_word' id='word_1_74' title='bbox 940 725 1047 792; x_wconf 90' lang='lat' dir='ltr'><strong>deleo·</strong></span> <span class='ocrx_word' id='word_1_75' title='bbox 1097 732 1197 809; x_wconf 90' lang='lat' dir='ltr'><strong>atque</strong></span> <span class='ocrx_word' id='word_1_76' title='bbox 1218 724 1385 809; x_wconf 87' lang='lat' dir='ltr'><strong>expressio</strong></span> <span class='ocrx_word' id='word_1_77' title='bbox 1395 725 1499 826; x_wconf 88' lang='lat' dir='ltr'><strong>ipsius</strong></span> <span class='ocrx_word' id='word_1_78' title='bbox 1509 725 1828 810; x_wconf 87' lang='lat' dir='ltr'><strong>planeiamindnota</strong></span> <span class='ocrx_word' id='word_1_79' title='bbox 1840 737 1935 806; x_wconf 84' lang='lat' dir='ltr'><strong>esset,</strong></span> <span class='ocrx_word' id='word_1_80' title='bbox 1954 737 2069 796; x_wconf 89' lang='lat' dir='ltr'><strong>ettam</strong></span> <span class='ocrx_word' id='word_1_81' title='bbox 2093 745 2097 753; x_wconf 87' lang='lat'><strong>·</strong></span> 
     </span>
     <span class='ocr_line' id='line_1_7' title="bbox 75 809 2071 900; baseline 0.001 -20"><span class='ocrx_word' id='word_1_82' title='bbox 75 821 178 880; x_wconf 87' lang='lat' dir='ltr'><strong>teret</strong></span> <span class='ocrx_word' id='word_1_83' title='bbox 198 813 373 899; x_wconf 83' lang='lat' dir='ltr'><strong>eomplnire</strong></span> <span class='ocrx_word' id='word_1_84' title='bbox 401 835 443 879; x_wconf 92' lang='lat' dir='ltr'><strong>en</strong></span> <span class='ocrx_word' id='word_1_85' title='bbox 464 813 539 900; x_wconf 82' lang='lat' dir='ltr'><strong>luy,</strong></span> <span class='ocrx_word' id='word_1_86' title='bbox 570 833 697 880; x_wconf 90' lang='lat' dir='ltr'><strong>eomme</strong></span> <span class='ocrx_word' id='word_1_87' title='bbox 725 833 793 898; x_wconf 77' lang='lat' dir='ltr'><strong>ung</strong></span> <span class='ocrx_word' id='word_1_88' title='bbox 820 833 897 897; x_wconf 90' lang='lat' dir='ltr'><strong>pere</strong></span> <span class='ocrx_word' id='word_1_89' title='bbox 919 833 962 878; x_wconf 92' lang='lat' dir='ltr'><strong>en</strong></span> <span class='ocrx_word' id='word_1_90' title='bbox 986 832 1047 878; x_wconf 91' lang='lat' dir='ltr'><strong>son</strong></span> <span class='ocrx_word' id='word_1_91' title='bbox 1098 809 1265 894; x_wconf 87' lang='lat' dir='ltr'><strong>praeolars</strong></span> <span class='ocrx_word' id='word_1_92' title='bbox 1287 809 1442 877; x_wconf 84' lang='lat' dir='ltr'><strong>bonitatrs</strong></span> <span class='ocrx_word' id='word_1_93' title='bbox 1462 811 1565 897; x_wconf 87' lang='lat' dir='ltr'><strong>ipsius</strong></span> <span class='ocrx_word' id='word_1_94' title='bbox 1587 833 1666 897; x_wconf 79' lang='lat' dir='ltr'><strong>erga</strong></span> <span class='ocrx_word' id='word_1_95' title='bbox 1686 812 1852 879; x_wconf 90' lang='lat' dir='ltr'><strong>bominem</strong></span> <span class='ocrx_word' id='word_1_96' title='bbox 1881 815 2071 881; x_wconf 89' lang='lat' dir='ltr'><strong>testimonia</strong></span> 
     </span>
     <span class='ocr_line' id='line_1_8' title="bbox 75 894 2072 981; baseline 0.001 -14"><span class='ocrx_word' id='word_1_97' title='bbox 75 900 222 968; x_wconf 86' lang='lat' dir='ltr'><strong>tresoher</strong></span> <span class='ocrx_word' id='word_1_98' title='bbox 244 900 372 966; x_wconf 80' lang='lat' dir='ltr'><strong>entant:</strong></span> <span class='ocrx_word' id='word_1_99' title='bbox 395 919 438 964; x_wconf 90' lang='lat' dir='ltr'><strong>eu</strong></span> <span class='ocrx_word' id='word_1_100' title='bbox 460 898 831 969; x_wconf 64' lang='lat' dir='ltr'><strong>manumittentes</strong></span> <span class='ocrx_word' id='word_1_101' title='bbox 852 897 992 981; x_wconf 90' lang='lat' dir='ltr'><strong>mespris</strong></span> <span class='ocrx_word' id='word_1_102' title='bbox 1014 904 1047 963; x_wconf 92' lang='lat' dir='ltr'><strong>et</strong></span> <span class='ocrx_word' id='word_1_103' title='bbox 1098 896 1263 963; x_wconf 78' lang='lat' dir='ltr'><strong>convulsa</strong></span> <span class='ocrx_word' id='word_1_104' title='bbox 1308 894 1365 963; x_wconf 85' lang='lat' dir='ltr'><strong>Sie</strong></span> <span class='ocrx_word' id='word_1_105' title='bbox 1393 897 1525 963; x_wconf 91' lang='lat' dir='ltr'><strong>demum</strong></span> <span class='ocrx_word' id='word_1_106' title='bbox 1546 896 1637 964; x_wconf 88' lang='lat' dir='ltr'><strong>illiue</strong></span> <span class='ocrx_word' id='word_1_107' title='bbox 1655 898 1825 966; x_wconf 88' lang='lat' dir='ltr'><strong>ouiusdam</strong></span> <span class='ocrx_word' id='word_1_108' title='bbox 1844 898 2072 968; x_wconf 70' lang='lat' dir='ltr'><strong>delectationis</strong></span> 
     </span>
     <span class='ocr_line' id='line_1_9' title="bbox 75 981 2071 1071; baseline -0.001 -17"><span class='ocrx_word' id='word_1_109' title='bbox 75 984 307 1063; x_wconf 72' lang='lat' dir='ltr'><strong>abomination,</strong></span> <span class='ocrx_word' id='word_1_110' title='bbox 329 984 498 1053; x_wconf 71' lang='lat' dir='ltr'><strong>tellement</strong></span> <span class='ocrx_word' id='word_1_111' title='bbox 524 1005 587 1068; x_wconf 90' lang='lat' dir='ltr'><strong>que</strong></span> <span class='ocrx_word' id='word_1_112' title='bbox 609 991 680 1052; x_wconf 90' lang='lat' dir='ltr'><strong>tout</strong></span> <span class='ocrx_word' id='word_1_113' title='bbox 700 1005 738 1049; x_wconf 89' lang='lat' dir='ltr'><strong>ee</strong></span> <span class='ocrx_word' id='word_1_114' title='bbox 758 984 815 1068; x_wconf 92' lang='lat' dir='ltr'><strong>qui</strong></span> <span class='ocrx_word' id='word_1_115' title='bbox 835 983 896 1068; x_wconf 76' lang='lat' dir='ltr'><strong>luy</strong></span> <span class='ocrx_word' id='word_1_116' title='bbox 916 981 1048 1067; x_wconf 82' lang='lat' dir='ltr'><strong>pleisoit</strong></span> <span class='ocrx_word' id='word_1_117' title='bbox 1097 981 1178 1063; x_wconf 90' lang='lat' dir='ltr'><strong>looo,</strong></span> <span class='ocrx_word' id='word_1_118' title='bbox 1200 1002 1298 1066; x_wconf 89' lang='lat' dir='ltr'><strong>qnam</strong></span> <span class='ocrx_word' id='word_1_119' title='bbox 1320 1003 1362 1048; x_wconf 86' lang='lat' dir='ltr'><strong>ex</strong></span> <span class='ocrx_word' id='word_1_120' title='bbox 1384 994 1533 1050; x_wconf 87' lang='lat' dir='ltr'><strong>ereatura</strong></span> <span class='ocrx_word' id='word_1_121' title='bbox 1560 983 1618 1049; x_wconf 87' lang='lat' dir='ltr'><strong>illa</strong></span> <span class='ocrx_word' id='word_1_122' title='bbox 1644 984 1844 1068; x_wconf 69' lang='lat' dir='ltr'><strong>singularem</strong></span> <span class='ocrx_word' id='word_1_123' title='bbox 1871 987 2071 1071; x_wconf 89' lang='lat' dir='ltr'><strong>peroepissot</strong></span> 
     </span>
    </p>

    <p class='ocr_par' dir='ltr' id='par_1_3' title="bbox 75 1067 2070 1242">
     <span class='ocr_line' id='line_1_10' title="bbox 99 1067 2069 1156; baseline 0.002 -19"><span class='ocrx_word' id='word_1_124' title='bbox 99 1078 246 1151; x_wconf 84' lang='lat' dir='ltr'><strong>aravent,</strong></span> <span class='ocrx_word' id='word_1_125' title='bbox 268 1069 330 1156; x_wconf 77' lang='lat' dir='ltr'><strong>luy</strong></span> <span class='ocrx_word' id='word_1_126' title='bbox 351 1092 372 1136; x_wconf 90' lang='lat' dir='ltr'><strong>a</strong></span> <span class='ocrx_word' id='word_1_127' title='bbox 393 1070 543 1155; x_wconf 88' lang='lat' dir='ltr'><strong>desplen:</strong></span> <span class='ocrx_word' id='word_1_128' title='bbox 565 1089 601 1136; x_wconf 92' lang='lat' dir='ltr'><strong>oe</strong></span> <span class='ocrx_word' id='word_1_129' title='bbox 623 1069 681 1154; x_wconf 90' lang='lat' dir='ltr'><strong>qui</strong></span> <span class='ocrx_word' id='word_1_130' title='bbox 702 1069 733 1135; x_wconf 93' lang='lat' dir='ltr'><strong>le</strong></span> <span class='ocrx_word' id='word_1_131' title='bbox 754 1068 873 1135; x_wconf 90' lang='lat' dir='ltr'><strong>souloit</strong></span> <span class='ocrx_word' id='word_1_132' title='bbox 895 1067 1045 1149; x_wconf 79' lang='lat' dir='ltr'><strong>dolenter,</strong></span> <span class='ocrx_word' id='word_1_133' title='bbox 1097 1067 1272 1146; x_wconf 88' lang='lat' dir='ltr'><strong>Dominus,</strong></span> <span class='ocrx_word' id='word_1_134' title='bbox 1294 1077 1421 1134; x_wconf 91' lang='lat' dir='ltr'><strong>utnon</strong></span> <span class='ocrx_word' id='word_1_135' title='bbox 1441 1088 1536 1136; x_wconf 88' lang='lat' dir='ltr'><strong>seons</strong></span> <span class='ocrx_word' id='word_1_136' title='bbox 1557 1071 1654 1152; x_wconf 82' lang='lat' dir='ltr'><strong>atque</strong></span> <span class='ocrx_word' id='word_1_137' title='bbox 1674 1071 1710 1135; x_wconf 91' lang='lat' dir='ltr'><strong>in</strong></span> <span class='ocrx_word' id='word_1_138' title='bbox 1735 1071 1796 1137; x_wconf 89' lang='lat' dir='ltr'><strong>filii</strong></span> <span class='ocrx_word' id='word_1_139' title='bbox 1823 1070 1934 1139; x_wconf 89' lang='lat' dir='ltr'><strong>dileeti</strong></span> <span class='ocrx_word' id='word_1_140' title='bbox 1959 1093 2069 1140; x_wconf 91' lang='lat' dir='ltr'><strong>amore</strong></span> 
     </span>
     <span class='ocr_line' id='line_1_11' title="bbox 75 1091 2070 1242; baseline 0.001 -18"><span class='ocrx_word' id='word_1_141' title='bbox 75 1091 118 1224; x_wconf 60' lang='lat' dir='ltr'><strong>Fa</strong></span> <span class='ocrx_word' id='word_1_142' title='bbox 139 1157 245 1223; x_wconf 78' lang='lat' dir='ltr'><strong>irrite:</strong></span> <span class='ocrx_word' id='word_1_143' title='bbox 269 1176 305 1221; x_wconf 88' lang='lat' dir='ltr'><strong>oe</strong></span> <span class='ocrx_word' id='word_1_144' title='bbox 327 1156 407 1240; x_wconf 87' lang='lat' dir='ltr'><strong>qu&#39;il</strong></span> <span class='ocrx_word' id='word_1_145' title='bbox 429 1155 548 1222; x_wconf 88' lang='lat' dir='ltr'><strong>souloit</strong></span> <span class='ocrx_word' id='word_1_146' title='bbox 575 1154 776 1239; x_wconf 78' lang='lat' dir='ltr'><strong>contempler</strong></span> <span class='ocrx_word' id='word_1_147' title='bbox 803 1153 844 1220; x_wconf 93' lang='lat' dir='ltr'><strong>de</strong></span> <span class='ocrx_word' id='word_1_148' title='bbox 869 1153 992 1238; x_wconf 81' lang='lat' dir='ltr'><strong>bening</strong></span> <span class='ocrx_word' id='word_1_149' title='bbox 1013 1160 1047 1220; x_wconf 92' lang='lat' dir='ltr'><strong>et</strong></span> <span class='ocrx_word' id='word_1_150' title='bbox 1097 1152 1326 1237; x_wconf 75' lang='lat' dir='ltr'><strong>requiesceret,</strong></span> <span class='ocrx_word' id='word_1_151' title='bbox 1347 1153 1519 1239; x_wconf 90' lang='lat' dir='ltr'><strong>despentus</strong></span> <span class='ocrx_word' id='word_1_152' title='bbox 1540 1162 1574 1220; x_wconf 93' lang='lat' dir='ltr'><strong>et</strong></span> <span class='ocrx_word' id='word_1_153' title='bbox 1595 1154 1792 1222; x_wconf 88' lang='lat' dir='ltr'><strong>abominatio</strong></span> <span class='ocrx_word' id='word_1_154' title='bbox 1809 1157 1945 1223; x_wconf 89' lang='lat' dir='ltr'><strong>Domini</strong></span> <span class='ocrx_word' id='word_1_155' title='bbox 1966 1158 2070 1242; x_wconf 89' lang='lat' dir='ltr'><strong>ipsius</strong></span> 
     </span>
    </p>
   </div>
   <div class='ocr_carea' id='block_1_3' title="bbox 75 1239 2069 1326">
    <p class='ocr_par' dir='ltr' id='par_1_4' title="bbox 75 1239 2069 1326">
     <span class='ocr_line' id='line_1_12' title="bbox 75 1239 2069 1326; baseline 0.002 -19"><span class='ocrx_word' id='word_1_156' title='bbox 75 1241 224 1326; x_wconf 89' lang='lat' dir='ltr'><strong>paternel</strong></span> <span class='ocrx_word' id='word_1_157' title='bbox 246 1263 282 1307; x_wconf 93' lang='lat' dir='ltr'><strong>re</strong></span> <span class='ocrx_word' id='word_1_158' title='bbox 370 1241 539 1321; x_wconf 85' lang='lat' dir='ltr'><strong>,ils’est</strong></span> <span class='ocrx_word' id='word_1_159' title='bbox 559 1242 627 1325; x_wconf 90' lang='lat' dir='ltr'><strong>pris</strong></span> <span class='ocrx_word' id='word_1_160' title='bbox 649 1241 719 1308; x_wconf 77' lang='lat' dir='ltr'><strong>ale</strong></span> <span class='ocrx_word' id='word_1_161' title='bbox 741 1240 884 1307; x_wconf 88' lang='lat' dir='ltr'><strong>detester</strong></span> <span class='ocrx_word' id='word_1_162' title='bbox 901 1248 934 1306; x_wconf 90' lang='lat' dir='ltr'><strong>et</strong></span> <span class='ocrx_word' id='word_1_163' title='bbox 956 1240 1047 1307; x_wconf 90' lang='lat' dir='ltr'><strong>veoir</strong></span> <span class='ocrx_word' id='word_1_164' title='bbox 1099 1239 1271 1306; x_wconf 87' lang='lat' dir='ltr'><strong>eueoessit:</strong></span> <span class='ocrx_word' id='word_1_165' title='bbox 1292 1240 1378 1306; x_wconf 92' lang='lat' dir='ltr'><strong>unde</strong></span> <span class='ocrx_word' id='word_1_166' title='bbox 1400 1250 1434 1306; x_wconf 90' lang='lat' dir='ltr'><strong>et</strong></span> <span class='ocrx_word' id='word_1_167' title='bbox 1455 1240 1485 1308; x_wconf 89' lang='lat' dir='ltr'><strong>si</strong></span> <span class='ocrx_word' id='word_1_168' title='bbox 1506 1239 1584 1324; x_wconf 90' lang='lat' dir='ltr'><strong>quid</strong></span> <span class='ocrx_word' id='word_1_169' title='bbox 1605 1240 1686 1308; x_wconf 90' lang='lat' dir='ltr'><strong>alias</strong></span> <span class='ocrx_word' id='word_1_170' title='bbox 1711 1249 1845 1326; x_wconf 82' lang='lat' dir='ltr'><strong>gratnm</strong></span> <span class='ocrx_word' id='word_1_171' title='bbox 1872 1245 1913 1310; x_wconf 93' lang='lat' dir='ltr'><strong>ab</strong></span> <span class='ocrx_word' id='word_1_172' title='bbox 1935 1243 2069 1311; x_wconf 91' lang='lat' dir='ltr'><strong>homine</strong></span> 
     </span>
    </p>
   </div>
   <div class='ocr_carea' id='block_1_4' title="bbox 75 1323 2074 1820">
    <p class='ocr_par' dir='ltr' id='par_1_5' title="bbox 75 1323 2074 1820">
     <span class='ocr_line' id='line_1_13' title="bbox 76 1323 2068 1414; baseline 0.001 -20"><span class='ocrx_word' id='word_1_173' title='bbox 76 1335 237 1413; x_wconf 73' lang='lat' dir='ltr'><strong>tregret</strong></span> <span class='ocrx_word' id='word_1_174' title='bbox 314 1327 366 1393; x_wconf 79' lang='lat' dir='ltr'><strong>rei</strong></span> <span class='ocrx_word' id='word_1_175' title='bbox 383 1327 619 1394; x_wconf 89' lang='lat' dir='ltr'><strong>l&#39;hommetout</strong></span> <span class='ocrx_word' id='word_1_176' title='bbox 640 1327 745 1396; x_wconf 85' lang='lat' dir='ltr'><strong>entier</strong></span> <span class='ocrx_word' id='word_1_177' title='bbox 761 1346 841 1393; x_wconf 90' lang='lat' dir='ltr'><strong>aveo</strong></span> <span class='ocrx_word' id='word_1_178' title='bbox 859 1347 912 1403; x_wconf 86' lang='lat' dir='ltr'><strong>ses</strong></span> <span class='ocrx_word' id='word_1_179' title='bbox 929 1346 1046 1412; x_wconf 86' lang='lat' dir='ltr'><strong>sppar·</strong></span> <span class='ocrx_word' id='word_1_180' title='bbox 1098 1323 1291 1404; x_wconf 85' lang='lat' dir='ltr'><strong>exstitisset,</strong></span> <span class='ocrx_word' id='word_1_181' title='bbox 1314 1325 1343 1390; x_wconf 90' lang='lat' dir='ltr'><strong>si</strong></span> <span class='ocrx_word' id='word_1_182' title='bbox 1364 1334 1500 1410; x_wconf 76' lang='lat' dir='ltr'><strong>paterno</strong></span> <span class='ocrx_word' id='word_1_183' title='bbox 1521 1327 1644 1393; x_wconf 89' lang='lat' dir='ltr'><strong>intuitu</strong></span> <span class='ocrx_word' id='word_1_184' title='bbox 1665 1326 1760 1393; x_wconf 92' lang='lat' dir='ltr'><strong>illum</strong></span> <span class='ocrx_word' id='word_1_185' title='bbox 1772 1327 1935 1396; x_wconf 82' lang='lat' dir='ltr'><strong>Dominus</strong></span> <span class='ocrx_word' id='word_1_186' title='bbox 1956 1349 2068 1414; x_wconf 89' lang='lat' dir='ltr'><strong>prose-</strong></span> 
     </span>
     <span class='ocr_line' id='line_1_14' title="bbox 75 1411 2069 1497; baseline 0.001 -17"><span class='ocrx_word' id='word_1_187' title='bbox 75 1421 240 1491; x_wconf 87' lang='lat' dir='ltr'><strong>tenonoes,</strong></span> <span class='ocrx_word' id='word_1_188' title='bbox 263 1414 430 1494; x_wconf 81' lang='lat' dir='ltr'><strong>sesfaiots,</strong></span> <span class='ocrx_word' id='word_1_189' title='bbox 453 1433 663 1497; x_wconf 88' lang='lat' dir='ltr'><strong>eespensees,</strong></span> <span class='ocrx_word' id='word_1_190' title='bbox 681 1433 733 1479; x_wconf 88' lang='lat' dir='ltr'><strong>ses</strong></span> <span class='ocrx_word' id='word_1_191' title='bbox 753 1412 904 1496; x_wconf 88' lang='lat' dir='ltr'><strong>parolles,</strong></span> <span class='ocrx_word' id='word_1_192' title='bbox 926 1432 963 1479; x_wconf 86' lang='lat' dir='ltr'><strong>sa</strong></span> <span class='ocrx_word' id='word_1_193' title='bbox 984 1412 1045 1492; x_wconf 89' lang='lat' dir='ltr'><strong>vie,</strong></span> <span class='ocrx_word' id='word_1_194' title='bbox 1098 1418 1219 1493; x_wconf 85' lang='lat' dir='ltr'><strong>quotus</strong></span> <span class='ocrx_word' id='word_1_195' title='bbox 1241 1419 1335 1490; x_wconf 88' lang='lat' dir='ltr'><strong>esset,</strong></span> <span class='ocrx_word' id='word_1_196' title='bbox 1354 1420 1460 1479; x_wconf 86' lang='lat' dir='ltr'><strong>totum</strong></span> <span class='ocrx_word' id='word_1_197' title='bbox 1480 1411 1563 1478; x_wconf 92' lang='lat' dir='ltr'><strong>illud</strong></span> <span class='ocrx_word' id='word_1_198' title='bbox 1580 1414 1642 1496; x_wconf 91' lang='lat' dir='ltr'><strong>ipsi</strong></span> <span class='ocrx_word' id='word_1_199' title='bbox 1664 1413 1779 1492; x_wconf 89' lang='lat' dir='ltr'><strong>taedio,</strong></span> <span class='ocrx_word' id='word_1_200' title='bbox 1804 1413 1963 1495; x_wconf 85' lang='lat' dir='ltr'><strong>dividiae,</strong></span> <span class='ocrx_word' id='word_1_201' title='bbox 1992 1416 2069 1482; x_wconf 86' lang='lat' dir='ltr'><strong>sbo-</strong></span> 
     </span>
     <span class='ocr_line' id='line_1_15' title="bbox 75 1496 2074 1584; baseline 0.003 -21"><span class='ocrx_word' id='word_1_202' title='bbox 75 1506 134 1572; x_wconf 85' lang='lat' dir='ltr'><strong>ont</strong></span> <span class='ocrx_word' id='word_1_203' title='bbox 160 1497 365 1565; x_wconf 87' lang='lat' dir='ltr'><strong>totnllement</strong></span> <span class='ocrx_word' id='word_1_204' title='bbox 391 1499 525 1583; x_wconf 90' lang='lat' dir='ltr'><strong>despleu</strong></span> <span class='ocrx_word' id='word_1_205' title='bbox 553 1499 705 1577; x_wconf 80' lang='lat' dir='ltr'><strong>a·Dieu,</strong></span> <span class='ocrx_word' id='word_1_206' title='bbox 734 1519 860 1569; x_wconf 83' lang='lat' dir='ltr'><strong>somme</strong></span> <span class='ocrx_word' id='word_1_207' title='bbox 894 1497 945 1564; x_wconf 90' lang='lat' dir='ltr'><strong>s&#39;il</strong></span> <span class='ocrx_word' id='word_1_208' title='bbox 973 1506 1047 1566; x_wconf 85' lang='lat' dir='ltr'><strong>eust</strong></span> <span class='ocrx_word' id='word_1_209' title='bbox 1097 1496 1270 1562; x_wconf 74' lang='lat' dir='ltr'><strong>minutioni</strong></span> <span class='ocrx_word' id='word_1_210' title='bbox 1290 1497 1405 1563; x_wconf 84' lang='lat' dir='ltr'><strong>fuerit:</strong></span> <span class='ocrx_word' id='word_1_211' title='bbox 1423 1508 1458 1564; x_wconf 91' lang='lat' dir='ltr'><strong>et</strong></span> <span class='ocrx_word' id='word_1_212' title='bbox 1479 1519 1544 1578; x_wconf 88' lang='lat' dir='ltr'><strong>non</strong></span> <span class='ocrx_word' id='word_1_213' title='bbox 1555 1519 1650 1564; x_wconf 89' lang='lat' dir='ltr'><strong>seous</strong></span> <span class='ocrx_word' id='word_1_214' title='bbox 1670 1507 1769 1584; x_wconf 88' lang='lat' dir='ltr'><strong>atque</strong></span> <span class='ocrx_word' id='word_1_215' title='bbox 1786 1499 1828 1566; x_wconf 91' lang='lat' dir='ltr'><strong>de</strong></span> <span class='ocrx_word' id='word_1_216' title='bbox 1836 1499 2074 1584; x_wconf 89' lang='lat' dir='ltr'><strong>perduellionis</strong></span> 
     </span>
     <span class='ocr_line' id='line_1_16' title="bbox 76 1581 2069 1670; baseline 0.002 -21"><span class='ocrx_word' id='word_1_217' title='bbox 76 1593 144 1650; x_wconf 79' lang='lat' dir='ltr'><strong>este</strong></span> <span class='ocrx_word' id='word_1_218' title='bbox 156 1605 370 1670; x_wconf 76' lang='lat' dir='ltr'><strong>sonennemy</strong></span> <span class='ocrx_word' id='word_1_219' title='bbox 387 1581 758 1669; x_wconf 86' lang='lat' dir='ltr'><strong>speeieletadversaire,</strong></span> <span class='ocrx_word' id='word_1_220' title='bbox 781 1585 915 1668; x_wconf 88' lang='lat' dir='ltr'><strong>iusqnes</strong></span> <span class='ocrx_word' id='word_1_221' title='bbox 937 1583 1046 1650; x_wconf 77' lang='lat' dir='ltr'><strong>adire</strong></span> <span class='ocrx_word' id='word_1_222' title='bbox 1097 1604 1162 1660; x_wconf 91' lang='lat' dir='ltr'><strong>reo,</strong></span> <span class='ocrx_word' id='word_1_223' title='bbox 1184 1583 1417 1666; x_wconf 80' lang='lat' dir='ltr'><strong>pronunciarit,</strong></span> <span class='ocrx_word' id='word_1_224' title='bbox 1439 1583 1606 1668; x_wconf 88' lang='lat' dir='ltr'><strong>poenitere</strong></span> <span class='ocrx_word' id='word_1_225' title='bbox 1627 1605 1663 1650; x_wconf 92' lang='lat' dir='ltr'><strong>se</strong></span> <span class='ocrx_word' id='word_1_226' title='bbox 1691 1585 1778 1668; x_wconf 92' lang='lat' dir='ltr'><strong>quod</strong></span> <span class='ocrx_word' id='word_1_227' title='bbox 1805 1585 1971 1652; x_wconf 91' lang='lat' dir='ltr'><strong>bominem</strong></span> <span class='ocrx_word' id='word_1_228' title='bbox 1998 1605 2069 1653; x_wconf 88' lang='lat' dir='ltr'><strong>ore-</strong></span> 
     </span>
     <span class='ocr_line' id='line_1_17' title="bbox 75 1668 2070 1820; baseline 0.002 -85"><span class='ocrx_word' id='word_1_229' title='bbox 75 1669 155 1820; x_wconf 67' lang='lat' dir='ltr'><strong>pu’il</strong></span> <span class='ocrx_word' id='word_1_230' title='bbox 176 1692 211 1738; x_wconf 89' lang='lat' dir='ltr'><strong>se</strong></span> <span class='ocrx_word' id='word_1_231' title='bbox 233 1671 395 1755; x_wconf 87' lang='lat' dir='ltr'><strong>repentoit</strong></span> <span class='ocrx_word' id='word_1_232' title='bbox 415 1670 455 1738; x_wconf 92' lang='lat' dir='ltr'><strong>de</strong></span> <span class='ocrx_word' id='word_1_233' title='bbox 472 1670 589 1737; x_wconf 85' lang='lat' dir='ltr'><strong>l&#39;avoir</strong></span> <span class='ocrx_word' id='word_1_234' title='bbox 609 1670 694 1738; x_wconf 85' lang='lat' dir='ltr'><strong>faiet</strong></span> <span class='ocrx_word' id='word_1_235' title='bbox 722 1671 846 1754; x_wconf 32' lang='lat' dir='ltr'><strong>*Apros</strong></span> <span class='ocrx_word' id='word_1_236' title='bbox 868 1670 961 1736; x_wconf 81' lang='lat' dir='ltr'><strong>avoir</strong></span> <span class='ocrx_word' id='word_1_237' title='bbox 977 1678 1046 1735; x_wconf 76' lang='lat' dir='ltr'><strong>este</strong></span> <span class='ocrx_word' id='word_1_238' title='bbox 1098 1678 1194 1733; x_wconf 84' lang='lat' dir='ltr'><strong>asset</strong></span> <span class='ocrx_word' id='word_1_239' title='bbox 1238 1668 1417 1735; x_wconf 79' lang='lat' dir='ltr'><strong>Enimvero</strong></span> <span class='ocrx_word' id='word_1_240' title='bbox 1439 1690 1545 1752; x_wconf 89' lang='lat' dir='ltr'><strong>neque</strong></span> <span class='ocrx_word' id='word_1_241' title='bbox 1566 1670 1602 1735; x_wconf 93' lang='lat' dir='ltr'><strong>in</strong></span> <span class='ocrx_word' id='word_1_242' title='bbox 1624 1691 1662 1736; x_wconf 91' lang='lat' dir='ltr'><strong>eo</strong></span> <span class='ocrx_word' id='word_1_243' title='bbox 1684 1672 1782 1738; x_wconf 90' lang='lat' dir='ltr'><strong>etiam</strong></span> <span class='ocrx_word' id='word_1_244' title='bbox 1810 1671 1898 1737; x_wconf 88' lang='lat' dir='ltr'><strong>unde</strong></span> <span class='ocrx_word' id='word_1_245' title='bbox 1926 1673 2070 1755; x_wconf 90' lang='lat' dir='ltr'><strong>primum</strong></span> 
     </span>
    </p>
   </div>
   <div class='ocr_carea' id='block_1_5' title="bbox 69 1754 2123 3727">
    <p class='ocr_par' dir='ltr' id='par_1_6' title="bbox 69 1754 2123 3727">
     <span class='ocr_line' id='line_1_18' title="bbox 97 1754 2071 1842; baseline 0.001 -20"><span class='ocrx_word' id='word_1_246' title='bbox 97 1755 199 1822; x_wconf 83' lang='lat' dir='ltr'><strong>eieete</strong></span> <span class='ocrx_word' id='word_1_247' title='bbox 228 1778 267 1822; x_wconf 91' lang='lat' dir='ltr'><strong>en</strong></span> <span class='ocrx_word' id='word_1_248' title='bbox 299 1756 375 1822; x_wconf 89' lang='lat' dir='ltr'><strong>telle</strong></span> <span class='ocrx_word' id='word_1_249' title='bbox 403 1757 586 1834; x_wconf 82' lang='lat' dir='ltr'><strong>oonlusion,</strong></span> <span class='ocrx_word' id='word_1_250' title='bbox 613 1755 638 1821; x_wconf 93' lang='lat' dir='ltr'><strong>il</strong></span> <span class='ocrx_word' id='word_1_251' title='bbox 662 1778 682 1822; x_wconf 92' lang='lat' dir='ltr'><strong>a</strong></span> <span class='ocrx_word' id='word_1_252' title='bbox 710 1763 778 1822; x_wconf 79' lang='lat' dir='ltr'><strong>este</strong></span> <span class='ocrx_word' id='word_1_253' title='bbox 804 1754 920 1822; x_wconf 86' lang='lat' dir='ltr'><strong>feoond</strong></span> <span class='ocrx_word' id='word_1_254' title='bbox 947 1777 989 1820; x_wconf 91' lang='lat' dir='ltr'><strong>en</strong></span> <span class='ocrx_word' id='word_1_255' title='bbox 1010 1776 1047 1820; x_wconf 88' lang='lat' dir='ltr'><strong>sa</strong></span> <span class='ocrx_word' id='word_1_256' title='bbox 1097 1772 1153 1819; x_wconf 83' lang='lat' dir='ltr'><strong>soe</strong></span> <span class='ocrx_word' id='word_1_257' title='bbox 1177 1761 1248 1819; x_wconf 91' lang='lat' dir='ltr'><strong>erat</strong></span> <span class='ocrx_word' id='word_1_258' title='bbox 1268 1754 1360 1819; x_wconf 90' lang='lat' dir='ltr'><strong>stetit</strong></span> <span class='ocrx_word' id='word_1_259' title='bbox 1381 1754 1552 1821; x_wconf 90' lang='lat' dir='ltr'><strong>hominum</strong></span> <span class='ocrx_word' id='word_1_260' title='bbox 1580 1756 1741 1839; x_wconf 89' lang='lat' dir='ltr'><strong>pravitas,</strong></span> <span class='ocrx_word' id='word_1_261' title='bbox 1770 1757 1849 1840; x_wconf 92' lang='lat' dir='ltr'><strong>quin</strong></span> <span class='ocrx_word' id='word_1_262' title='bbox 1875 1758 2001 1842; x_wconf 90' lang='lat' dir='ltr'><strong>potius,</strong></span> <span class='ocrx_word' id='word_1_263' title='bbox 2032 1768 2071 1825; x_wconf 91' lang='lat' dir='ltr'><strong>ut</strong></span> 
     </span>
     <span class='ocr_line' id='line_1_19' title="bbox 76 1776 2071 1927; baseline 0.002 -20"><span class='ocrx_word' id='word_1_264' title='bbox 76 1839 253 1908; x_wconf 87' lang='lat' dir='ltr'><strong>mauldiete</strong></span> <span class='ocrx_word' id='word_1_265' title='bbox 274 1862 433 1923; x_wconf 90' lang='lat' dir='ltr'><strong>semenee,</strong></span> <span class='ocrx_word' id='word_1_266' title='bbox 455 1863 538 1927; x_wconf 91' lang='lat' dir='ltr'><strong>pour</strong></span> <span class='ocrx_word' id='word_1_267' title='bbox 548 1841 732 1926; x_wconf 81' lang='lat' dir='ltr'><strong>engendrer</strong></span> <span class='ocrx_word' id='word_1_268' title='bbox 753 1842 942 1926; x_wconf 84' lang='lat' dir='ltr'><strong>generation</strong></span> <span class='ocrx_word' id='word_1_269' title='bbox 961 1862 1049 1907; x_wconf 55' lang='lat' dir='ltr'><strong>sem-e</strong></span> <span class='ocrx_word' id='word_1_270' title='bbox 1097 1776 1230 1921; x_wconf 63' lang='lat' dir='ltr'><strong>quibam</strong></span> <span class='ocrx_word' id='word_1_271' title='bbox 1252 1840 1398 1923; x_wconf 79' lang='lat' dir='ltr'><strong>opposite</strong></span> <span class='ocrx_word' id='word_1_272' title='bbox 1420 1841 1590 1925; x_wconf 83' lang='lat' dir='ltr'><strong>expressit,</strong></span> <span class='ocrx_word' id='word_1_273' title='bbox 1614 1841 1711 1907; x_wconf 79' lang='lat' dir='ltr'><strong>Aetas</strong></span> <span class='ocrx_word' id='word_1_274' title='bbox 1717 1848 1886 1922; x_wconf 76' lang='lat' dir='ltr'><strong>parentum</strong></span> <span class='ocrx_word' id='word_1_275' title='bbox 1891 1844 1983 1924; x_wconf 81' lang='lat' dir='ltr'><strong>peior</strong></span> <span class='ocrx_word' id='word_1_276' title='bbox 1999 1845 2071 1910; x_wconf 84' lang='lat' dir='ltr'><strong>ovis</strong></span> 
     </span>
     <span class='ocr_line' id='line_1_20' title="bbox 76 1923 2068 2012; baseline 0 -17"><span class='ocrx_word' id='word_1_277' title='bbox 76 1925 326 2012; x_wconf 73' lang='lat' dir='ltr'><strong>bleblea‘luy,</strong></span> <span class='ocrx_word' id='word_1_278' title='bbox 354 1932 434 1994; x_wconf 88' lang='lat' dir='ltr'><strong>e&#39;est</strong></span> <span class='ocrx_word' id='word_1_279' title='bbox 460 1935 481 1995; x_wconf 80' lang='lat' dir='ltr'><strong>t</strong></span> <span class='ocrx_word' id='word_1_280' title='bbox 506 1926 576 1994; x_wconf 91' lang='lat' dir='ltr'><strong>dire</strong></span> <span class='ocrx_word' id='word_1_281' title='bbox 596 1926 753 2007; x_wconf 86' lang='lat' dir='ltr'><strong>vitiense,</strong></span> <span class='ocrx_word' id='word_1_282' title='bbox 782 1947 947 2012; x_wconf 88' lang='lat' dir='ltr'><strong>perverse,</strong></span> <span class='ocrx_word' id='word_1_283' title='bbox 975 1947 1046 1992; x_wconf 87' lang='lat' dir='ltr'><strong>eor·</strong></span> <span class='ocrx_word' id='word_1_284' title='bbox 1097 1923 1169 1997; x_wconf 69' lang='lat' dir='ltr'><strong>ott</strong></span> <span class='ocrx_word' id='word_1_285' title='bbox 1189 1946 1223 1990; x_wconf 85' lang='lat' dir='ltr'><strong>se</strong></span> <span class='ocrx_word' id='word_1_286' title='bbox 1242 1926 1413 2007; x_wconf 75' lang='lat' dir='ltr'><strong>nequiores,</strong></span> <span class='ocrx_word' id='word_1_287' title='bbox 1432 1928 1828 2012; x_wconf 79' lang='lat' dir='ltr'><strong>mosdotorosproqeoiem</strong></span> <span class='ocrx_word' id='word_1_288' title='bbox 1837 1929 2068 2009; x_wconf 58' lang='lat' dir='ltr'><strong>odissem)</strong></span> 
     </span>
     <span class='ocr_line' id='line_1_21' title="bbox 77 2010 1896 2098; baseline 0.001 -20"><span class='ocrx_word' id='word_1_289' title='bbox 77 2033 222 2096; x_wconf 87' lang='lat' dir='ltr'><strong>rompue,</strong></span> <span class='ocrx_word' id='word_1_290' title='bbox 245 2010 400 2098; x_wconf 79' lang='lat' dir='ltr'><strong>vuydeet</strong></span> <span class='ocrx_word' id='word_1_291' title='bbox 418 2011 619 2098; x_wconf 90' lang='lat' dir='ltr'><strong>desproveue</strong></span> <span class='ocrx_word' id='word_1_292' title='bbox 641 2011 681 2078; x_wconf 88' lang='lat' dir='ltr'><strong>de</strong></span> <span class='ocrx_word' id='word_1_293' title='bbox 704 2021 774 2080; x_wconf 88' lang='lat' dir='ltr'><strong>tont</strong></span> <span class='ocrx_word' id='word_1_294' title='bbox 795 2013 880 2092; x_wconf 84' lang='lat' dir='ltr'><strong>bisn,</strong></span> <span class='ocrx_word' id='word_1_295' title='bbox 902 2011 992 2080; x_wconf 87' lang='lat' dir='ltr'><strong>riehe</strong></span> <span class='ocrx_word' id='word_1_296' title='bbox 1014 2020 1046 2079; x_wconf 91' lang='lat' dir='ltr'><strong>et</strong></span> <span class='ocrx_word' id='word_1_297' title='bbox 1894 2049 1896 2053; x_wconf 34' lang='lat' dir='ltr'><strong>v</strong></span> 
     </span>
     <span class='ocr_line' id='line_1_22' title="bbox 73 2096 419 2165; baseline 0 0"><span class='ocrx_word' id='word_1_298' title='bbox 73 2096 257 2165; x_wconf 85' lang='lat' dir='ltr'><strong>abondanto</strong></span> <span class='ocrx_word' id='word_1_299' title='bbox 279 2120 321 2164; x_wconf 93' lang='lat' dir='ltr'><strong>en</strong></span> <span class='ocrx_word' id='word_1_300' title='bbox 342 2099 419 2165; x_wconf 90' lang='lat' dir='ltr'><strong>mal.</strong></span> 
     </span>
     <span class='ocr_line' id='line_1_23' title="bbox 157 2180 2071 2270; baseline 0.002 -22"><span class='ocrx_word' id='word_1_301' title='bbox 157 2184 334 2250; x_wconf 79' lang='lat' dir='ltr'><strong>&#39;Ponteffois</strong></span> <span class='ocrx_word' id='word_1_302' title='bbox 361 2184 398 2250; x_wconf 91' lang='lat' dir='ltr'><strong>le</strong></span> <span class='ocrx_word' id='word_1_303' title='bbox 424 2184 578 2270; x_wconf 77' lang='lat' dir='ltr'><strong>seigneur</strong></span> <span class='ocrx_word' id='word_1_304' title='bbox 606 2185 646 2253; x_wconf 93' lang='lat' dir='ltr'><strong>de</strong></span> <span class='ocrx_word' id='word_1_305' title='bbox 674 2184 882 2254; x_wconf 80' lang='lat' dir='ltr'><strong>miserirorde</strong></span> <span class='ocrx_word' id='word_1_306' title='bbox 910 2184 981 2267; x_wconf 92' lang='lat' dir='ltr'><strong>(qui</strong></span> <span class='ocrx_word' id='word_1_307' title='bbox 1002 2205 1045 2250; x_wconf 90' lang='lat' dir='ltr'><strong>ne</strong></span> <span class='ocrx_word' id='word_1_308' title='bbox 1089 2219 1093 2229; x_wconf 91' lang='lat'>·</span> <span class='ocrx_word' id='word_1_309' title='bbox 1182 2180 1272 2263; x_wconf 79' lang='lat' dir='ltr'><strong>Quid</strong></span> <span class='ocrx_word' id='word_1_310' title='bbox 1293 2182 1417 2267; x_wconf 81' lang='lat' dir='ltr'><strong>igitur?</strong></span> <span class='ocrx_word' id='word_1_311' title='bbox 1446 2184 1572 2267; x_wconf 83' lang='lat' dir='ltr'><strong>Nempe</strong></span> <span class='ocrx_word' id='word_1_312' title='bbox 1590 2205 1690 2268; x_wconf 91' lang='lat' dir='ltr'><strong>quum</strong></span> <span class='ocrx_word' id='word_1_313' title='bbox 1701 2183 1859 2252; x_wconf 85' lang='lat' dir='ltr'><strong>loeouude</strong></span> <span class='ocrx_word' id='word_1_314' title='bbox 1879 2184 1937 2251; x_wconf 89' lang='lat' dir='ltr'><strong>illa</strong></span> <span class='ocrx_word' id='word_1_315' title='bbox 1954 2185 2071 2270; x_wconf 87' lang='lat' dir='ltr'><strong>enlpse</strong></span> 
     </span>
     <span class='ocr_line' id='line_1_24' title="bbox 71 2267 2071 2357; baseline 0.003 -23"><span class='ocrx_word' id='word_1_316' title='bbox 71 2289 91 2334; x_wconf 90' lang='lat' dir='ltr'><strong>a</strong></span> <span class='ocrx_word' id='word_1_317' title='bbox 150 2290 247 2353; x_wconf 85' lang='lat' dir='ltr'><strong>opas</strong></span> <span class='ocrx_word' id='word_1_318' title='bbox 269 2268 470 2337; x_wconf 70' lang='lat' dir='ltr'><strong>seulement:</strong></span> <span class='ocrx_word' id='word_1_319' title='bbox 486 2271 569 2338; x_wconf 89' lang='lat' dir='ltr'><strong>mais</strong></span> <span class='ocrx_word' id='word_1_320' title='bbox 586 2270 647 2357; x_wconf 80' lang='lat' dir='ltr'><strong>luy</strong></span> <span class='ocrx_word' id='word_1_321' title='bbox 669 2292 792 2337; x_wconf 89' lang='lat' dir='ltr'><strong>mesme</strong></span> <span class='ocrx_word' id='word_1_322' title='bbox 809 2285 859 2337; x_wconf 88' lang='lat' dir='ltr'><strong>est</strong></span> <span class='ocrx_word' id='word_1_323' title='bbox 880 2291 995 2336; x_wconf 86' lang='lat' dir='ltr'><strong>amour</strong></span> <span class='ocrx_word' id='word_1_324' title='bbox 1012 2278 1046 2336; x_wconf 90' lang='lat' dir='ltr'><strong>et</strong></span> <span class='ocrx_word' id='word_1_325' title='bbox 1096 2267 1226 2335; x_wconf 83' lang='lat' dir='ltr'><strong>saecula</strong></span> <span class='ocrx_word' id='word_1_326' title='bbox 1243 2276 1422 2335; x_wconf 82' lang='lat' dir='ltr'><strong>extremam</strong></span> <span class='ocrx_word' id='word_1_327' title='bbox 1446 2268 1622 2337; x_wconf 88' lang='lat' dir='ltr'><strong>adversum</strong></span> <span class='ocrx_word' id='word_1_328' title='bbox 1642 2292 1678 2337; x_wconf 89' lang='lat' dir='ltr'><strong>se</strong></span> <span class='ocrx_word' id='word_1_329' title='bbox 1700 2292 1835 2336; x_wconf 85' lang='lat' dir='ltr'><strong>manum</strong></span> <span class='ocrx_word' id='word_1_330' title='bbox 1862 2271 1926 2338; x_wconf 90' lang='lat' dir='ltr'><strong>Dei</strong></span> <span class='ocrx_word' id='word_1_331' title='bbox 1951 2293 2071 2355; x_wconf 83' lang='lat' dir='ltr'><strong>provo·</strong></span> 
     </span>
     <span class='ocr_line' id='line_1_25' title="bbox 71 2353 2069 2440; baseline 0.003 -21"><span class='ocrx_word' id='word_1_332' title='bbox 71 2354 217 2434; x_wconf 20' lang='lat' dir='ltr'><strong>oarite),</strong></span> <span class='ocrx_word' id='word_1_333' title='bbox 232 2353 370 2421; x_wconf 89' lang='lat' dir='ltr'><strong>vonlant</strong></span> <span class='ocrx_word' id='word_1_334' title='bbox 391 2376 508 2422; x_wconf 88' lang='lat' dir='ltr'><strong>enoore</strong></span> <span class='ocrx_word' id='word_1_335' title='bbox 529 2378 591 2440; x_wconf 87' lang='lat' dir='ltr'><strong>per</strong></span> <span class='ocrx_word' id='word_1_336' title='bbox 619 2380 656 2423; x_wconf 87' lang='lat' dir='ltr'><strong>sa</strong></span> <span class='ocrx_word' id='word_1_337' title='bbox 678 2357 775 2422; x_wconf 81' lang='lat' dir='ltr'><strong>bonte</strong></span> <span class='ocrx_word' id='word_1_338' title='bbox 796 2357 910 2423; x_wconf 85' lang='lat' dir='ltr'><strong>infinie</strong></span> <span class='ocrx_word' id='word_1_339' title='bbox 931 2377 1045 2440; x_wconf 84' lang='lat' dir='ltr'><strong>aymer</strong></span> <span class='ocrx_word' id='word_1_340' title='bbox 1096 2363 1241 2434; x_wconf 89' lang='lat' dir='ltr'><strong>eessent,</strong></span> <span class='ocrx_word' id='word_1_341' title='bbox 1274 2355 1364 2420; x_wconf 87' lang='lat' dir='ltr'><strong>Deus</strong></span> <span class='ocrx_word' id='word_1_342' title='bbox 1394 2356 1464 2439; x_wconf 90' lang='lat' dir='ltr'><strong>ipse</strong></span> <span class='ocrx_word' id='word_1_343' title='bbox 1492 2377 1560 2421; x_wconf 94' lang='lat' dir='ltr'><strong>non</strong></span> <span class='ocrx_word' id='word_1_344' title='bbox 1592 2363 1660 2421; x_wconf 89' lang='lat' dir='ltr'><strong>tam</strong></span> <span class='ocrx_word' id='word_1_345' title='bbox 1689 2356 1726 2421; x_wconf 92' lang='lat' dir='ltr'><strong>in</strong></span> <span class='ocrx_word' id='word_1_346' title='bbox 1752 2356 2007 2423; x_wconf 78' lang='lat' dir='ltr'><strong>miserirordiam</strong></span> <span class='ocrx_word' id='word_1_347' title='bbox 2035 2366 2069 2424; x_wconf 91' lang='lat' dir='ltr'><strong>et</strong></span> 
     </span>
     <span class='ocr_line' id='line_1_26' title="bbox 72 2438 2069 2528; baseline 0.002 -23"><span class='ocrx_word' id='word_1_348' title='bbox 72 2461 108 2505; x_wconf 89' lang='lat' dir='ltr'><strong>ee</strong></span> <span class='ocrx_word' id='word_1_349' title='bbox 152 2440 188 2505; x_wconf 92' lang='lat' dir='ltr'><strong>ui</strong></span> <span class='ocrx_word' id='word_1_350' title='bbox 208 2445 292 2508; x_wconf 89' lang='lat' dir='ltr'><strong>n’est</strong></span> <span class='ocrx_word' id='word_1_351' title='bbox 313 2440 411 2526; x_wconf 79' lang='lat' dir='ltr'><strong>digne</strong></span> <span class='ocrx_word' id='word_1_352' title='bbox 434 2442 590 2528; x_wconf 84' lang='lat' dir='ltr'><strong>d’eymer,</strong></span> <span class='ocrx_word' id='word_1_353' title='bbox 613 2448 668 2507; x_wconf 89' lang='lat' dir='ltr'><strong>n’a</strong></span> <span class='ocrx_word' id='word_1_354' title='bbox 688 2463 746 2526; x_wconf 89' lang='lat' dir='ltr'><strong>pas</strong></span> <span class='ocrx_word' id='word_1_355' title='bbox 765 2442 809 2508; x_wconf 89' lang='lat' dir='ltr'><strong>du</strong></span> <span class='ocrx_word' id='word_1_356' title='bbox 820 2448 893 2508; x_wconf 89' lang='lat' dir='ltr'><strong>tout</strong></span> <span class='ocrx_word' id='word_1_357' title='bbox 913 2441 1043 2526; x_wconf 83' lang='lat' dir='ltr'><strong>dissipe,</strong></span> <span class='ocrx_word' id='word_1_358' title='bbox 1095 2449 1265 2524; x_wconf 88' lang='lat' dir='ltr'><strong>paternam</strong></span> <span class='ocrx_word' id='word_1_359' title='bbox 1301 2438 1541 2525; x_wconf 82' lang='lat' dir='ltr'><strong>indulgentiam</strong></span> <span class='ocrx_word' id='word_1_360' title='bbox 1576 2463 1772 2525; x_wconf 84' lang='lat' dir='ltr'><strong>propensus,</strong></span> <span class='ocrx_word' id='word_1_361' title='bbox 1799 2464 1899 2525; x_wconf 85' lang='lat' dir='ltr'><strong>quem</strong></span> <span class='ocrx_word' id='word_1_362' title='bbox 1928 2443 2069 2527; x_wconf 88' lang='lat' dir='ltr'><strong>ipsamet</strong></span> 
     </span>
     <span class='ocr_line' id='line_1_27' title="bbox 70 2461 2069 2613; baseline 0.002 -21"><span class='ocrx_word' id='word_1_363' title='bbox 70 2461 174 2608; x_wconf 61' lang='lat' dir='ltr'><strong>pembr</strong></span> <span class='ocrx_word' id='word_1_364' title='bbox 195 2534 229 2591; x_wconf 91' lang='lat' dir='ltr'><strong>ot</strong></span> <span class='ocrx_word' id='word_1_365' title='bbox 250 2527 384 2613; x_wconf 82' lang='lat' dir='ltr'><strong>abysme</strong></span> <span class='ocrx_word' id='word_1_366' title='bbox 405 2527 453 2594; x_wconf 91' lang='lat' dir='ltr'><strong>les</strong></span> <span class='ocrx_word' id='word_1_367' title='bbox 474 2528 597 2606; x_wconf 90' lang='lat' dir='ltr'><strong>homes,</strong></span> <span class='ocrx_word' id='word_1_368' title='bbox 619 2549 743 2595; x_wconf 86' lang='lat' dir='ltr'><strong>comme</strong></span> <span class='ocrx_word' id='word_1_369' title='bbox 766 2527 837 2596; x_wconf 89' lang='lat' dir='ltr'><strong>leur</strong></span> <span class='ocrx_word' id='word_1_370' title='bbox 852 2527 990 2610; x_wconf 82' lang='lat' dir='ltr'><strong>iniqnite</strong></span> <span class='ocrx_word' id='word_1_371' title='bbox 1012 2528 1044 2592; x_wconf 92' lang='lat' dir='ltr'><strong>le</strong></span> <span class='ocrx_word' id='word_1_372' title='bbox 1096 2524 1317 2594; x_wconf 81' lang='lat' dir='ltr'><strong>misericordia</strong></span> <span class='ocrx_word' id='word_1_373' title='bbox 1350 2536 1447 2610; x_wconf 87' lang='lat' dir='ltr'><strong>etque</strong></span> <span class='ocrx_word' id='word_1_374' title='bbox 1478 2526 1701 2612; x_wconf 81' lang='lat' dir='ltr'><strong>indulgentia,</strong></span> <span class='ocrx_word' id='word_1_375' title='bbox 1734 2549 1835 2610; x_wconf 90' lang='lat' dir='ltr'><strong>quum</strong></span> <span class='ocrx_word' id='word_1_376' title='bbox 1863 2548 1974 2594; x_wconf 81' lang='lat' dir='ltr'><strong>amore</strong></span> <span class='ocrx_word' id='word_1_377' title='bbox 2002 2551 2069 2595; x_wconf 94' lang='lat' dir='ltr'><strong>uon</strong></span> 
     </span>
     <span class='ocr_line' id='line_1_28' title="bbox 71 2611 2069 2699; baseline 0.002 -23"><span class='ocrx_word' id='word_1_378' title='bbox 71 2613 250 2695; x_wconf 84' lang='lat' dir='ltr'><strong>requeroit:</strong></span> <span class='ocrx_word' id='word_1_379' title='bbox 272 2613 355 2681; x_wconf 82' lang='lat' dir='ltr'><strong>meis</strong></span> <span class='ocrx_word' id='word_1_380' title='bbox 376 2611 425 2680; x_wconf 86' lang='lat' dir='ltr'><strong>les</strong></span> <span class='ocrx_word' id='word_1_381' title='bbox 447 2613 662 2692; x_wconf 82' lang='lat' dir='ltr'><strong>asoubstenn</strong></span> <span class='ocrx_word' id='word_1_382' title='bbox 674 2622 708 2680; x_wconf 92' lang='lat' dir='ltr'><strong>et</strong></span> <span class='ocrx_word' id='word_1_383' title='bbox 718 2621 874 2699; x_wconf 74' lang='lat' dir='ltr'><strong>supporto</strong></span> <span class='ocrx_word' id='word_1_384' title='bbox 896 2612 1043 2680; x_wconf 89' lang='lat' dir='ltr'><strong>endoul·</strong></span> <span class='ocrx_word' id='word_1_385' title='bbox 1095 2612 1248 2695; x_wconf 85' lang='lat' dir='ltr'><strong>prosequi</strong></span> <span class='ocrx_word' id='word_1_386' title='bbox 1269 2613 1380 2692; x_wconf 87' lang='lat' dir='ltr'><strong>nollet,</strong></span> <span class='ocrx_word' id='word_1_387' title='bbox 1402 2612 1490 2695; x_wconf 91' lang='lat' dir='ltr'><strong>quod</strong></span> <span class='ocrx_word' id='word_1_388' title='bbox 1512 2614 1615 2678; x_wconf 87' lang='lat' dir='ltr'><strong>amari</strong></span> <span class='ocrx_word' id='word_1_389' title='bbox 1632 2614 1668 2679; x_wconf 93' lang='lat' dir='ltr'><strong>in</strong></span> <span class='ocrx_word' id='word_1_390' title='bbox 1698 2635 1768 2680; x_wconf 88' lang='lat' dir='ltr'><strong>sese</strong></span> <span class='ocrx_word' id='word_1_391' title='bbox 1796 2614 1877 2679; x_wconf 89' lang='lat' dir='ltr'><strong>adeo</strong></span> <span class='ocrx_word' id='word_1_392' title='bbox 1905 2622 1992 2680; x_wconf 88' lang='lat' dir='ltr'><strong>esset</strong></span> <span class='ocrx_word' id='word_1_393' title='bbox 2016 2616 2069 2680; x_wconf 91' lang='lat' dir='ltr'><strong>in-</strong></span> 
     </span>
     <span class='ocr_line' id='line_1_29' title="bbox 70 2697 2070 2785; baseline 0.002 -23"><span class='ocrx_word' id='word_1_394' title='bbox 70 2716 148 2762; x_wconf 89' lang='lat' dir='ltr'><strong>oeur</strong></span> <span class='ocrx_word' id='word_1_395' title='bbox 169 2705 203 2763; x_wconf 91' lang='lat' dir='ltr'><strong>et</strong></span> <span class='ocrx_word' id='word_1_396' title='bbox 224 2698 389 2781; x_wconf 87' lang='lat' dir='ltr'><strong>patienoe,</strong></span> <span class='ocrx_word' id='word_1_397' title='bbox 417 2697 491 2766; x_wconf 90' lang='lat' dir='ltr'><strong>leur</strong></span> <span class='ocrx_word' id='word_1_398' title='bbox 520 2699 667 2766; x_wconf 86' lang='lat' dir='ltr'><strong>donnant</strong></span> <span class='ocrx_word' id='word_1_399' title='bbox 695 2709 798 2765; x_wconf 89' lang='lat' dir='ltr'><strong>terme</strong></span> <span class='ocrx_word' id='word_1_400' title='bbox 826 2706 860 2765; x_wconf 91' lang='lat' dir='ltr'><strong>et</strong></span> <span class='ocrx_word' id='word_1_401' title='bbox 880 2700 981 2785; x_wconf 86' lang='lat' dir='ltr'><strong>loysir</strong></span> <span class='ocrx_word' id='word_1_402' title='bbox 1002 2698 1043 2765; x_wconf 90' lang='lat' dir='ltr'><strong>de</strong></span> <span class='ocrx_word' id='word_1_403' title='bbox 1096 2697 1241 2783; x_wconf 82' lang='lat' dir='ltr'><strong>dignum,</strong></span> <span class='ocrx_word' id='word_1_404' title='bbox 1259 2699 1440 2764; x_wconf 85' lang='lat' dir='ltr'><strong>humanum</strong></span> <span class='ocrx_word' id='word_1_405' title='bbox 1460 2720 1567 2782; x_wconf 80' lang='lat' dir='ltr'><strong>genus</strong></span> <span class='ocrx_word' id='word_1_406' title='bbox 1587 2706 1699 2764; x_wconf 90' lang='lat' dir='ltr'><strong>tamen</strong></span> <span class='ocrx_word' id='word_1_407' title='bbox 1716 2699 1850 2765; x_wconf 87' lang='lat' dir='ltr'><strong>interire</strong></span> <span class='ocrx_word' id='word_1_408' title='bbox 1875 2720 2008 2783; x_wconf 88' lang='lat' dir='ltr'><strong>prorsus</strong></span> <span class='ocrx_word' id='word_1_409' title='bbox 2036 2708 2070 2766; x_wconf 92' lang='lat' dir='ltr'><strong>et</strong></span> 
     </span>
     <span class='ocr_line' id='line_1_30' title="bbox 71 2783 2067 2870; baseline 0.003 -24"><span class='ocrx_word' id='word_1_410' title='bbox 71 2802 107 2847; x_wconf 90' lang='lat' dir='ltr'><strong>se</strong></span> <span class='ocrx_word' id='word_1_411' title='bbox 125 2791 299 2850; x_wconf 88' lang='lat' dir='ltr'><strong>retourner</strong></span> <span class='ocrx_word' id='word_1_412' title='bbox 320 2791 341 2850; x_wconf 78' lang='lat' dir='ltr'><strong>a</strong></span> <span class='ocrx_word' id='word_1_413' title='bbox 362 2784 431 2870; x_wconf 83' lang='lat' dir='ltr'><strong>luy,</strong></span> <span class='ocrx_word' id='word_1_414' title='bbox 454 2796 488 2850; x_wconf 91' lang='lat' dir='ltr'><strong>et</strong></span> <span class='ocrx_word' id='word_1_415' title='bbox 507 2784 1005 2864; x_wconf 85' lang='lat' dir='ltr'><strong>seradresserenl&#39;obeissanoe,</strong></span> <span class='ocrx_word' id='word_1_416' title='bbox 1018 2783 1043 2870; x_wconf 86' lang='lat'><strong>¹)</strong></span> <span class='ocrx_word' id='word_1_417' title='bbox 1095 2783 1304 2850; x_wconf 89' lang='lat' dir='ltr'><strong>meritissimo</strong></span> <span class='ocrx_word' id='word_1_418' title='bbox 1325 2784 1425 2850; x_wconf 90' lang='lat' dir='ltr'><strong>exitio</strong></span> <span class='ocrx_word' id='word_1_419' title='bbox 1448 2783 1613 2851; x_wconf 79' lang='lat' dir='ltr'><strong>absorberi</strong></span> <span class='ocrx_word' id='word_1_420' title='bbox 1644 2806 1712 2850; x_wconf 92' lang='lat' dir='ltr'><strong>non</strong></span> <span class='ocrx_word' id='word_1_421' title='bbox 1746 2784 1917 2851; x_wconf 85' lang='lat' dir='ltr'><strong>sustinuit:</strong></span> <span class='ocrx_word' id='word_1_422' title='bbox 1951 2786 2067 2869; x_wconf 89' lang='lat' dir='ltr'><strong>resipi-</strong></span> 
     </span>
     <span class='ocr_line' id='line_1_31' title="bbox 71 2861 2068 2955; baseline 0.003 -23"><span class='ocrx_word' id='word_1_423' title='bbox 71 2866 111 2934; x_wconf 91' lang='lat' dir='ltr'><strong>de</strong></span> <span class='ocrx_word' id='word_1_424' title='bbox 139 2861 279 2952; x_wconf 85' lang='lat' dir='ltr'><strong>laquelle</strong></span> <span class='ocrx_word' id='word_1_425' title='bbox 306 2869 348 2936; x_wconf 84' lang='lat' dir='ltr'><strong>iln</strong></span> <span class='ocrx_word' id='word_1_426' title='bbox 376 2870 541 2937; x_wconf 89' lang='lat' dir='ltr'><strong>s’estoient</strong></span> <span class='ocrx_word' id='word_1_427' title='bbox 566 2872 770 2939; x_wconf 81' lang='lat' dir='ltr'><strong>destonrnea.</strong></span> <span class='ocrx_word' id='word_1_428' title='bbox 825 2870 871 2936; x_wconf 80' lang='lat' dir='ltr'><strong>Et</strong></span> <span class='ocrx_word' id='word_1_429' title='bbox 892 2871 1043 2937; x_wconf 91' lang='lat' dir='ltr'><strong>eombien</strong></span> <span class='ocrx_word' id='word_1_430' title='bbox 1095 2868 1204 2936; x_wconf 89' lang='lat' dir='ltr'><strong>seendi</strong></span> <span class='ocrx_word' id='word_1_431' title='bbox 1236 2881 1368 2954; x_wconf 88' lang='lat' dir='ltr'><strong>tempus</strong></span> <span class='ocrx_word' id='word_1_432' title='bbox 1394 2878 1428 2934; x_wconf 89' lang='lat' dir='ltr'><strong>et</strong></span> <span class='ocrx_word' id='word_1_433' title='bbox 1454 2871 1612 2935; x_wconf 89' lang='lat' dir='ltr'><strong>rationem</strong></span> <span class='ocrx_word' id='word_1_434' title='bbox 1641 2872 1669 2937; x_wconf 91' lang='lat' dir='ltr'><strong>si</strong></span> <span class='ocrx_word' id='word_1_435' title='bbox 1696 2871 1778 2935; x_wconf 81' lang='lat' dir='ltr'><strong>forte</strong></span> <span class='ocrx_word' id='word_1_436' title='bbox 1798 2868 1840 2934; x_wconf 87' lang='lat' dir='ltr'><strong>ad</strong></span> <span class='ocrx_word' id='word_1_437' title='bbox 1861 2891 1933 2937; x_wconf 90' lang='lat' dir='ltr'><strong>sese</strong></span> <span class='ocrx_word' id='word_1_438' title='bbox 1961 2870 2068 2955; x_wconf 90' lang='lat' dir='ltr'><strong>aliquo</strong></span> 
     </span>
     <span class='ocr_line' id='line_1_32' title="bbox 71 2952 2067 3041; baseline 0.002 -23"><span class='ocrx_word' id='word_1_439' title='bbox 71 2952 149 3037; x_wconf 90' lang='lat' dir='ltr'><strong>qn’il</strong></span> <span class='ocrx_word' id='word_1_440' title='bbox 182 2953 384 3022; x_wconf 87' lang='lat' dir='ltr'><strong>dissimulast</strong></span> <span class='ocrx_word' id='word_1_441' title='bbox 410 2964 443 3022; x_wconf 93' lang='lat' dir='ltr'><strong>et</strong></span> <span class='ocrx_word' id='word_1_442' title='bbox 476 2979 511 3023; x_wconf 87' lang='lat' dir='ltr'><strong>se</strong></span> <span class='ocrx_word' id='word_1_443' title='bbox 538 2965 627 3023; x_wconf 85' lang='lat' dir='ltr'><strong>toust</strong></span> <span class='ocrx_word' id='word_1_444' title='bbox 660 2958 800 3038; x_wconf 83' lang='lat' dir='ltr'><strong>(nomme</strong></span> <span class='ocrx_word' id='word_1_445' title='bbox 827 2956 878 3022; x_wconf 86' lang='lat' dir='ltr'><strong>s&#39;il</strong></span> <span class='ocrx_word' id='word_1_446' title='bbox 906 2978 940 3023; x_wconf 88' lang='lat' dir='ltr'><strong>se</strong></span> <span class='ocrx_word' id='word_1_447' title='bbox 969 2966 1043 3022; x_wconf 89' lang='lat' dir='ltr'><strong>eust</strong></span> <span class='ocrx_word' id='word_1_448' title='bbox 1094 2954 1189 3021; x_wconf 92' lang='lat' dir='ltr'><strong>modo</strong></span> <span class='ocrx_word' id='word_1_449' title='bbox 1211 2954 1366 3034; x_wconf 86' lang='lat' dir='ltr'><strong>redirent,</strong></span> <span class='ocrx_word' id='word_1_450' title='bbox 1385 2957 1591 3041; x_wconf 75' lang='lat' dir='ltr'><strong>prorogavit:</strong></span> <span class='ocrx_word' id='word_1_451' title='bbox 1625 2964 1659 3020; x_wconf 92' lang='lat' dir='ltr'><strong>et</strong></span> <span class='ocrx_word' id='word_1_452' title='bbox 1684 2956 1833 3039; x_wconf 87' lang='lat' dir='ltr'><strong>quamvis</strong></span> <span class='ocrx_word' id='word_1_453' title='bbox 1862 2965 1973 3039; x_wconf 79' lang='lat' dir='ltr'><strong>aperte</strong></span> <span class='ocrx_word' id='word_1_454' title='bbox 1996 2959 2067 3041; x_wconf 92' lang='lat' dir='ltr'><strong>qui-</strong></span> 
     </span>
     <span class='ocr_line' id='line_1_33' title="bbox 71 3039 2068 3126; baseline 0.002 -22"><span class='ocrx_word' id='word_1_455' title='bbox 71 3039 171 3104; x_wconf 91' lang='lat' dir='ltr'><strong>voulu</strong></span> <span class='ocrx_word' id='word_1_456' title='bbox 193 3040 310 3106; x_wconf 85' lang='lat' dir='ltr'><strong>eeoher</strong></span> <span class='ocrx_word' id='word_1_457' title='bbox 332 3040 454 3124; x_wconf 88' lang='lat' dir='ltr'><strong>d’eulx)</strong></span> <span class='ocrx_word' id='word_1_458' title='bbox 476 3042 525 3110; x_wconf 86' lang='lat' dir='ltr'><strong>les</strong></span> <span class='ocrx_word' id='word_1_459' title='bbox 546 3043 684 3109; x_wconf 88' lang='lat' dir='ltr'><strong>laissant</strong></span> <span class='ocrx_word' id='word_1_460' title='bbox 703 3042 785 3110; x_wconf 83' lang='lat' dir='ltr'><strong>oller</strong></span> <span class='ocrx_word' id='word_1_461' title='bbox 806 3063 902 3126; x_wconf 87' lang='lat' dir='ltr'><strong>apres</strong></span> <span class='ocrx_word' id='word_1_462' title='bbox 918 3043 966 3108; x_wconf 87' lang='lat' dir='ltr'><strong>les</strong></span> <span class='ocrx_word' id='word_1_463' title='bbox 986 3041 1042 3108; x_wconf 90' lang='lat' dir='ltr'><strong>de·</strong></span> <span class='ocrx_word' id='word_1_464' title='bbox 1094 3039 1170 3106; x_wconf 93' lang='lat' dir='ltr'><strong>dem</strong></span> <span class='ocrx_word' id='word_1_465' title='bbox 1190 3040 1452 3124; x_wconf 81' lang='lat' dir='ltr'><strong>indignationem</strong></span> <span class='ocrx_word' id='word_1_466' title='bbox 1472 3042 1567 3124; x_wconf 83' lang='lat' dir='ltr'><strong>qussi</strong></span> <span class='ocrx_word' id='word_1_467' title='bbox 1588 3040 1690 3107; x_wconf 91' lang='lat' dir='ltr'><strong>oeulis</strong></span> <span class='ocrx_word' id='word_1_468' title='bbox 1712 3042 1962 3108; x_wconf 89' lang='lat' dir='ltr'><strong>oonniventibus</strong></span> <span class='ocrx_word' id='word_1_469' title='bbox 1973 3042 2068 3108; x_wconf 90' lang='lat' dir='ltr'><strong>dissi·</strong></span> 
     </span>
     <span class='ocr_line' id='line_1_34' title="bbox 70 3125 2067 3212; baseline 0.003 -23"><span class='ocrx_word' id='word_1_470' title='bbox 70 3126 133 3191; x_wconf 87' lang='lat' dir='ltr'><strong>sirs</strong></span> <span class='ocrx_word' id='word_1_471' title='bbox 156 3133 189 3191; x_wconf 91' lang='lat' dir='ltr'><strong>et</strong></span> <span class='ocrx_word' id='word_1_472' title='bbox 211 3125 378 3193; x_wconf 82' lang='lat' dir='ltr'><strong>souhsiotr</strong></span> <span class='ocrx_word' id='word_1_473' title='bbox 407 3125 447 3195; x_wconf 94' lang='lat' dir='ltr'><strong>de</strong></span> <span class='ocrx_word' id='word_1_474' title='bbox 475 3128 548 3194; x_wconf 92' lang='lat' dir='ltr'><strong>leur</strong></span> <span class='ocrx_word' id='word_1_475' title='bbox 575 3128 838 3212; x_wconf 85' lang='lat' dir='ltr'><strong>eonoupisoenee,</strong></span> <span class='ocrx_word' id='word_1_476' title='bbox 865 3148 943 3194; x_wconf 89' lang='lat' dir='ltr'><strong>sans</strong></span> <span class='ocrx_word' id='word_1_477' title='bbox 963 3127 1041 3206; x_wconf 92' lang='lat' dir='ltr'><strong>loix,</strong></span> <span class='ocrx_word' id='word_1_478' title='bbox 1093 3126 1243 3206; x_wconf 87' lang='lat' dir='ltr'><strong>mularet,</strong></span> <span class='ocrx_word' id='word_1_479' title='bbox 1265 3126 1389 3210; x_wconf 91' lang='lat' dir='ltr'><strong>sibique</strong></span> <span class='ocrx_word' id='word_1_480' title='bbox 1410 3127 1459 3192; x_wconf 89' lang='lat' dir='ltr'><strong>ita</strong></span> <span class='ocrx_word' id='word_1_481' title='bbox 1476 3128 1565 3210; x_wconf 89' lang='lat' dir='ltr'><strong>ipsos</strong></span> <span class='ocrx_word' id='word_1_482' title='bbox 1585 3128 1797 3211; x_wconf 84' lang='lat' dir='ltr'><strong>permitteret,</strong></span> <span class='ocrx_word' id='word_1_483' title='bbox 1826 3127 1980 3193; x_wconf 85' lang='lat' dir='ltr'><strong>utnulla</strong></span> <span class='ocrx_word' id='word_1_484' title='bbox 2002 3149 2067 3195; x_wconf 89' lang='lat' dir='ltr'><strong>vox</strong></span> 
     </span>
     <span class='ocr_line' id='line_1_35' title="bbox 70 3211 2069 3299; baseline 0.002 -23"><span class='ocrx_word' id='word_1_485' title='bbox 70 3232 148 3276; x_wconf 90' lang='lat' dir='ltr'><strong>sans</strong></span> <span class='ocrx_word' id='word_1_486' title='bbox 170 3211 308 3298; x_wconf 67' lang='lat' dir='ltr'><strong>reprime,</strong></span> <span class='ocrx_word' id='word_1_487' title='bbox 338 3235 415 3282; x_wconf 79' lang='lat' dir='ltr'><strong>sens</strong></span> <span class='ocrx_word' id='word_1_488' title='bbox 440 3215 618 3285; x_wconf 89' lang='lat' dir='ltr'><strong>oorreotion</strong></span> <span class='ocrx_word' id='word_1_489' title='bbox 644 3214 844 3299; x_wconf 91' lang='lat' dir='ltr'><strong>queleonque</strong></span> <span class='ocrx_word' id='word_1_490' title='bbox 866 3213 906 3280; x_wconf 92' lang='lat' dir='ltr'><strong>de</strong></span> <span class='ocrx_word' id='word_1_491' title='bbox 928 3234 965 3280; x_wconf 87' lang='lat' dir='ltr'><strong>sa</strong></span> <span class='ocrx_word' id='word_1_492' title='bbox 984 3234 1041 3298; x_wconf 87' lang='lat' dir='ltr'><strong>pa-</strong></span> <span class='ocrx_word' id='word_1_493' title='bbox 1094 3212 1173 3291; x_wconf 90' lang='lat' dir='ltr'><strong>eius,</strong></span> <span class='ocrx_word' id='word_1_494' title='bbox 1197 3211 1289 3278; x_wconf 91' lang='lat' dir='ltr'><strong>nulla</strong></span> <span class='ocrx_word' id='word_1_495' title='bbox 1310 3213 1364 3278; x_wconf 90' lang='lat' dir='ltr'><strong>lex</strong></span> <span class='ocrx_word' id='word_1_496' title='bbox 1386 3235 1424 3279; x_wconf 89' lang='lat' dir='ltr'><strong>ao</strong></span> <span class='ocrx_word' id='word_1_497' title='bbox 1447 3211 1580 3278; x_wconf 87' lang='lat' dir='ltr'><strong>direetio</strong></span> <span class='ocrx_word' id='word_1_498' title='bbox 1613 3234 1767 3298; x_wconf 82' lang='lat' dir='ltr'><strong>expresse</strong></span> <span class='ocrx_word' id='word_1_499' title='bbox 1796 3221 1955 3290; x_wconf 80' lang='lat' dir='ltr'><strong>exstaret,</strong></span> <span class='ocrx_word' id='word_1_500' title='bbox 1984 3234 2069 3297; x_wconf 89' lang='lat' dir='ltr'><strong>quae</strong></span> 
     </span>
     <span class='ocr_line' id='line_1_36' title="bbox 69 3296 2123 3384; baseline 0.001 -22"><span class='ocrx_word' id='word_1_501' title='bbox 69 3296 165 3362; x_wconf 88' lang='lat' dir='ltr'><strong>rolle:</strong></span> <span class='ocrx_word' id='word_1_502' title='bbox 194 3299 400 3366; x_wconf 90' lang='lat' dir='ltr'><strong>neantmoins</strong></span> <span class='ocrx_word' id='word_1_503' title='bbox 427 3299 546 3378; x_wconf 86' lang='lat' dir='ltr'><strong>illeur</strong></span> <span class='ocrx_word' id='word_1_504' title='bbox 572 3299 710 3367; x_wconf 83' lang='lat' dir='ltr'><strong>abaille</strong></span> <span class='ocrx_word' id='word_1_505' title='bbox 738 3321 827 3367; x_wconf 83' lang='lat' dir='ltr'><strong>assez</strong></span> <span class='ocrx_word' id='word_1_506' title='bbox 848 3297 1041 3366; x_wconf 88' lang='lat' dir='ltr'><strong>d&#39;advertis-</strong></span> <span class='ocrx_word' id='word_1_507' title='bbox 1094 3304 1249 3382; x_wconf 80' lang='lat' dir='ltr'><strong>argueret</strong></span> <span class='ocrx_word' id='word_1_508' title='bbox 1277 3298 1416 3381; x_wconf 74' lang='lat' dir='ltr'><strong>peooafi:</strong></span> <span class='ocrx_word' id='word_1_509' title='bbox 1450 3320 1621 3383; x_wconf 88' lang='lat' dir='ltr'><strong>nunquam</strong></span> <span class='ocrx_word' id='word_1_510' title='bbox 1653 3319 1689 3365; x_wconf 89' lang='lat' dir='ltr'><strong>se</strong></span> <span class='ocrx_word' id='word_1_511' title='bbox 1727 3306 1840 3364; x_wconf 88' lang='lat' dir='ltr'><strong>tamen</strong></span> <span class='ocrx_word' id='word_1_512' title='bbox 1871 3298 1952 3364; x_wconf 88' lang='lat' dir='ltr'><strong>adeo</strong></span> <span class='ocrx_word' id='word_1_513' title='bbox 1980 3300 2067 3384; x_wconf 91' lang='lat' dir='ltr'><strong>apud</strong></span> <span class='ocrx_word' id='word_1_514' title='bbox 2120 3344 2123 3350; x_wconf 93' lang='lat'>-</span> 
     </span>
     <span class='ocr_line' id='line_1_37' title="bbox 71 3382 2068 3468; baseline 0.002 -20"><span class='ocrx_word' id='word_1_515' title='bbox 71 3402 201 3448; x_wconf 89' lang='lat' dir='ltr'><strong>semens</strong></span> <span class='ocrx_word' id='word_1_516' title='bbox 224 3383 280 3468; x_wconf 90' lang='lat' dir='ltr'><strong>qui</strong></span> <span class='ocrx_word' id='word_1_517' title='bbox 301 3383 350 3449; x_wconf 91' lang='lat' dir='ltr'><strong>les</strong></span> <span class='ocrx_word' id='word_1_518' title='bbox 372 3383 525 3453; x_wconf 93' lang='lat' dir='ltr'><strong>devoient</strong></span> <span class='ocrx_word' id='word_1_519' title='bbox 549 3385 667 3453; x_wconf 90' lang='lat' dir='ltr'><strong>ineiter</strong></span> <span class='ocrx_word' id='word_1_520' title='bbox 694 3393 716 3452; x_wconf 77' lang='lat' dir='ltr'><strong>a</strong></span> <span class='ocrx_word' id='word_1_521' title='bbox 744 3386 775 3451; x_wconf 93' lang='lat' dir='ltr'><strong>le</strong></span> <span class='ocrx_word' id='word_1_522' title='bbox 803 3386 946 3466; x_wconf 88' lang='lat' dir='ltr'><strong>eereher,</strong></span> <span class='ocrx_word' id='word_1_523' title='bbox 975 3394 1040 3455; x_wconf 81' lang='lat' dir='ltr'><strong>tas·</strong></span> <span class='ocrx_word' id='word_1_524' title='bbox 1092 3384 1182 3468; x_wconf 88' lang='lat' dir='ltr'><strong>ipsos</strong></span> <span class='ocrx_word' id='word_1_525' title='bbox 1203 3382 1385 3449; x_wconf 90' lang='lat' dir='ltr'><strong>Dominum</strong></span> <span class='ocrx_word' id='word_1_526' title='bbox 1406 3383 1535 3462; x_wconf 80' lang='lat' dir='ltr'><strong>solavit,</strong></span> <span class='ocrx_word' id='word_1_527' title='bbox 1556 3384 1636 3468; x_wconf 91' lang='lat' dir='ltr'><strong>quin</strong></span> <span class='ocrx_word' id='word_1_528' title='bbox 1656 3383 1716 3450; x_wconf 88' lang='lat' dir='ltr'><strong>illa</strong></span> <span class='ocrx_word' id='word_1_529' title='bbox 1737 3383 1907 3451; x_wconf 90' lang='lat' dir='ltr'><strong>exhiberet</strong></span> <span class='ocrx_word' id='word_1_530' title='bbox 1929 3406 2011 3468; x_wconf 88' lang='lat' dir='ltr'><strong>quae</strong></span> <span class='ocrx_word' id='word_1_531' title='bbox 2024 3392 2068 3451; x_wconf 85' lang='lat' dir='ltr'><strong>&#39;et</strong></span> 
     </span>
     <span class='ocr_line' id='line_1_38' title="bbox 69 3469 2068 3557; baseline 0.001 -23"><span class='ocrx_word' id='word_1_532' title='bbox 69 3476 136 3549; x_wconf 87' lang='lat' dir='ltr'><strong>ter,</strong></span> <span class='ocrx_word' id='word_1_533' title='bbox 165 3477 199 3534; x_wconf 93' lang='lat' dir='ltr'><strong>et</strong></span> <span class='ocrx_word' id='word_1_534' title='bbox 226 3475 362 3551; x_wconf 78' lang='lat' dir='ltr'><strong>trouver</strong></span> <span class='ocrx_word' id='word_1_535' title='bbox 389 3492 472 3555; x_wconf 91' lang='lat' dir='ltr'><strong>pour</strong></span> <span class='ocrx_word' id='word_1_536' title='bbox 499 3471 530 3537; x_wconf 92' lang='lat' dir='ltr'><strong>le</strong></span> <span class='ocrx_word' id='word_1_537' title='bbox 558 3473 782 3557; x_wconf 71' lang='lat' dir='ltr'><strong>eongnoistre,</strong></span> <span class='ocrx_word' id='word_1_538' title='bbox 818 3481 851 3537; x_wconf 91' lang='lat' dir='ltr'><strong>et</strong></span> <span class='ocrx_word' id='word_1_539' title='bbox 877 3469 1042 3538; x_wconf 89' lang='lat' dir='ltr'><strong>honnorer</strong></span> <span class='ocrx_word' id='word_1_540' title='bbox 1093 3470 1191 3536; x_wconf 85' lang='lat' dir='ltr'><strong>offleii</strong></span> <span class='ocrx_word' id='word_1_541' title='bbox 1219 3469 1547 3550; x_wconf 81' lang='lat' dir='ltr'><strong>eommonelaeerent,</strong></span> <span class='ocrx_word' id='word_1_542' title='bbox 1578 3479 1612 3535; x_wconf 90' lang='lat' dir='ltr'><strong>et</strong></span> <span class='ocrx_word' id='word_1_543' title='bbox 1638 3469 1680 3536; x_wconf 86' lang='lat' dir='ltr'><strong>ad</strong></span> <span class='ocrx_word' id='word_1_544' title='bbox 1707 3471 1816 3555; x_wconf 89' lang='lat' dir='ltr'><strong>ipsum</strong></span> <span class='ocrx_word' id='word_1_545' title='bbox 1842 3469 2068 3553; x_wconf 89' lang='lat' dir='ltr'><strong>quaerendum</strong></span> 
     </span>
     <span class='ocr_line' id='line_1_39' title="bbox 69 3553 2068 3640; baseline 0.003 -23"><span class='ocrx_word' id='word_1_546' title='bbox 69 3573 196 3619; x_wconf 91' lang='lat' dir='ltr'><strong>eomme</strong></span> <span class='ocrx_word' id='word_1_547' title='bbox 218 3553 242 3619; x_wconf 95' lang='lat' dir='ltr'><strong>il</strong></span> <span class='ocrx_word' id='word_1_548' title='bbox 265 3557 481 3640; x_wconf 87' lang='lat' dir='ltr'><strong>appartenoit</strong></span> <span class='ocrx_word' id='word_1_549' title='bbox 1013 3576 1018 3585; x_wconf 92' lang='lat'><em>·</em></span> <span class='ocrx_word' id='word_1_550' title='bbox 1095 3577 1133 3623; x_wconf 91' lang='lat' dir='ltr'><strong>ao</strong></span> <span class='ocrx_word' id='word_1_551' title='bbox 1149 3561 1349 3622; x_wconf 88' lang='lat' dir='ltr'><strong>tantumnon</strong></span> <span class='ocrx_word' id='word_1_552' title='bbox 1369 3556 1425 3639; x_wconf 88' lang='lat' dir='ltr'><strong>psl</strong></span> <span class='ocrx_word' id='word_1_553' title='bbox 1447 3555 1570 3622; x_wconf 83' lang='lat' dir='ltr'><strong>andum</strong></span> <span class='ocrx_word' id='word_1_554' title='bbox 1592 3556 1695 3624; x_wconf 90' lang='lat' dir='ltr'><strong>veluti</strong></span> <span class='ocrx_word' id='word_1_555' title='bbox 1716 3578 1818 3622; x_wconf 89' lang='lat' dir='ltr'><strong>manu</strong></span> <span class='ocrx_word' id='word_1_556' title='bbox 1835 3555 2007 3622; x_wconf 89' lang='lat' dir='ltr'><strong>duoerent:</strong></span> <span class='ocrx_word' id='word_1_557' title='bbox 2028 3566 2068 3622; x_wconf 91' lang='lat' dir='ltr'><strong>nt</strong></span> 
     </span>
     <span class='ocr_line' id='line_1_40' title="bbox 1095 3639 2067 3727; baseline -0.001 -18"><span class='ocrx_word' id='word_1_558' title='bbox 1095 3639 1148 3709; x_wconf 94' lang='lat' dir='ltr'><strong>vel</strong></span> <span class='ocrx_word' id='word_1_559' title='bbox 1169 3662 1229 3725; x_wconf 90' lang='lat' dir='ltr'><strong>pro</strong></span> <span class='ocrx_word' id='word_1_560' title='bbox 1251 3640 1342 3706; x_wconf 91' lang='lat' dir='ltr'><strong>illius</strong></span> <span class='ocrx_word' id='word_1_561' title='bbox 1364 3663 1417 3706; x_wconf 94' lang='lat' dir='ltr'><strong>mo</strong></span> <span class='ocrx_word' id='word_1_562' title='bbox 1442 3642 1448 3655; x_wconf 88' lang='lat'>&#39;</span> <span class='ocrx_word' id='word_1_563' title='bbox 1471 3643 1654 3726; x_wconf 81' lang='lat' dir='ltr'><strong>eognitione</strong></span> <span class='ocrx_word' id='word_1_564' title='bbox 1676 3641 1717 3708; x_wconf 85' lang='lat' dir='ltr'><strong>ab</strong></span> <span class='ocrx_word' id='word_1_565' title='bbox 1735 3643 1815 3725; x_wconf 87' lang='lat' dir='ltr'><strong>ipsis</strong></span> <span class='ocrx_word' id='word_1_566' title='bbox 1825 3643 1957 3727; x_wconf 82' lang='lat' dir='ltr'><strong>agnosoi</strong></span> <span class='ocrx_word' id='word_1_567' title='bbox 1967 3642 2067 3708; x_wconf 72' lang='lat' dir='ltr'><strong>edam</strong></span> 
     </span>
    </p>
   </div>
   <div class='ocr_carea' id='block_1_6' title="bbox 69 3809 1044 4927">
    <p class='ocr_par' dir='ltr' id='par_1_7' title="bbox 69 3809 1044 4927">
     <span class='ocr_line' id='line_1_41' title="bbox 157 3809 1042 3897; baseline 0.002 -21"><span class='ocrx_word' id='word_1_568' title='bbox 157 3809 224 3877; x_wconf 84' lang='lat' dir='ltr'><strong>Ger</strong></span> <span class='ocrx_word' id='word_1_569' title='bbox 245 3811 268 3876; x_wconf 94' lang='lat' dir='ltr'><strong>il</strong></span> <span class='ocrx_word' id='word_1_570' title='bbox 290 3833 310 3878; x_wconf 89' lang='grc' dir='ltr'><strong>ι</strong></span> <span class='ocrx_word' id='word_1_571' title='bbox 331 3811 439 3880; x_wconf 81' lang='lat' dir='ltr'><strong>esleve</strong></span> <span class='ocrx_word' id='word_1_572' title='bbox 460 3835 521 3897; x_wconf 87' lang='lat' dir='ltr'><strong>par</strong></span> <span class='ocrx_word' id='word_1_573' title='bbox 542 3823 628 3895; x_wconf 88' lang='lat' dir='ltr'><strong>tout,</strong></span> <span class='ocrx_word' id='word_1_574' title='bbox 659 3836 701 3880; x_wconf 92' lang='lat' dir='ltr'><strong>on</strong></span> <span class='ocrx_word' id='word_1_575' title='bbox 723 3824 798 3881; x_wconf 89' lang='lat' dir='ltr'><strong>tons</strong></span> <span class='ocrx_word' id='word_1_576' title='bbox 819 3813 918 3894; x_wconf 85' lang='lat' dir='ltr'><strong>lieux,</strong></span> <span class='ocrx_word' id='word_1_577' title='bbox 948 3822 981 3880; x_wconf 89' lang='lat' dir='ltr'><strong>et</strong></span> <span class='ocrx_word' id='word_1_578' title='bbox 1001 3834 1042 3878; x_wconf 93' lang='lat' dir='ltr'><strong>en</strong></span> 
     </span>
     <span class='ocr_line' id='line_1_42' title="bbox 70 3895 1043 3984; baseline 0.002 -23"><span class='ocrx_word' id='word_1_579' title='bbox 70 3902 178 3963; x_wconf 88' lang='lat' dir='ltr'><strong>tontes</strong></span> <span class='ocrx_word' id='word_1_580' title='bbox 196 3895 321 3977; x_wconf 76' lang='lat' dir='ltr'><strong>shores,</strong></span> <span class='ocrx_word' id='word_1_581' title='bbox 340 3919 392 3964; x_wconf 85' lang='lat' dir='ltr'><strong>ses</strong></span> <span class='ocrx_word' id='word_1_582' title='bbox 403 3900 619 3984; x_wconf 78' lang='lat' dir='ltr'><strong>enseigneset</strong></span> <span class='ocrx_word' id='word_1_583' title='bbox 635 3900 813 3980; x_wconf 86' lang='lat' dir='ltr'><strong>armoiries,</strong></span> <span class='ocrx_word' id='word_1_584' title='bbox 836 3899 926 3966; x_wconf 91' lang='lat' dir='ltr'><strong>voire</strong></span> <span class='ocrx_word' id='word_1_585' title='bbox 943 3900 1043 3966; x_wconf 83' lang='lat' dir='ltr'><strong>eouba</strong></span> 
     </span>
     <span class='ocr_line' id='line_1_43' title="bbox 71 3981 1043 4073; baseline 0.003 -27"><span class='ocrx_word' id='word_1_586' title='bbox 71 3981 204 4047; x_wconf 89' lang='lat' dir='ltr'><strong>blasons</strong></span> <span class='ocrx_word' id='word_1_587' title='bbox 226 3983 266 4048; x_wconf 94' lang='lat' dir='ltr'><strong>de</strong></span> <span class='ocrx_word' id='word_1_588' title='bbox 288 3985 316 4050; x_wconf 87' lang='lat' dir='ltr'><strong>si</strong></span> <span class='ocrx_word' id='word_1_589' title='bbox 336 3984 434 4050; x_wconf 83' lang='lat' dir='ltr'><strong>oloire</strong></span> <span class='ocrx_word' id='word_1_590' title='bbox 444 3985 663 4068; x_wconf 76' lang='lat' dir='ltr'><strong>intelligente,</strong></span> <span class='ocrx_word' id='word_1_591' title='bbox 685 3986 752 4071; x_wconf 91' lang='lat' dir='ltr'><strong>quil</strong></span> <span class='ocrx_word' id='word_1_592' title='bbox 764 3990 819 4073; x_wconf 81' lang='lat' dir='ltr'><strong>n’y</strong></span> <span class='ocrx_word' id='word_1_593' title='bbox 841 3985 930 4051; x_wconf 89' lang='lat' dir='ltr'><strong>avoit</strong></span> <span class='ocrx_word' id='word_1_594' title='bbox 947 3984 1043 4072; x_wconf 85' lang='lat' dir='ltr'><strong>oeluy</strong></span> 
     </span>
     <span class='ocr_line' id='line_1_44' title="bbox 72 4067 1044 4156; baseline 0.004 -24"><span class='ocrx_word' id='word_1_595' title='bbox 72 4069 127 4152; x_wconf 90' lang='lat' dir='ltr'><strong>qni</strong></span> <span class='ocrx_word' id='word_1_596' title='bbox 145 4067 236 4152; x_wconf 91' lang='lat' dir='ltr'><strong>peult</strong></span> <span class='ocrx_word' id='word_1_597' title='bbox 251 4069 427 4153; x_wconf 89' lang='lat' dir='ltr'><strong>pretendre</strong></span> <span class='ocrx_word' id='word_1_598' title='bbox 438 4071 613 4156; x_wconf 79' lang='lat' dir='ltr'><strong>ignorante</strong></span> <span class='ocrx_word' id='word_1_599' title='bbox 631 4072 672 4138; x_wconf 94' lang='lat' dir='ltr'><strong>de</strong></span> <span class='ocrx_word' id='word_1_600' title='bbox 689 4094 732 4138; x_wconf 92' lang='lat' dir='ltr'><strong>ne</strong></span> <span class='ocrx_word' id='word_1_601' title='bbox 749 4071 956 4155; x_wconf 81' lang='lat' dir='ltr'><strong>eongnoistre</strong></span> <span class='ocrx_word' id='word_1_602' title='bbox 975 4092 1044 4155; x_wconf 83' lang='lat' dir='ltr'><strong>ung</strong></span> 
     </span>
     <span class='ocr_line' id='line_1_45' title="bbox 72 4154 1043 4241; baseline 0.004 -23"><span class='ocrx_word' id='word_1_603' title='bbox 72 4154 101 4218; x_wconf 91' lang='lat' dir='ltr'><strong>si</strong></span> <span class='ocrx_word' id='word_1_604' title='bbox 118 4155 294 4221; x_wconf 81' lang='lat' dir='ltr'><strong>souverain</strong></span> <span class='ocrx_word' id='word_1_605' title='bbox 306 4156 472 4239; x_wconf 78' lang='lat' dir='ltr'><strong>seigneur:</strong></span> <span class='ocrx_word' id='word_1_606' title='bbox 498 4157 554 4241; x_wconf 88' lang='lat' dir='ltr'><strong>qui</strong></span> <span class='ocrx_word' id='word_1_607' title='bbox 575 4157 914 4241; x_wconf 88' lang='lat' dir='ltr'><strong>avoitsiamplement</strong></span> <span class='ocrx_word' id='word_1_608' title='bbox 935 4157 1043 4222; x_wconf 80' lang='lat' dir='ltr'><strong>exalte</strong></span> 
     </span>
     <span class='ocr_line' id='line_1_46' title="bbox 71 4240 1043 4327; baseline 0.004 -23"><span class='ocrx_word' id='word_1_609' title='bbox 71 4260 109 4305; x_wconf 90' lang='lat' dir='ltr'><strong>sa</strong></span> <span class='ocrx_word' id='word_1_610' title='bbox 129 4240 372 4327; x_wconf 78' lang='lat' dir='ltr'><strong>magnilioenee.</strong></span> <span class='ocrx_word' id='word_1_611' title='bbox 417 4241 507 4309; x_wconf 81' lang='lat' dir='ltr'><strong>O&#39;eet</strong></span> <span class='ocrx_word' id='word_1_612' title='bbox 528 4243 637 4326; x_wconf 84' lang='lat' dir='ltr'><strong>quand</strong></span> <span class='ocrx_word' id='word_1_613' title='bbox 659 4265 701 4309; x_wconf 89' lang='lat' dir='ltr'><strong>en</strong></span> <span class='ocrx_word' id='word_1_614' title='bbox 723 4251 831 4309; x_wconf 87' lang='lat' dir='ltr'><strong>tontes</strong></span> <span class='ocrx_word' id='word_1_615' title='bbox 851 4242 900 4309; x_wconf 89' lang='lat' dir='ltr'><strong>les</strong></span> <span class='ocrx_word' id='word_1_616' title='bbox 921 4243 1043 4326; x_wconf 85' lang='lat' dir='ltr'><strong>parties</strong></span> 
     </span>
     <span class='ocr_line' id='line_1_47' title="bbox 71 4322 1043 4411; baseline 0.003 -22"><span class='ocrx_word' id='word_1_617' title='bbox 71 4325 116 4390; x_wconf 90' lang='lat' dir='ltr'><strong>dn</strong></span> <span class='ocrx_word' id='word_1_618' title='bbox 138 4322 265 4405; x_wconf 90' lang='lat' dir='ltr'><strong>monde,</strong></span> <span class='ocrx_word' id='word_1_619' title='bbox 288 4347 330 4393; x_wconf 85' lang='lat' dir='ltr'><strong>au</strong></span> <span class='ocrx_word' id='word_1_620' title='bbox 352 4326 423 4406; x_wconf 89' lang='lat' dir='ltr'><strong>oiel,</strong></span> <span class='ocrx_word' id='word_1_621' title='bbox 446 4338 479 4393; x_wconf 92' lang='lat' dir='ltr'><strong>et</strong></span> <span class='ocrx_word' id='word_1_622' title='bbox 500 4327 586 4394; x_wconf 91' lang='lat' dir='ltr'><strong>enla</strong></span> <span class='ocrx_word' id='word_1_623' title='bbox 607 4335 703 4408; x_wconf 88' lang='lat' dir='ltr'><strong>terre,</strong></span> <span class='ocrx_word' id='word_1_624' title='bbox 725 4328 888 4394; x_wconf 85' lang='lat' dir='ltr'><strong>ilaesorit</strong></span> <span class='ocrx_word' id='word_1_625' title='bbox 905 4328 1043 4411; x_wconf 90' lang='lat' dir='ltr'><strong>etquasi</strong></span> 
     </span>
     <span class='ocr_line' id='line_1_48' title="bbox 71 4411 1042 4499; baseline 0.002 -22"><span class='ocrx_word' id='word_1_626' title='bbox 71 4420 215 4497; x_wconf 80' lang='lat' dir='ltr'><strong>engrave</strong></span> <span class='ocrx_word' id='word_1_627' title='bbox 240 4413 274 4478; x_wconf 88' lang='lat' dir='ltr'><strong>la</strong></span> <span class='ocrx_word' id='word_1_628' title='bbox 324 4411 403 4478; x_wconf 90' lang='lat' dir='ltr'><strong>loire</strong></span> <span class='ocrx_word' id='word_1_629' title='bbox 431 4413 470 4480; x_wconf 93' lang='lat' dir='ltr'><strong>de</strong></span> <span class='ocrx_word' id='word_1_630' title='bbox 492 4435 530 4480; x_wconf 87' lang='lat' dir='ltr'><strong>sa</strong></span> <span class='ocrx_word' id='word_1_631' title='bbox 550 4415 731 4498; x_wconf 84' lang='lat' dir='ltr'><strong>puissanoe,</strong></span> <span class='ocrx_word' id='word_1_632' title='bbox 753 4411 860 4494; x_wconf 69' lang='lat' dir='ltr'><strong>bontb,</strong></span> <span class='ocrx_word' id='word_1_633' title='bbox 882 4414 1042 4499; x_wconf 85' lang='lat' dir='ltr'><strong>sepienee,</strong></span> 
     </span>
     <span class='ocr_line' id='line_1_49' title="bbox 71 4499 1043 4586; baseline 0.003 -23"><span class='ocrx_word' id='word_1_634' title='bbox 71 4505 105 4563; x_wconf 88' lang='lat' dir='ltr'><strong>et</strong></span> <span class='ocrx_word' id='word_1_635' title='bbox 126 4499 273 4563; x_wconf 76' lang='lat' dir='ltr'><strong>eternitt.</strong></span> <span class='ocrx_word' id='word_1_636' title='bbox 338 4500 426 4566; x_wconf 88' lang='lat' dir='ltr'><strong>ainot</strong></span> <span class='ocrx_word' id='word_1_637' title='bbox 447 4500 532 4566; x_wconf 93' lang='lat' dir='ltr'><strong>Paul</strong></span> <span class='ocrx_word' id='word_1_638' title='bbox 554 4499 638 4566; x_wconf 93' lang='lat' dir='ltr'><strong>dono</strong></span> <span class='ocrx_word' id='word_1_639' title='bbox 660 4523 680 4565; x_wconf 90' lang='lat' dir='ltr'><strong>a</strong></span> <span class='ocrx_word' id='word_1_640' title='bbox 697 4500 746 4566; x_wconf 92' lang='lat' dir='ltr'><strong>dit</strong></span> <span class='ocrx_word' id='word_1_641' title='bbox 767 4500 844 4566; x_wconf 89' lang='lat' dir='ltr'><strong>bien</strong></span> <span class='ocrx_word' id='word_1_642' title='bbox 865 4521 958 4586; x_wconf 81' lang='lat' dir='ltr'><strong>vray,</strong></span> <span class='ocrx_word' id='word_1_643' title='bbox 980 4521 1043 4582; x_wconf 89' lang='lat' dir='ltr'><strong>que</strong></span> 
     </span>
     <span class='ocr_line' id='line_1_50' title="bbox 70 4582 1042 4667; baseline 0.002 -19"><span class='ocrx_word' id='word_1_644' title='bbox 70 4582 102 4648; x_wconf 91' lang='lat' dir='ltr'><strong>le</strong></span> <span class='ocrx_word' id='word_1_645' title='bbox 130 4583 286 4667; x_wconf 76' lang='lat' dir='ltr'><strong>seigneur</strong></span> <span class='ocrx_word' id='word_1_646' title='bbox 322 4605 364 4650; x_wconf 89' lang='lat' dir='ltr'><strong>ne</strong></span> <span class='ocrx_word' id='word_1_647' title='bbox 396 4606 433 4651; x_wconf 87' lang='lat' dir='ltr'><strong>se</strong></span> <span class='ocrx_word' id='word_1_648' title='bbox 464 4588 561 4653; x_wconf 90' lang='lat' dir='ltr'><strong>estoit</strong></span> <span class='ocrx_word' id='word_1_649' title='bbox 597 4586 713 4653; x_wconf 89' lang='lat' dir='ltr'><strong>iamais</strong></span> <span class='ocrx_word' id='word_1_650' title='bbox 744 4586 843 4653; x_wconf 81' lang='lat' dir='ltr'><strong>leisst</strong></span> <span class='ocrx_word' id='word_1_651' title='bbox 871 4607 949 4651; x_wconf 87' lang='lat' dir='ltr'><strong>sans</strong></span> <span class='ocrx_word' id='word_1_652' title='bbox 977 4594 1042 4651; x_wconf 90' lang='lat' dir='ltr'><strong>tes·</strong></span> 
     </span>
     <span class='ocr_line' id='line_1_51' title="bbox 70 4669 1043 4755; baseline 0.003 -21"><span class='ocrx_word' id='word_1_653' title='bbox 70 4669 281 4754; x_wconf 80' lang='lat' dir='ltr'><strong>moingnage:</strong></span> <span class='ocrx_word' id='word_1_654' title='bbox 304 4692 428 4739; x_wconf 86' lang='lat' dir='ltr'><strong>mesme</strong></span> <span class='ocrx_word' id='word_1_655' title='bbox 442 4691 562 4738; x_wconf 86' lang='lat' dir='ltr'><strong>envers</strong></span> <span class='ocrx_word' id='word_1_656' title='bbox 573 4671 669 4739; x_wconf 89' lang='lat' dir='ltr'><strong>oeulx</strong></span> <span class='ocrx_word' id='word_1_657' title='bbox 690 4671 843 4755; x_wconf 80' lang='lat' dir='ltr'><strong>ausquelr</strong></span> <span class='ocrx_word' id='word_1_658' title='bbox 865 4671 890 4736; x_wconf 92' lang='lat' dir='ltr'><strong>il</strong></span> <span class='ocrx_word' id='word_1_659' title='bbox 911 4672 965 4737; x_wconf 84' lang='lat' dir='ltr'><strong>n’a</strong></span> <span class='ocrx_word' id='word_1_660' title='bbox 985 4693 1043 4737; x_wconf 89' lang='lat' dir='ltr'><strong>en·</strong></span> 
     </span>
     <span class='ocr_line' id='line_1_52' title="bbox 70 4756 1043 4842; baseline 0.004 -22"><span class='ocrx_word' id='word_1_661' title='bbox 70 4763 157 4839; x_wconf 76' lang='lat' dir='ltr'><strong>voye</strong></span> <span class='ocrx_word' id='word_1_662' title='bbox 177 4775 304 4822; x_wconf 90' lang='lat' dir='ltr'><strong>auenne</strong></span> <span class='ocrx_word' id='word_1_663' title='bbox 325 4757 576 4842; x_wconf 78' lang='lat' dir='ltr'><strong>eongnoissanee</strong></span> <span class='ocrx_word' id='word_1_664' title='bbox 594 4757 634 4823; x_wconf 91' lang='lat' dir='ltr'><strong>de</strong></span> <span class='ocrx_word' id='word_1_665' title='bbox 656 4778 693 4824; x_wconf 92' lang='lat' dir='ltr'><strong>sa</strong></span> <span class='ocrx_word' id='word_1_666' title='bbox 711 4756 843 4842; x_wconf 86' lang='lat' dir='ltr'><strong>parolle.</strong></span> <span class='ocrx_word' id='word_1_667' title='bbox 887 4757 1043 4841; x_wconf 81' lang='lat' dir='ltr'><strong>Verque</strong></span> 
     </span>
     <span class='ocr_line' id='line_1_53' title="bbox 69 4840 1043 4927; baseline 0.004 -22"><span class='ocrx_word' id='word_1_668' title='bbox 69 4848 179 4915; x_wconf 88' lang='lat' dir='ltr'><strong>tontes</strong></span> <span class='ocrx_word' id='word_1_669' title='bbox 201 4840 248 4908; x_wconf 87' lang='lat' dir='ltr'><strong>les</strong></span> <span class='ocrx_word' id='word_1_670' title='bbox 270 4850 435 4909; x_wconf 82' lang='lat' dir='ltr'><strong>creaturos</strong></span> <span class='ocrx_word' id='word_1_671' title='bbox 456 4840 587 4926; x_wconf 86' lang='lat' dir='ltr'><strong>despuis</strong></span> <span class='ocrx_word' id='word_1_672' title='bbox 607 4843 639 4912; x_wconf 89' lang='lat' dir='ltr'><strong>le</strong></span> <span class='ocrx_word' id='word_1_673' title='bbox 660 4843 849 4909; x_wconf 80' lang='lat' dir='ltr'><strong>fimament</strong></span> <span class='ocrx_word' id='word_1_674' title='bbox 868 4842 984 4927; x_wconf 87' lang='lat' dir='ltr'><strong>iusque</strong></span> <span class='ocrx_word' id='word_1_675' title='bbox 1000 4864 1043 4909; x_wconf 89' lang='lat' dir='ltr'><strong>au</strong></span> 
     </span>
    </p>
   </div>
   <div class='ocr_carea' id='block_1_7' title="bbox 142 5111 932 5186">
    <p class='ocr_par' dir='ltr' id='par_1_8' title="bbox 142 5111 932 5186">
     <span class='ocr_line' id='line_1_54' title="bbox 142 5111 932 5186; baseline 0.005 -20"><span class='ocrx_word' id='word_1_676' title='bbox 142 5114 172 5179; x_wconf 86' lang='lat'><strong>1)</strong></span> <span class='ocrx_word' id='word_1_677' title='bbox 196 5113 292 5170; x_wconf 77' lang='lat' dir='ltr'><strong>Testes</strong></span> <span class='ocrx_word' id='word_1_678' title='bbox 308 5115 346 5170; x_wconf 88' lang='lat' dir='ltr'><strong>les</strong></span> <span class='ocrx_word' id='word_1_679' title='bbox 362 5111 422 5170; x_wconf 70' lang='lat' dir='ltr'><strong>loe.</strong></span> <span class='ocrx_word' id='word_1_680' title='bbox 437 5113 619 5186; x_wconf 66' lang='lat' dir='ltr'><strong>pestemque</strong></span> <span class='ocrx_word' id='word_1_681' title='bbox 636 5122 697 5172; x_wconf 76' lang='lat' dir='ltr'><strong>est:</strong></span> <span class='ocrx_word' id='word_1_682' title='bbox 711 5117 732 5176; x_wconf 76' lang='lat' dir='ltr'><strong>,l</strong></span> <span class='ocrx_word' id='word_1_683' title='bbox 748 5115 932 5173; x_wconf 81' lang='lat' dir='ltr'><strong>l&#39;obeisssnee.</strong></span> 
     </span>
    </p>
   </div>
   <div class='ocr_carea' id='block_1_8' title="bbox 1093 3726 2068 4924">
    <p class='ocr_par' dir='ltr' id='par_1_9' title="bbox 1094 3726 1898 3811">
     <span class='ocr_line' id='line_1_55' title="bbox 1094 3726 1898 3811; baseline -0.001 -18"><span class='ocrx_word' id='word_1_684' title='bbox 1094 3735 1128 3794; x_wconf 91' lang='lat' dir='ltr'><strong>et</strong></span> <span class='ocrx_word' id='word_1_685' title='bbox 1148 3727 1299 3811; x_wconf 79' lang='lat' dir='ltr'><strong>agnitum</strong></span> <span class='ocrx_word' id='word_1_686' title='bbox 1319 3726 1466 3811; x_wconf 81' lang='lat' dir='ltr'><strong>legitimo</strong></span> <span class='ocrx_word' id='word_1_687' title='bbox 1483 3727 1606 3793; x_wconf 90' lang='lat' dir='ltr'><strong>bonore</strong></span> <span class='ocrx_word' id='word_1_688' title='bbox 1627 3728 1689 3794; x_wconf 89' lang='lat' dir='ltr'><strong>ooli</strong></span> <span class='ocrx_word' id='word_1_689' title='bbox 1710 3727 1898 3810; x_wconf 84' lang='lat' dir='ltr'><strong>oportuerit</strong></span> 
     </span>
    </p>

    <p class='ocr_par' dir='ltr' id='par_1_10' title="bbox 1093 3812 2068 4924">
     <span class='ocr_line' id='line_1_56' title="bbox 1179 3812 2068 3898; baseline 0.002 -21"><span class='ocrx_word' id='word_1_690' title='bbox 1179 3812 1268 3878; x_wconf 88' lang='lat' dir='ltr'><strong>Nam</strong></span> <span class='ocrx_word' id='word_1_691' title='bbox 1288 3834 1351 3895; x_wconf 93' lang='lat' dir='ltr'><strong>quo</strong></span> <span class='ocrx_word' id='word_1_692' title='bbox 1373 3833 1408 3878; x_wconf 88' lang='lat' dir='ltr'><strong>se</strong></span> <span class='ocrx_word' id='word_1_693' title='bbox 1430 3821 1574 3879; x_wconf 87' lang='lat' dir='ltr'><strong>verteret</strong></span> <span class='ocrx_word' id='word_1_694' title='bbox 1594 3814 1765 3898; x_wconf 90' lang='lat' dir='ltr'><strong>quisquam</strong></span> <span class='ocrx_word' id='word_1_695' title='bbox 1787 3813 1839 3878; x_wconf 88' lang='lat' dir='ltr'><strong>eui</strong></span> <span class='ocrx_word' id='word_1_696' title='bbox 1854 3833 1925 3879; x_wconf 90' lang='lat' dir='ltr'><strong>non</strong></span> <span class='ocrx_word' id='word_1_697' title='bbox 1942 3813 2068 3879; x_wconf 89' lang='lat' dir='ltr'><strong>vooalia</strong></span> 
     </span>
     <span class='ocr_line' id='line_1_57' title="bbox 1095 3898 2067 3982; baseline 0 -17"><span class='ocrx_word' id='word_1_698' title='bbox 1095 3898 1254 3982; x_wconf 82' lang='lat' dir='ltr'><strong>quaedam</strong></span> <span class='ocrx_word' id='word_1_699' title='bbox 1276 3898 1461 3965; x_wconf 86' lang='lat' dir='ltr'><strong>testimonia</strong></span> <span class='ocrx_word' id='word_1_700' title='bbox 1482 3900 1633 3966; x_wconf 89' lang='lat' dir='ltr'><strong>veritatis</strong></span> <span class='ocrx_word' id='word_1_701' title='bbox 1654 3909 1688 3965; x_wconf 92' lang='lat' dir='ltr'><strong>et</strong></span> <span class='ocrx_word' id='word_1_702' title='bbox 1708 3899 1830 3982; x_wconf 84' lang='lat' dir='ltr'><strong>gloriae</strong></span> <span class='ocrx_word' id='word_1_703' title='bbox 1847 3898 1931 3964; x_wconf 90' lang='lat' dir='ltr'><strong>tanti</strong></span> <span class='ocrx_word' id='word_1_704' title='bbox 1942 3899 2067 3982; x_wconf 90' lang='lat' dir='ltr'><strong>opifiois</strong></span> 
     </span>
     <span class='ocr_line' id='line_1_58' title="bbox 1095 3984 2066 4068; baseline 0.002 -19"><span class='ocrx_word' id='word_1_705' title='bbox 1095 3991 1318 4061; x_wconf 89' lang='lat' dir='ltr'><strong>oeeurrerent‚</strong></span> <span class='ocrx_word' id='word_1_706' title='bbox 1360 4005 1443 4067; x_wconf 90' lang='lat' dir='ltr'><strong>quse</strong></span> <span class='ocrx_word' id='word_1_707' title='bbox 1480 4006 1547 4050; x_wconf 90' lang='lat' dir='ltr'><strong>non</strong></span> <span class='ocrx_word' id='word_1_708' title='bbox 1579 3985 1644 4050; x_wconf 85' lang='lat' dir='ltr'><strong>alte</strong></span> <span class='ocrx_word' id='word_1_709' title='bbox 1681 4004 1797 4049; x_wconf 90' lang='lat' dir='ltr'><strong>sonore</strong></span> <span class='ocrx_word' id='word_1_710' title='bbox 1830 4004 1868 4050; x_wconf 88' lang='lat' dir='ltr'><strong>ae</strong></span> <span class='ocrx_word' id='word_1_711' title='bbox 1897 3984 2066 4068; x_wconf 89' lang='lat' dir='ltr'><strong>splendide</strong></span> 
     </span>
     <span class='ocr_line' id='line_1_59' title="bbox 1095 4068 2066 4137; baseline 0.001 -2"><span class='ocrx_word' id='word_1_712' title='bbox 1095 4072 1215 4136; x_wconf 91' lang='lat' dir='ltr'><strong>summi</strong></span> <span class='ocrx_word' id='word_1_713' title='bbox 1237 4070 1334 4135; x_wconf 91' lang='lat' dir='ltr'><strong>unius</strong></span> <span class='ocrx_word' id='word_1_714' title='bbox 1355 4071 1420 4135; x_wconf 91' lang='lat' dir='ltr'><strong>Dei</strong></span> <span class='ocrx_word' id='word_1_715' title='bbox 1441 4071 1647 4137; x_wconf 87' lang='lat' dir='ltr'><strong>maiestatem</strong></span> <span class='ocrx_word' id='word_1_716' title='bbox 1667 4070 1703 4134; x_wconf 91' lang='lat' dir='ltr'><strong>in</strong></span> <span class='ocrx_word' id='word_1_717' title='bbox 1726 4068 1864 4135; x_wconf 89' lang='lat' dir='ltr'><strong>sublime</strong></span> <span class='ocrx_word' id='word_1_718' title='bbox 1891 4070 1951 4137; x_wconf 93' lang='lat' dir='ltr'><strong>sub</strong></span> <span class='ocrx_word' id='word_1_719' title='bbox 1974 4078 2066 4136; x_wconf 90' lang='lat' dir='ltr'><strong>tanto</strong></span> 
     </span>
     <span class='ocr_line' id='line_1_60' title="bbox 1095 4155 2065 4241; baseline -0.001 -20"><span class='ocrx_word' id='word_1_720' title='bbox 1095 4164 1145 4221; x_wconf 92' lang='lat' dir='ltr'><strong>tot</strong></span> <span class='ocrx_word' id='word_1_721' title='bbox 1177 4177 1288 4222; x_wconf 90' lang='lat' dir='ltr'><strong>rerum</strong></span> <span class='ocrx_word' id='word_1_722' title='bbox 1322 4155 1575 4223; x_wconf 82' lang='lat' dir='ltr'><strong>admiratissimo</strong></span> <span class='ocrx_word' id='word_1_723' title='bbox 1607 4164 1724 4239; x_wconf 86' lang='lat' dir='ltr'><strong>paratu</strong></span> <span class='ocrx_word' id='word_1_724' title='bbox 1756 4164 1903 4241; x_wconf 82' lang='lat' dir='ltr'><strong>eveotam</strong></span> <span class='ocrx_word' id='word_1_725' title='bbox 1926 4158 2065 4222; x_wconf 90' lang='lat' dir='ltr'><strong>oireum-</strong></span> 
     </span>
     <span class='ocr_line' id='line_1_61' title="bbox 1094 4239 2065 4325; baseline -0.002 -18"><span class='ocrx_word' id='word_1_726' title='bbox 1094 4240 1237 4307; x_wconf 82' lang='lat' dir='ltr'><strong>ferrent?</strong></span> <span class='ocrx_word' id='word_1_727' title='bbox 1283 4239 1338 4308; x_wconf 82' lang='lat' dir='ltr'><strong>Sie</strong></span> <span class='ocrx_word' id='word_1_728' title='bbox 1362 4241 1442 4307; x_wconf 90' lang='lat' dir='ltr'><strong>adeo</strong></span> <span class='ocrx_word' id='word_1_729' title='bbox 1469 4243 1505 4309; x_wconf 91' lang='lat' dir='ltr'><strong>in</strong></span> <span class='ocrx_word' id='word_1_730' title='bbox 1533 4241 1671 4325; x_wconf 75' lang='lat' dir='ltr'><strong>singulis</strong></span> <span class='ocrx_word' id='word_1_731' title='bbox 1696 4240 1844 4325; x_wconf 86' lang='lat' dir='ltr'><strong>partibus</strong></span> <span class='ocrx_word' id='word_1_732' title='bbox 1873 4242 1967 4307; x_wconf 90' lang='lat' dir='ltr'><strong>istius</strong></span> <span class='ocrx_word' id='word_1_733' title='bbox 1991 4242 2065 4305; x_wconf 89' lang='lat' dir='ltr'><strong>uni·</strong></span> 
     </span>
     <span class='ocr_line' id='line_1_62' title="bbox 1093 4326 2065 4412; baseline -0.004 -18"><span class='ocrx_word' id='word_1_734' title='bbox 1093 4329 1181 4394; x_wconf 88' lang='lat' dir='ltr'><strong>versi</strong></span> <span class='ocrx_word' id='word_1_735' title='bbox 1203 4347 1335 4393; x_wconf 88' lang='lat' dir='ltr'><strong>sursum</strong></span> <span class='ocrx_word' id='word_1_736' title='bbox 1358 4349 1395 4394; x_wconf 85' lang='grc' dir='ltr'><strong>ιι</strong></span> <span class='ocrx_word' id='word_1_737' title='bbox 1417 4327 1568 4394; x_wconf 91' lang='lat' dir='ltr'><strong>deorsum</strong></span> <span class='ocrx_word' id='word_1_738' title='bbox 1593 4326 1777 4412; x_wconf 77' lang='lat' dir='ltr'><strong>insculptas</strong></span> <span class='ocrx_word' id='word_1_739' title='bbox 1804 4327 1937 4411; x_wconf 89' lang='lat' dir='ltr'><strong>reliquit</strong></span> <span class='ocrx_word' id='word_1_740' title='bbox 1968 4340 2065 4408; x_wconf 86' lang='lat' dir='ltr'><strong>atque</strong></span> 
     </span>
     <span class='ocr_line' id='line_1_63' title="bbox 1093 4411 2064 4497; baseline -0.003 -18"><span class='ocrx_word' id='word_1_741' title='bbox 1093 4433 1265 4497; x_wconf 84' lang='lat' dir='ltr'><strong>expresses</strong></span> <span class='ocrx_word' id='word_1_742' title='bbox 1293 4412 1429 4495; x_wconf 82' lang='lat' dir='ltr'><strong>gloriae,</strong></span> <span class='ocrx_word' id='word_1_743' title='bbox 1462 4413 1641 4497; x_wconf 90' lang='lat' dir='ltr'><strong>potentiae,</strong></span> <span class='ocrx_word' id='word_1_744' title='bbox 1675 4411 1844 4492; x_wconf 87' lang='lat' dir='ltr'><strong>bonitatis,</strong></span> <span class='ocrx_word' id='word_1_745' title='bbox 1876 4411 2064 4496; x_wconf 88' lang='lat' dir='ltr'><strong>sapientiae,</strong></span> 
     </span>
     <span class='ocr_line' id='line_1_64' title="bbox 1094 4495 2066 4583; baseline -0.001 -20"><span class='ocrx_word' id='word_1_746' title='bbox 1094 4498 1297 4564; x_wconf 86' lang='lat' dir='ltr'><strong>aeternitatis</strong></span> <span class='ocrx_word' id='word_1_747' title='bbox 1331 4499 1642 4583; x_wconf 72' lang='lat' dir='ltr'><strong>significantissime</strong></span> <span class='ocrx_word' id='word_1_748' title='bbox 1680 4499 1915 4582; x_wconf 87' lang='lat' dir='ltr'><strong>inseriptiones.</strong></span> <span class='ocrx_word' id='word_1_749' title='bbox 1967 4495 2066 4562; x_wconf 89' lang='lat' dir='ltr'><strong>Unde</strong></span> 
     </span>
     <span class='ocr_line' id='line_1_65' title="bbox 1093 4580 2065 4668; baseline -0.003 -19"><span class='ocrx_word' id='word_1_750' title='bbox 1093 4583 1176 4650; x_wconf 89' lang='lat' dir='ltr'><strong>illud</strong></span> <span class='ocrx_word' id='word_1_751' title='bbox 1198 4583 1305 4663; x_wconf 89' lang='lat' dir='ltr'><strong>Pauli,</strong></span> <span class='ocrx_word' id='word_1_752' title='bbox 1327 4583 1415 4668; x_wconf 83' lang='lat' dir='ltr'><strong>epod</strong></span> <span class='ocrx_word' id='word_1_753' title='bbox 1436 4585 1525 4668; x_wconf 90' lang='lat' dir='ltr'><strong>ipsos</strong></span> <span class='ocrx_word' id='word_1_754' title='bbox 1551 4585 1652 4650; x_wconf 88' lang='lat' dir='ltr'><strong>etiam</strong></span> <span class='ocrx_word' id='word_1_755' title='bbox 1678 4584 1842 4663; x_wconf 86' lang='lat' dir='ltr'><strong>homines,</strong></span> <span class='ocrx_word' id='word_1_756' title='bbox 1871 4580 1957 4666; x_wconf 88' lang='lat' dir='ltr'><strong>apud</strong></span> <span class='ocrx_word' id='word_1_757' title='bbox 1984 4601 2065 4665; x_wconf 90' lang='lat' dir='ltr'><strong>quos</strong></span> 
     </span>
     <span class='ocr_line' id='line_1_66' title="bbox 1093 4666 2066 4746; baseline -0.004 -11"><span class='ocrx_word' id='word_1_758' title='bbox 1093 4669 1156 4735; x_wconf 92' lang='lat' dir='ltr'><strong>Dei</strong></span> <span class='ocrx_word' id='word_1_759' title='bbox 1181 4672 1251 4735; x_wconf 89' lang='lat' dir='ltr'><strong>veri</strong></span> <span class='ocrx_word' id='word_1_760' title='bbox 1272 4670 1390 4735; x_wconf 84' lang='lat' dir='ltr'><strong>notitis</strong></span> <span class='ocrx_word' id='word_1_761' title='bbox 1410 4691 1451 4740; x_wconf 79' lang='lat' dir='ltr'><strong>ex</strong></span> <span class='ocrx_word' id='word_1_762' title='bbox 1469 4670 1569 4737; x_wconf 89' lang='lat' dir='ltr'><strong>verbo</strong></span> <span class='ocrx_word' id='word_1_763' title='bbox 1590 4691 1658 4735; x_wconf 94' lang='lat' dir='ltr'><strong>non</strong></span> <span class='ocrx_word' id='word_1_764' title='bbox 1681 4671 1815 4746; x_wconf 88' lang='lat' dir='ltr'><strong>exstitit,</strong></span> <span class='ocrx_word' id='word_1_765' title='bbox 1837 4689 1904 4733; x_wconf 93' lang='lat' dir='ltr'><strong>non</strong></span> <span class='ocrx_word' id='word_1_766' title='bbox 1934 4666 2007 4732; x_wconf 92' lang='lat' dir='ltr'><strong>ideo</strong></span> <span class='ocrx_word' id='word_1_767' title='bbox 2028 4682 2066 4733; x_wconf 87' lang='lat' dir='ltr'><strong>se</strong></span> 
     </span>
     <span class='ocr_line' id='line_1_67' title="bbox 1094 4753 2065 4841; baseline -0.002 -21"><span class='ocrx_word' id='word_1_768' title='bbox 1094 4763 1206 4822; x_wconf 91' lang='lat' dir='ltr'><strong>tamen</strong></span> <span class='ocrx_word' id='word_1_769' title='bbox 1223 4753 1394 4841; x_wconf 74' lang='grc' dir='ltr'><strong><em>ἀμάρτυρον</em></strong></span> <span class='ocrx_word' id='word_1_770' title='bbox 1421 4755 1598 4841; x_wconf 88' lang='lat' dir='ltr'><strong>reliquisse.</strong></span> <span class='ocrx_word' id='word_1_771' title='bbox 1642 4757 1733 4840; x_wconf 80' lang='lat' dir='ltr'><strong>Ergo</strong></span> <span class='ocrx_word' id='word_1_772' title='bbox 1761 4761 1840 4837; x_wconf 91' lang='lat' dir='ltr'><strong>quot</strong></span> <span class='ocrx_word' id='word_1_773' title='bbox 1865 4754 2065 4820; x_wconf 85' lang='lat' dir='ltr'><strong>exstiterunt</strong></span> 
     </span>
     <span class='ocr_line' id='line_1_68' title="bbox 1093 4840 2064 4924; baseline -0.001 -18"><span class='ocrx_word' id='word_1_774' title='bbox 1093 4842 1212 4924; x_wconf 88' lang='lat' dir='ltr'><strong>ubique</strong></span> <span class='ocrx_word' id='word_1_775' title='bbox 1233 4840 1299 4907; x_wconf 91' lang='lat' dir='ltr'><strong>Dei</strong></span> <span class='ocrx_word' id='word_1_776' title='bbox 1331 4848 1514 4923; x_wconf 88' lang='lat' dir='ltr'><strong>ereaturae,</strong></span> <span class='ocrx_word' id='word_1_777' title='bbox 1542 4842 1678 4909; x_wconf 91' lang='lat' dir='ltr'><strong>totidem</strong></span> <span class='ocrx_word' id='word_1_778' title='bbox 1708 4846 1939 4906; x_wconf 87' lang='lat' dir='ltr'><strong>remanserunt</strong></span> <span class='ocrx_word' id='word_1_779' title='bbox 1969 4858 2064 4923; x_wconf 84' lang='lat' dir='ltr'><strong>pree-</strong></span> 
     </span>
    </p>
   </div>
   <div class='ocr_carea' id='block_1_9' title="bbox 1094 5016 1298 5026">
    <p class='ocr_par' dir='ltr' id='par_1_11' title="bbox 1094 5016 1298 5026">
     <span class='ocr_line' id='line_1_69' title="bbox 1094 5016 1298 5026; baseline -0.015 0"><span class='ocrx_word' id='word_1_780' title='bbox 1094 5016 1298 5026; x_wconf 64' lang='lat'>——-&lt;—-—--</span> 
     </span>
    </p>
   </div>
   <div class='ocr_carea' id='block_1_10' title="bbox 1164 5110 1673 5181">
    <p class='ocr_par' dir='ltr' id='par_1_12' title="bbox 1164 5110 1673 5181">
     <span class='ocr_line' id='line_1_70' title="bbox 1164 5110 1673 5181; baseline -0.008 -13"><span class='ocrx_word' id='word_1_781' title='bbox 1164 5115 1190 5181; x_wconf 87' lang='lat'><strong>1)</strong></span> <span class='ocrx_word' id='word_1_782' title='bbox 1210 5114 1258 5170; x_wconf 79' lang='lat' dir='ltr'><strong>Ee</strong></span> <span class='ocrx_word' id='word_1_783' title='bbox 1275 5114 1391 5172; x_wconf 76' lang='lat' dir='ltr'><strong>Horatii</strong></span> <span class='ocrx_word' id='word_1_784' title='bbox 1408 5114 1477 5172; x_wconf 77' lang='lat' dir='ltr'><strong>Odit</strong></span> <span class='ocrx_word' id='word_1_785' title='bbox 1494 5115 1510 5170; x_wconf 91' lang='lat' dir='ltr'><strong>l.</strong></span> <span class='ocrx_word' id='word_1_786' title='bbox 1529 5113 1590 5169; x_wconf 85' lang='lat'><em>111.</em></span> <span class='ocrx_word' id='word_1_787' title='bbox 1609 5128 1631 5169; x_wconf 80' lang='lat' dir='ltr'><strong>e.</strong></span> <span class='ocrx_word' id='word_1_788' title='bbox 1649 5110 1673 5165; x_wconf 87' lang='grc'><strong>6.</strong></span> 
     </span>
    </p>
   </div>
   <div class='ocr_carea' id='block_1_11' title="bbox 0 0 2300 5858">
    <p class='ocr_par' dir='ltr' id='par_1_13' title="bbox 0 0 2300 5858">
     <span class='ocr_line' id='line_1_71' title="bbox 0 0 2300 5858; baseline 0 1"><span class='ocrx_word' id='word_1_789' title='bbox 0 0 2300 5858; x_wconf 95' lang='lat' dir='ltr'><strong> </strong></span> 
     </span>
    </p>
   </div>
  </div>
 </body>
</html>
