4724 5886
952 305 1318 376 PROLEGOMENA.
2012 313 2137 380 LXXI

136 492 284 560 eiusdem
306 493 348 559 ad
369 495 517 573 lautores,
541 502 679 579 utraque
701 497 926 579 quaeternioni
942 495 1166 581 praeliminari
1186 497 1352 581 inseripta
1397 496 1592 582 Sequuntur
1629 504 1661 578 1)
1683 497 1751 566 Sex
1778 499 1934 585 epistolae
1963 503 2133 586 Anonymi

134 605 292 672 Patavini
308 605 490 691 (Vergerii)
503 606 545 672 ad
557 607 697 673 eundem
711 606 888 675 (lurionem
903 627 946 673 ex
957 607 1076 676 italiois
1087 608 1209 674 latinae
1218 608 1325 676 faotae
1335 608 1376 676 de
1392 610 1526 695 negotio
1539 609 1685 695 Spierae,
1696 631 1770 697 pag.
1788 616 1899 676 1-32.
1934 613 1970 690 2)
1982 613 2135 698 Epistola

134 716 258 782 Matth.
282 715 444 797 Gribaldi,
465 717 577 802 legum
597 718 791 802 professoris
811 719 848 784 in
869 720 1032 786 Patauino
1052 719 1244 805 Gymnasio,
1267 740 1341 805 pag.
1365 725 1503 787 33-56.
1540 726 1575 800 3)
1597 721 1726 790 Oalvmi
1748 723 1906 806 praefatio
1934 743 2035 808 supra
2060 725 2133 790 lau·

133 827 215 894 data
234 848 309 913 pag.
332 831 467 894 57-61.
513 835 549 906 4)
570 829 707 896 Homini
733 827 826 897 Sesti
854 832 1064 915 opuseulum,
1093 832 1159 897 iam
1187 842 1264 898 ante
1292 829 1429 915 Spiarae
1462 833 1589 900 obitum
1617 834 1783 917 seriptum,
1808 856 1881 920 pag.
1911 837 2047 900 62-95.
2099 839 2133 913 5)

131 937 343 1024 Sigu'smundi
364 937 460 1005 Geloi
482 940 703 1027 'Pransylvani
724 941 863 1008 historia
881 941 922 1008 de
941 942 980 1008 F.
1004 940 1131 1025 Spiara,
1153 963 1226 1027 pag.
1246 946 1404 1010 96-124.
1449 947 1485 1020 6)
1503 944 1544 1010 In
1561 945 1619 1010 rr.
1639 942 1778 1029 Spierae
1794 966 1908 1012 ossum
1924 947 2017 1012 Petri
2035 945 2134 1013 Pauli

129 1050 289 1136 Vergerii
316 1051 458 1135 episoopi
486 1052 751 1137 Iustinopolitani
778 1053 928 1138 apologia
956 1075 997 1120 ex
1025 1054 1134 1121 italiae
1161 1074 1314 1121 sermone
1341 1055 1378 1119 in
1404 1055 1545 1121 latinum
1577 1076 1745 1137 conversa,
1773 1078 1846 1142 pag.
1875 1061 2052 1123 125-144.
2098 1061 2132 1136 7)

130 1161 276 1229 Martini
297 1161 439 1228 Borrhai
460 1161 618 1230 iudioinm
638 1164 797 1249 singulari
818 1164 915 1230 titulo
936 1174 1097 1247 ornatum,
1116 1187 1239 1232 annum
1266 1169 1347 1231 1550
1367 1166 1538 1246 referente,
1561 1189 1602 1234 ax
1624 1189 1689 1252 quo
1707 1168 1795 1234 huno
1812 1169 2004 1234 Borrhaum
2026 1170 2129 1236 totius

131 1273 337 1341 oolleotionis
357 1272 517 1340 editorem
537 1275 638 1342 fuisse
658 1277 775 1341 merito
795 1297 875 1342 sane
897 1278 1082 1344 oonieoeris.
1126 1278 1245 1344 Finem
1266 1279 1345 1345 faoit
1370 1277 1470 1344 index
1491 1300 1601 1347 rerum
1624 1279 1894 1347 memorabilium

292 1386 442 1451 Tertium
463 1387 601 1471 denique
622 1386 816 1471 opuseulum
837 1388 1013 1454 habuimus
1033 1390 1113 1455 item
1134 1412 1177 1456 ex
1198 1390 1395 1458 bibliotheea
1416 1389 1685 1476 Guelferbytana,
1707 1391 1805 1475 idque
1824 1391 1979 1475 gallicum
2006 1398 2040 1457 et
2061 1392 2130 1457 sin·

131 1497 252 1582 gulare
280 1494 464 1576 admodum,
491 1498 557 1565 imo
588 1497 763 1565 ridieulum
790 1505 825 1563 et
846 1507 1080 1581 monstrosum,
1107 1501 1143 1567 in
1169 1523 1234 1586 quo
1261 1503 1349 1568 inter
1375 1501 1439 1566 alia
1467 1502 1567 1567 etiam
1595 1501 1727 1568 Oalvini
1760 1504 1918 1586 praefatio
1951 1503 1988 1568 in
2016 1501 2131 1568 Vitam

128 1608 276 1692 Spieraa
297 1607 424 1692 legitur.
470 1610 600 1676 Titulus
622 1618 686 1677 est:

274 1702 342 1792 ¹uu
370 1715 375 1821 l
402 1712 530 1795 Deux
562 1724 771 1794 monstres
803 1722 1522 1822 prolDIGIEUX,1assvora1D’un
1549 1725 1764 1808 Asse-Papo,
1798 1725 1853 1808 qui
1886 1725 1939 1791 fus
1963 1733 2131 1792 trouma

128 1834 243 1900 Reme
265 1853 308 1898 en
327 1835 361 1901 la
383 1837 412 1900 ri
430 1836 436 1917 Ι
454 1837 546 1902 viere
567 1833 613 1899 du
630 1833 737 1914 libre,
760 1834 826 1899 l’an
843 1834 889 1900 Μ.
912 1832 1037 1902 0000.
1056 1834 1181 1903 XOVI.
1202 1834 1209 1920 Ι
1226 1845 1276 1900 ΕΤ
1296 1834 1301 1921 Ι
1319 1834 1411 1902 D’un
1434 1835 1654 1902 Vasa-moine
1671 1856 1738 1923 nay
1754 1842 1777 1901 a
1792 1837 1934 1922 Fribsrg
1951 1859 1991 1903 en
2009 1836 2130 1916 Miana,

123 1944 198 2012 l'an
218 1944 224 2031 Ι
244 1946 291 2011 Μ.
320 1944 363 2011 Ι).
397 1946 580 2034 ΧΧἯΠΙ
603 1953 659 2023 Qui
679 1959 742 2009 sont
762 1955 840 2009 orode
860 1969 992 2025 praepes
1013 1955 1048 2009 ds
1062 1954 1123 2011 l's're
1139 1955 1173 2010 ds
1190 1953 1279 2009 Dira.-
1297 1960 1408 2011 mesta
1424 1962 1450 2010 st
1467 1954 1598 2023 asara,
1620 1955 1679 2011 fron
1699 1971 1754 2024 por
1771 1958 1801 2013 P.
1812 1959 1879 2013 ME·
1897 1948 1903 2031 Ι
1923 1956 2130 2028 LANOE'HON,

122 2065 339 2134 araaeepsr
360 2057 911 2143 M.LUTHER}AVEleuelqaes
936 2058 1089 2139 ampla
1113 2058 1168 2124 des
1200 2060 1357 2141 iopam
1388 2059 1425 2124 de
1453 2057 1540 2125 Dira
1567 2078 1605 2123 en
1628 2060 1662 2125 ta
1687 2065 1768 2125 mort
1795 2059 2075 2142 ospes-laetatis,
2101 2063 2131 2125 et

121 2169 291 2252 desespoir
313 2169 350 2234 de
366 2169 538 2251 plusieurs,
554 2190 640 2251 pour
661 2169 749 2234 avoir
770 2168 951 2236 abandm‘
971 2169 976 2255 Ι
994 2170 1028 2236 la
1048 2170 1145 2236 verse
1166 2172 1205 2237 de
1230 2168 1415 2253 l'anapile.
1437 2171 1442 2254 Ι
1461 2178 1922 2247 (memstserpentsamlogenue)
1960 2171 1966 2254 Ι
2006 2169 2129 2236 OHEZ

120 2276 248 2346 IEAN
271 2279 570 2365 011118Ρ1Ν.ΙΜ.
593 2281 635 2347 D.
658 2279 768 2347 LVII.
900 2352 901 2355 ,

286 2392 389 2458 Liber
410 2394 472 2458 iste
493 2392 617 2458 formae
643 2393 870 2476 quaternarias
897 2391 1048 2458 undeoim
1074 2392 1325 2475 quaternionum
1353 2391 1498 2472 (A-L),
1526 2392 1656 2478 paginis
1682 2393 1863 2458 numeratis
1892 2394 1933 2456 88
1961 2391 2129 2458 absolutus

119 2504 282 2586 eontinet
302 2502 399 2570 haee:
423 2510 448 2569 l.
468 2504 710 2570 Praefationem
732 2503 885 2587 crispini.
931 2507 960 2568 2.
984 2503 1188 2570 Declarata'on
1209 2503 1246 2568 de
1272 2504 1306 2570 lu
1332 2502 1434 2588 fipare
1454 2491 1668 2570 maneae
1694 2504 1733 2569 de
1754 2501 1965 2585 Lesas-Papa
1986 2511 2045 2568 ste.
2062 2522 2130 2584 par

121 2615 191 2682 Pa.
215 2613 422 2682 Maroneam.
464 2615 592 2700 Figura
612 2616 685 2699 ipsa
702 2616 792 2699 bipes
815 2623 931 2696 ereota,
949 2616 1055 2698 eapite
1072 2614 1209 2694 asinino,
1228 2635 1361 2698 eorpore
1382 2622 1453 2680 tote
1470 2621 1600 2699 praeter
1616 2621 1732 2699 peetus
1753 2621 1786 2680 et
1803 2623 1953 2681 ventrem
1977 2634 2128 2679 manum·

115 2747 192 2811 que
215 2726 385 2793 sinistram
407 2728 551 2809 squamis
574 2734 669 2804 teoto,
693 2727 810 2792 dextra
842 2728 877 2792 in
906 2727 1085 2793 deformem
1113 2726 1297 2810 elephantis
1318 2725 1437 2811 pedem
1466 2734 1620 2804 exeunte,
1649 2726 1801 2793 mammis
1829 2726 1978 2792 femineis
2004 2732 2129 2805 ornata,

114 2839 237 2905 altero
260 2837 344 2922 pede
364 2837 401 2903 in
422 2838 581 2922 ungulam
602 2837 757 2904 bovinam
780 2838 956 2918 desinente,
979 2839 1082 2904 altero
1102 2839 1138 2903 in
1160 2837 1342 2921 aquilinum
1365 2858 1519 2923 unguem,
1541 2860 1559 2904 e
1580 2846 1674 2923 tergo
1697 2836 1819 2904 eundae
1849 2839 1923 2904 vioe
1950 2835 2072 2903 oollum
2096 2844 2131 2902 et

112 2957 231 3035 eaput
255 2948 404 3016 maeonis
426 2957 622 3030 monstrans,
645 2951 730 3017 natis
752 2951 903 3018 sinistrae
924 2950 1003 3030 loeo,
1027 2971 1125 3033 quam
1146 2950 1249 3016 solam
1268 2948 1379 3029 vides,
1408 2949 1525 3015 faeiem
1549 2949 1737 3015 humanam
1788 2947 1883 3029 Quae
1910 2948 2041 3032 singula
2064 2947 2130 3013 ele-

110 3069 257 3141 menta,
285 3062 314 3126 si
340 3060 472 3127 deatum
497 3062 709 3145 interpretem
736 3061 886 3141 audieris,
917 3071 1057 3147 papatus
1083 3062 1262 3146 imaginem
1284 3062 1441 3127 referunt
1488 3063 1517 3126 3.
1546 3059 1787 3142 loterpretotioa
1813 3060 1852 3124 de
1873 3057 1920 3124 M
1944 3058 2065 3125 Luae
2084 3060 2130 3125 du

108 3178 264 3240 neonem
285 3193 323 3239 en
339 3171 439 3256 pipare
459 3173 497 3239 de
526 3173 737 3240 Versu-moine.
781 3172 917 3240 Vitulus
939 3182 990 3240 est
1011 3195 1085 3240 eum
1106 3173 1212 3257 eapite
1234 3174 1414 3238 humanam
1436 3171 1578 3256 speeiem
1607 3172 1813 3257 aliquatenus
1839 3171 2019 3251 referente,
2038 3177 2130 3235 stans

110 3292 271 3363 erastus,
292 3284 386 3367 pellis
405 3284 501 3368 plicis
519 3286 565 3350 ita
581 3283 746 3369 dispositis
762 3293 802 3351 nt
818 3287 959 3353 vestium
977 3283 1226 3353 saeerdotalium
1247 3284 1388 3369 aliquam
1406 3282 1663 3362 similitudinem,
1682 3284 1710 3348 si
1725 3283 1897 3367 plaouerit,
1916 3282 1976 3347 tibi
1996 3301 2129 3365 reprae-

111 3405 264 3463 sentare
285 3398 398 3479 possis.
444 3403 473 3461 4.
496 3397 569 3462 Iam
590 3397 643 3463 his
664 3397 822 3463 absolutis
844 3405 1026 3482 sequnntur
1052 3397 1203 3480 exempla
1229 3396 1286 3461 illa
1315 3395 1550 3479 desperationis
1575 3393 1780 3478 relapsurum
1809 3413 1893 3477 qnae
1919 3392 2130 3476 promittebat

110 3507 258 3587 titulus,
279 3528 353 3574 eum
374 3507 617 3592 novaOrispini
639 3510 847 3591 praefatione.
891 3508 1041 3590 Quorum
1059 3508 1204 3593 primum
1221 3515 1271 3574 est
1284 3506 1430 3591 Spierae,
1449 3505 1560 3571 addita
1571 3504 1956 3588 Oalvinisoriptiunoula.
1990 3502 2130 3570 (faetere

110 3620 242 3706 pausis
264 3619 402 3703 pagellis
424 3618 754 3702 comprehenduntur,
776 3619 898 3687 scilieet
918 3620 1054 3687 Krausii
1074 3619 1243 3687 ouiusdam
1269 3618 1442 3697 Halensis,
1465 3616 1651 3684 Oardinalis
1677 3616 1867 3695 Oresoentii,
1893 3615 1959 3682 Iao.
1987 3612 2128 3693 Latomi,

116 3736 165 3799 et
186 3729 327 3796 duorum
349 3730 575 3816 theologorum
586 3733 841 3798 Lovanensium.
874 3731 1046 3814 Quantum
1067 3730 1109 3797 ad
1119 3731 1260 3798 Imtheri
1277 3737 1311 3797 et
1320 3728 1589 3797 Melanohthonis
1608 3727 1745 3808 libellos,
1763 3747 1819 3793 eos
1836 3728 1901 3792 iam
1919 3736 2017 3793 antea
2034 3746 2129 3811 sepa-

120 3842 231 3911 ratim
259 3849 294 3907 et
314 3844 498 3927 germaniae
520 3841 678 3927 prodiisse
701 3851 837 3924 oonstat,
860 3844 1045 3928 etquidem
1067 3844 1198 3928 saepius
1219 3844 1319 3909 etiam
1337 3863 1436 3928 quam
1459 3862 1478 3906 a
1498 3841 1581 3906 viris
1603 3839 1707 3906 doous
1728 3836 1876 3922 Operum
1897 3836 2037 3903 Lutheri
2060 3836 2128 3903 edi·

122 3951 257 4020 tonbus
278 3953 540 4038 Erlangensibus
562 3953 710 4039 (XXIX.
732 3976 805 4040 pag.
832 3959 863 4034 l)
883 3956 1026 4021 relatum
1047 3963 1106 4022 est

284 4064 414 4132 Nostris
437 4064 636 4149 temporibus
658 4066 768 4149 plures
790 4065 831 4132 de
853 4065 970 4151 Spiera
991 4067 1203 4151 seripserunt,
1226 4086 1366 4150 quorum
1382 4063 1539 4148 opuseula
1559 4061 1671 4128 laudat
1693 4060 1876 4147 Herrogius
1904 4061 1926 4127 l.
1949 4061 2149 4128 a‘Oalvini·

135 4175 367 4257 praefationem
390 4174 560 4259 desoripsit
580 4176 701 4264 Henry
719 4178 757 4244 u.
775 4177 820 4244 Π.
846 4179 929 4263 App.
952 4199 1027 4263 pag.
1052 4182 1121 4243 116.

1112 4400 1155 4466 X.

556 4527 772 4611 Praefatio
798 4527 853 4611 ad
878 4526 1015 4610 Besae
1042 4524 1236 4610 libellum
1262 4534 1408 4608 eontra
1432 4521 1701 4605 Balduinum.

285 4706 416 4774 Prodiit
436 4708 517 4776 haee
536 4712 695 4795 praefatio
716 4730 791 4777 enm
811 4709 921 4778 libello
931 4710 1038 4777 Besae
1059 4710 1153 4776 euius
1173 4707 1290 4775 titulus
1311 4706 1366 4774 hie
1386 4714 1446 4785 est,
1468 4727 1510 4772 ax
1531 4706 1711 4790 exemplari
1732 4704 1946 4771 bibliothesae
1966 4700 2126 4779 lanensis,
2162 4673 2164 4677 ‚

116 4806 220 4876 9⁰⁰¹!
238 4819 370 4887 anisum
392 4821 481 4887 nauti
502 4842 624 4903 sumus,
647 4822 842 4907 descriptus:

286 4933 376 5050 ent
397 4936 720 5025 FRANOISOI
737 4936 741 5054 1
761 4949 992 5018 suumne
1024 4948 1222 5018 aroena-
1251 4949 1257 5032 ι
1286 4948 1377 5013 mn
1409 4907 1633 5015 noueoun
1656 4945 1662 5030 l
1687 4951 1865 5010 eornm.
1902 4925 2125 5035 ΙΨΗΕΟ-

107 5022 283 5138 eom
309 5055 316 5162 1
342 5057 546 5141 ΒΕΖΑΕ
573 5061 579 5167 l
606 5071 798 5140 mrem
824 5047 1542 5169 ousro1u10‚1eqloanasoaass
1564 5050 1694 5144 oreos
1709 5045 1760 5140 u·
1778 5047 1782 5161 ι
1793 5043 1968 5165 puteal
1993 5065 2126 5159 eote

113 5185 258 5282 tro-a
281 5213 357 5271 aa.
378 5213 455 5273 em
471 5218 477 5286 ι
491 5200 692 5268 nearent
710 5202 769 5282 nu,
792 5211 829 5268 a
851 5207 961 5268 auam
981 5195 1123 5267 nomine
1144 5197 1338 5283 laneum
1357 5197 1362 5283 ι
1381 5195 1428 5264 n.
1451 5195 1494 5264 u.
1518 5193 1658 5260 sxru.
