4590 5858
89 306 151 370 845
895 299 1263 371 Palaemone.
2012 308 2076 372 846

87 491 151 558 tire
172 490 386 575 suspieentur,
408 511 506 576 quam
522 513 635 560 veram
656 493 965 577 substantialemqne
987 513 1057 559 eor·
1107 488 1202 570 luxit,
1226 490 1321 556 utin
1342 490 1430 574 ipsos
1451 490 1569 558 oedant
1590 513 1671 576 quas
1690 493 1759 559 illie
1779 493 1941 580 redarguo
1962 513 2077 578 super·

86 577 177 662 poris
207 599 245 643 ae
273 578 442 663 sanguinis
470 576 606 644 Domini
638 579 964 646 eommunieationem
995 578 1056 643 sub
1106 576 1264 641 stitiones.
1309 574 1400 657 Quin
1421 579 1531 662 potius
1552 578 1614 645 hoe
1635 579 1721 664 apud
1742 601 1778 646 se
1800 587 1962 662 statuant,
1989 581 2075 647 nihil

88 663 189 730 saeris
217 682 335 729 eoenae
362 663 518 748 symbolis
550 663 697 730 exhiberi
725 663 890 730 fidelibus:
925 685 991 729 non
1018 673 1057 728 ut
1106 661 1188 725 mihi
1211 661 1326 727 autin
1344 662 1460 728 maiori
1481 684 1551 731 esse
1572 672 1660 746 voto,
1687 672 1744 730 aut
1763 665 1881 731 maiori
1902 686 1999 732 enrae
2020 667 2073 732 fu·

86 748 322 834 imaginatione
344 747 505 816 duntaxat
523 756 581 815 eut
601 750 723 816 mentis
743 749 960 834 intelligentia
981 769 1055 833 per·
1092 754 1232 826 turum,
1259 768 1358 830 quam
1380 756 1417 813 ut
1438 768 1513 814 eum
1535 749 1679 817 eoelesiis
1700 749 1850 818 omnibus
1871 751 2075 836 germanieis,

87 834 225 918 eipiant,
253 833 309 899 sed
334 842 373 899 ut
399 855 436 900 re
463 835 533 917 ipsa
554 836 707 903 tuantur
732 836 768 900 in
789 835 980 901 alimentum
1001 855 1055 899 ae·
1106 852 1188 914 quae
1216 831 1350 898 Ohristo
1377 842 1552 918 sanetoque
1579 834 1650 900 eius
1677 835 1846 920 evangelie
1873 857 1994 902 nomen
2019 837 2076 903 de-

86 927 201 985 ternee
222 920 320 986 vit-ae.
364 920 534 986 Postremo
556 942 598 986 ne
618 942 672 987 me
694 921 837 987 voluisse
858 921 1055 999 existiment,
1107 916 1241 996 derunt,
1269 938 1433 985 summam
1454 920 1698 986 eonsensionem
1723 920 1829 987 modis
1850 921 2001 988 omnibus
2021 942 2075 990 oo-

87 1014 144 1070 aut
163 1005 385 1090 perstringere
408 1026 462 1071 eos
483 1007 540 1089 qui
561 1006 599 1071 in
620 1006 816 1091 germanicis
838 1006 980 1072 ecelesiis
998 1003 1055 1070 ad·
1107 1001 1182 1067 lam.
1228 1001 1340 1082 Quum
1367 1004 1443 1087 plus
1469 1005 1551 1072 satis
1577 1007 1620 1072 sit
1646 1006 1739 1072 nobis
1767 1008 1978 1072 eertaminum
2000 1029 2075 1074 oum

86 1111 202 1158 versus
244 1111 418 1157 romanum
451 1091 702 1175 ‘Antiehristum
738 1091 872 1158 Ohristo
910 1092 1054 1158 Domino
1108 1086 1234 1153 diabolo
1274 1097 1307 1154 et
1335 1088 1444 1173 impiis
1472 1092 1624 1158 omnibus
1656 1092 1713 1175 qui
1744 1091 1793 1156 illi
1825 1092 2074 1175 stipendiantur,

85 1177 256 1243 nobiseum
282 1176 440 1257 militant,
471 1189 528 1242 aut
559 1198 601 1243 ex
630 1199 743 1243 eorum
764 1177 910 1244 doetrina
932 1177 976 1242 ali
998 1173 1055 1241 nid
1106 1194 1173 1238 non
1205 1182 1334 1239 tantum
1371 1176 1429 1241 otii
1461 1175 1618 1242 debemus
1648 1175 1742 1244 nobis
1764 1198 1903 1258 sumere,
1924 1186 1963 1243 ut
1988 1179 2076 1245 inter

87 1261 278 1329 eonvellere.
323 1262 440 1345 Neque
462 1263 550 1328 enim
572 1261 653 1327 mihi
675 1262 871 1347 persuadeo,
901 1263 947 1328 sie
975 1198 1055 1327 deli-
1107 1279 1166 1324 nos
1188 1259 1405 1325 eonflietando
1428 1260 1599 1328 Christum
1619 1264 1630 1327 i
1654 1283 1739 1342 sum,
1761 1263 1855 1330 ouius
1874 1264 2000 1330 oenseri
2017 1284 2076 1330 vo-

85 1369 161 1414 rare
183 1368 238 1414 eos
260 1346 375 1432 quibus
396 1347 559 1414 Dominus
585 1370 645 1432 per
672 1348 878 1434 evangelium
898 1369 994 1413 sunm
1016 1346 1056 1411 il-
1107 1343 1217 1410 lumus
1237 1346 1400 1426 membra,
1424 1346 1617 1430 quodammo
1640 1368 1659 1412 o
1681 1347 1912 1433 discerpamus.
