4776 5844
123 268 181 359 ue
822 310 823 313 κ
898 264 960 330 ιι)
982 260 1327 330 wusrrurnuu.
1575 273 1577 279 ⁴
2058 275 2120 343 uo

117 455 184 524 Sed
205 454 286 540 quid
308 456 415 523 verbis
437 472 519 540 opus
542 456 615 525 est?
660 457 699 525 Si
716 456 807 524 omni
824 454 973 522 molesta
989 449 1090 525 semel
1142 451 1256 530 tinem,
1277 450 1424 523 breviter
1444 458 1558 519 notare
1578 474 1699 540 operae
1726 456 1870 540 pretium
1890 458 1967 525 erit:
1990 482 2058 529 non
2080 471 2122 531 ut·

118 543 191 609 defu
241 543 289 608 'o
347 541 578 622 tIoaehimus,
602 551 636 609 et
652 540 909 611 eontroversiem
926 539 1089 618 dirimere,
1142 545 1243 602 totum
1271 537 1343 603 eius
1369 535 1599 621 loquacitatem
1627 541 1792 620 evolvam,
1821 543 1879 610 sed
1908 554 1946 610 ut
1970 547 2123 617 hominia

118 563 289 695 verbffim
312 647 371 712 pro
392 649 428 694 ee
449 629 560 695 elioiat
578 650 620 695 ex
642 630 711 696 eius
737 648 793 695 ore
820 627 862 693 od
883 647 985 711 quom¹
1007 624 1091 726 liber
1140 622 1326 724 ingenium,-
1343 622 1429 724 quod
1451 623 1545 692 fenile
1567 630 1643 706 [pag.
1661 632 1716 707 ιι]
1732 629 1810 727 terit,
1849 649 1892 695 ex
1923 635 2037 714 pausis
2064 654 2119 701 on·

118 722 209 799 petet
229 735 388 792 acuamus
411 723 445 780 et
471 714 602 800 quidem
630 716 747 781 itinere
779 734 845 780 non
873 723 941 778 tem
968 711 1088 777 lebon-
1140 710 1264 792 prtrbus
1287 718 1460 808 assument
1471 709 1617 783 leotores.
1661 712 1944 783 Iniuooontsndit
1960 720 2117 789 seotados

118 820 182 877 oso,
205 800 302 866 euius
326 819 522 866 eonsensum
552 800 727 886 magnifiee
752 798 914 876 obtendit,
938 818 1088 883 quorum
1141 803 1177 860 et
1196 797 1386 873 hraeretreos¹
1409 816 1452 860 ne
1472 805 1583 880 serpat
1603 799 1763 882 eontagio,
1786 801 1840 866 vel
1861 802 1984 871 exsilio
2003 826 2117 873 areen-

116 885 286 952 iemiliaris
307 886 337 960 ei
359 886 609 953 eommunicetio
629 908 701 954 esee
722 893 840 970 potest
884 885 957 968 Ego
982 885 1010 949 si
1041 891 1090 948 te-
1141 880 1210 959 dos,
1232 880 1284 948 uel
1312 882 1425 965 poenis
1452 882 1659 967 oestigendos
1685 906 1766 953 esse.
1816 887 1954 956 Frivola
1982 911 2117 974 prorsus

117 992 205 1038 mere
227 972 408 1055 eomperior
428 971 578 1057 Philippi
600 973 731 1039 nomine
752 973 887 1051 ebusus,
909 969 1018 1036 nullas
1039 970 1091 1054 ig-
1142 968 1234 1046 aetio,
1255 987 1338 1051 queo
1357 988 1428 1033 rem
1449 967 1586 1034 minime
1607 968 1740 1037 dubiam
1762 971 1820 1038 lite
1839 981 1873 1039 et
1893 979 2118 1046 oeutrorersiu

118 1058 387 1124 nominiaenotas
405 1079 528 1124 reouso.
561 1059 764 1124 Testimonie
782 1076 865 1142 quse
880 1057 961 1123 uitat
977 1057 1093 1121 West-
1141 1053 1297 1139 implieet
1335 1052 1428 1152 ,llum
1449 1074 1549 1136 quum
1571 1055 1671 1122 eade
1686 1076 1723 1121 re
1742 1057 1829 1124 inter
1851 1081 1910 1127 nos
1930 1065 2115 1145 eonveniet,

117 1143 322 1228 phalusnon
344 1164 460 1210 meum
478 1153 528 1220 eet
549 1144 711 1210 refellere:
730 1165 834 1226 neque
851 1141 951 1208 etium
970 1162 1105 1219 moror..
1142 1147 1271 1206 tentum
1294 1139 1388 1204 nobis
1415 1139 1619 1217 subseribere
1646 1141 1768 1209 debuit
1819 1143 2001 1217 Honestius
2027 1158 2117 1216 eerte

117 1229 192 1315 quid
213 1230 303 1294 inter
323 1230 445 1313 primos
466 1230 647 1304 oenflietus.
670 1237 704 1295 et
720 1251 819 1299 oause
836 1228 983 1295 nondum
1001 1228 1090 1294 olere
1142 1227 1416 1299 eitoesetnostros
1437 1225 1556 1304 libros.
1568 1248 1611 1293 ex
1633 1228 1751 1311 quihus
1773 1230 1938 1298 mendioet
1958 1233 2116 1319 quidquid

117 1323 149 1381 et
175 1314 319 1382 dilueids
345 1315 524 1399 exprioris.
552 1314 677 1391 homiui
705 1315 748 1382 ed
776 1313 965 1400 negandum
992 1315 1090 1378 nimis
1142 1310 1274 1379 eddueit
1295 1311 1469 1388 rationum,
1482 1331 1589 1394 quem
1612 1314 1707 1379 nobis
1727 1336 1764 1380 se
1784 1314 1908 1382 bellum
1930 1319 2050 1387 inferre
2072 1322 2117 1388 si·

117 1408 193 1467 tuno
215 1399 402 1467 rereoundo
423 1401 626 1484 quorundam
644 1402 814 1486 instigatio
825 1400 1009 1467 extorserit
1044 1400 1091 1465 ut
1142 1398 1280 1476 mulene,
1310 1396 1411 1463 ermis
1438 1398 1560 1463 nestris
1587 1411 1725 1483 pugnet.
1781 1403 1891 1486 Atque
1924 1402 1986 1470 hoo
2019 1405 2116 1473 modo

118 1487 170 1553 lex
190 1486 292 1551 nimis
315 1485 397 1561 dura
417 1489 651 1570 praeteribitur
670 1487 809 1555 literatis
835 1486 1037 1564 homiuibus,
1061 1485 1090 1552 si
1141 1505 1207 1549 uon
1229 1482 1425 1567 prodidisset
1457 1491 1552 1566 turpe
1587 1484 1754 1552 sooordiee
1790 1489 1996 1572 exemplum,
2028 1492 2114 1576 quod

118 1581 187 1655 post
219 1570 344 1638 editum
377 1574 502 1656 ingenii
534 1596 572 1640 eo
610 1572 778 1641 doetrinae
811 1572 986 1656 speoimen‚
1020 1578 1088 1637 tote
1143 1579 1256 1635 notare
1273 1588 1326 1633 me
1343 1567 1831 1654 oogithomiuieimpertunitee
1877 1573 1966 1656 Quia
1982 1577 2116 1645 Psalmo

118 1657 234 1724 deinde
263 1658 333 1723 vita
359 1658 443 1724 nihil
476 1661 633 1742 profluere
666 1660 769 1727 liceat
812 1657 924 1725 >Certe
956 1658 985 1724 si
1017 1658 1090 1741 quis
1142 1657 1174 1736 ri
1218 1657 1299 1722 simo
1321 1662 1438 1737 quarto
1457 1655 1546 1721 male
1564 1657 1665 1721 vertit
1684 1658 1849 1741 interpres
1872 1660 2031 1813 vulgetis:
2054 1664 2116 1730 At-

118 1764 221 1810 annos
255 1743 472 1828 quadraginta
506 1744 660 1829 Philippo
695 1745 779 1814 nibil
814 1745 963 1810 attulisse
992 1743 1090 1823 dieet,
1142 1740 1246 1807 tolite
1267 1749 1377 1824 portes
1392 1740 1568 1823 prinsipes,
1585 1750 1721 1822 veetres,
1746 1745 1803 1811 ubi
1829 1745 1926 1830 legen
1951 1770 2005 1815 um
2028 1759 2115 1816 erat:

117 1851 274 1914 magnam
295 1838 336 1895 et.
348 1829 474 1895 homini
495 1830 662 1914 privatim,
685 1840 719 1895 et
736 1831 796 1896 toti
814 1830 914 1896 simul
935 1829 1090 1897 seolseieo
1141 1826 1294 1907 Attollite
1358 1834 1428 1892 rtae
1449 1827 1557 1909 eapite
1578 1836 1699 1908 vestre,
1727 1829 1826 1897 homo
1847 1832 1982 1914 quidam
2004 1834 2119 1903 doetus

118 1920 196 1995 [paq
215 1921 271 1995 ee]
290 1915 447 1981 iniuriam
468 1917 573 1984 feeiet.
601 1917 736 1993 ,Solum
757 1916 843 2001 qued
865 1915 943 1994 dixi,
957 1922 999 1981 yet
1019 1916 1090 1999 qui·
1141 1913 1237 1980 etde
1327 1913 1395 1978 esie
1414 1912 1497 1979 bene
1517 1913 1665 1993 meritus,
1678 1923 1716 1980 ut
1736 1916 1808 1981 fiori
1825 1916 1918 1996 solet,
1939 1923 2115 1988 memoriae

119 2001 192 2067 dem
211 2002 335 2078 oontiee
356 2003 384 2068 si
406 2023 489 2085 opus
510 2002 564 2080 sit,
586 2003 752 2081 oonfirmq
777 2023 842 2068 uon
871 2001 976 2086 mugio
997 2021 1018 2065 e
1036 2021 1090 2067 me
1140 2000 1245 2082 lapsu,
1269 1997 1388 2064 alieubi
1410 1996 1536 2064 hortari
1559 1998 1678 2067 volens,
1693 2000 1858 2085 prinsipes
1886 2003 2114 2073 adtuendam

117 2087 310 2171 Philippum
332 2107 429 2170 quarn
451 2109 478 2167 e,
492 2088 633 2172 propriis
654 2088 834 2154 viseeribus
850 2087 887 2153 iu
908 2087 971 2152 heo
992 2102 1091 2154 eausa
1142 2085 1300 2169 pietatem
1331 2083 1394 2150 hoe
1429 2084 1615 2151 testimonio
1655 2086 1776 2159 ebusus
1803 2093 1875 2167 [pag.
1910 2094 1965 2168 ee]
1998 2092 2114 2159 lueret

117 2195 209 2259 posse
232 2172 354 2239 divelli.
399 2173 472 2238 Etsi
501 2183 610 2240 eutem
632 2174 757 2240 tonitru
779 2173 866 2257 quod
894 2195 919 2240 a,
936 2172 1091 2238 violentis
1144 2173 1246 2237 Error
1264 2168 1455 2235 tolerebilis.
1494 2170 1712 2255 Wostphelue
1734 2173 1776 2238 ad
1798 2174 1935 2240 verbum
1957 2179 2114 2245 resitenst

117 2257 304 2326 hominibus
320 2257 465 2325 instabat
481 2270 631 2327 metuens
650 2258 743 2343 (quid
764 2259 869 2326 meum
888 2258 1090 2343 intelligunt,
1142 2257 1279 2340 Aperite
1301 2263 1413 2341 portae
1433 2256 1542 2340 eapite
1563 2265 1690 2323 vestra:
1710 2258 1734 2337 Ι)
1756 2260 2003 2344 magistratibus
2020 2283 2116 2347 pree·

118 2346 325 2428 quibusnote
345 2345 632 2412 fueruntLutheri
650 2345 791 2446 flabelle)
808 2365 875 2410 non
893 2352 961 2410 tem
979 2352 1091 2427 aperte
1142 2342 1240 2409 soribi
1269 2340 1363 2441 dieit,
1391 2348 1430 2406 ut
1451 2352 1563 2426 portus
1593 2343 1734 2443 Domino
1767 2347 1953 2447 operientes
1977 2349 2115 2432 pseudo·

118 2451 258 2582 utel
280 2439 816 2601 tumeseebat
834 2441 1090 2600 illepidi}
1141 2426 2117 2614 bttlltttnttttitubztidlultlubu

118 2602 287 2680 simulans,
309 2601 440 2685 oblique
461 2623 538 2668 eum
555 2603 765 2688 perstringet,
772 2601 872 2755 dmi
882 2611 1010 2668 mortuo
1031 2601 1088 2666 de·
1142 2600 1293 2666 homines
1309 2620 1368 2682 qur
1384 2607 1453 2664 tam
1470 2621 1605 2683 impure·
1616 2610 1650 2666 et
1666 2600 1822 2670 audenter
1841 2624 1914 2669 eam
1925 2604 2116 2681 dilaeereut

117 2709 207 2754 mum
237 2686 386 2754 Lethero
419 2689 578 2772 inceperit
609 2687 652 2754 ed
679 2709 739 2755 nos
792 2689 952 2754 efleetere.
1003 2687 1090 2754 Nam
1141 2687 1274 2752 Interea
1295 2685 1417 2751 bonum
1439 2687 1548 2750 virum
1570 2707 1637 2753 non
1658 2686 1784 2770 puduit,
1807 2689 1888 2756 dum
1915 2711 1970 2757 me
1990 2691 2117 2758 invidia

117 2793 216 2857 quum
240 2781 317 2840 ente
346 2793 448 2839 anuos
475 2774 708 2924 septemdeeim
735 2773 777 2841 de
799 2774 993 2857 hoo'eapite
1013 2772 1090 2842 deo·
1143 2792 1282 2858 merere
1304 2770 1383 2850 vult
1406 2770 1656 2850 eonlessionum,
1679 2775 1807 2857 etipse
1830 2778 2115 2869 vooet,·ferragini

117 2860 222 2929 hinne
239 2859 404 2926 internos
421 2860 666 2939 eontuorimus,
684 2861 791 2945 primo
808 2879 1090 2944 eongreesunun·
1141 2860 1286 2925 inserere
1314 2855 1474 2926 Servetioi
1496 2856 1673 2931 -euiusdam
1701 2859 1886 2943 epistolem,
1916 2863 1973 2929 ubi
2002 2863 2115 2930 ineen-

132 2966 212 3012 uem
237 2942 366 3030 syllaba¹
384 2943 615 3012 eommutande
631 2946 704 3014 fuit
748 2947 862 3029 Neque
880 2944 921 3011 de
939 2945 1090 3028 Gaspere
1123 2956 1125 2959 ’
1141 2944 1265 3011 diarius
1282 2942 1439 3027 appellor,-
1468 2942 1545 3026 quie
1573 2941 1743 3036 doouorim
1768 2947 1841 3013 iure
1873 2947 1913 3014 de
1943 2948 2116 3017 haeretioie

115 2964 295 3115 bruoigero
316 3029 491 3098 teoendum
512 3041 572 3109 est,
593 3032 651 3115 qui
673 3054 732 3117 pro
751 3023 878 3116 ingenii
896 3031 947 3098 sui
970 3030 1090 3099 doetri-
1140 3051 1264 3116 poenes
1281 3029 1375 3095 sumi.
1389 3029 1420 3113 2)
1462 3029 1611 3113 Lageus
1627 3030 1781 3114 epistola:
1800 3033 1884 3099 nihil
1902 3035 1942 3098 iu
1955 3055 2008 3100 me
2026 3035 2115 3102 aliud

113 3135 244 3200 uaeqoe
261 3117 463 3200 praestantia
478 3116 628 3184 liuthero
645 3116 842 3196 rarissimus,
861 3125 993 3200 utpost
1009 3116 1110 3181 Phi·'
1141 3115 1253 3201 probri
1275 3116 1427 3194 eontinet
1451 3114 1514 3180 nisi
1536 3113 1623 3198 quod
1646 3114 1757 3200 gladio
1774 3127 1917 3185 armatos
1934 3140 2006 3186 esse
2022 3122 2115 3204 prin·

111 3199 156 3289 lip
280 3202 420 3286 reliques
454 3203 612 3280 anteiret,
645 3201 692 3271 sie
725 3203 897 3287 amplexus
925 3211 976 3268 est
1003 3202 1098 3287 quod.
1141 3199 1354 3289 eipestrudo.
1378 3209 1506 3266 utnon
1527 3202 1638 3268 minus
1659 3203 1838 3286 impietatis
1855 3225 1953 3289 quum
1974 3206 2115 3278 eliorum

107 3283 129 3354 l
176 3289 408 3373 ioimpugnat
434 3288 667 3389 Westphalue,
695 3296 734 3355 ιιι
754 3289 938 3362 sententiis
968 3291 1093 3356 uostris-
1142 3288 1302 3356 soelerum
1327 3288 1397 3352 sint
1422 3286 1578 3353 vindieas.
1629 3286 1698 3354 Hoe
1726 3291 1974 3357 tautuminter
2000 3299 2115 3358 meet

103 3374 322 3443 eoniunetius
350 3373 434 3440 nihil
461 3375 544 3460 fingo
570 3383 694 3458 posset..
737 3375 915 3443 Caeterum
942 3374 983 3440 de
1008 3374 1091 3441 Phi·
1141 3372 1375 3456 Westphalum
1402 3372 1554 3450 interest,
1582 3371 1667 3456 quod
1694 3394 1772 3458 ego,
1796 3376 1861 3442 nisi
1889 3396 1988 3444 oeuse
2013 3378 2124 3460 probe

98 3455 205 3548 lippo
234 3459 395 3527 siedhuo
429 3464 504 3540 [pag.
539 3465 593 3541 ae]
607 3460 812 3545 ambigitur,
846 3482 889 3527 en
916 3482 983 3526 non
1010 3461 1091 3527 setis
1143 3460 1298 3536 dieeume,
1325 3457 1433 3523 loeum
1462 3458 1632 3524 severitati
1660 3459 1791 3526 nullum
1818 3483 1891 3529 esse
1919 3461 1998 3531 dieo.
2041 3463 2115 3546 Imo

94 3563 254 3616 menum
277 3566 446 3612 eonserere
468 3544 605 3612 videor?
629 3546 684 3634 ubi
707 3555 740 3612 et
760 3548 881 3614 troitus
898 3554 933 3612 et
953 3568 1103 3615 seeurue.
1142 3547 1218 3629 quia
1245 3543 1380 3627 papistia
1407 3541 1504 3610 hodie
1532 3543 1692 3610 usitatum
1716 3556 1782 3624 est,
1818 3568 1916 3613 eause
1949 3550 2126 3633 iuoognita

89 3636 180 3700 eius
205 3652 323 3698 ueoem
350 3639 513 3716 exepeeto,
544 3652 628 3717 quoe
654 3632 724 3707 eius
752 3632 1005 3719 improbitatem,
1034 3632 1090 3717 qui
1142 3630 1263 3715 passim
1285 3639 1401 3696 eontra
1420 3628 1572 3714 innoxios
1591 3632 1728 3710 saevire,
1751 3640 1787 3698 et
1803 3633 1981 3702 seeundum
2003 3635 2117 3701 West-

83 3716 344 3787 venerendum
366 3719 713 3801 praestantissimiviri
737 3718 951 3793 uomenialso
970 3719 1089 3793 obten·
1126 3716 1234 3800 ,phali
1262 3721 1336 3796 [pag.
1363 3720 1417 3794 ee]
1447 3715 1620 3782 eonsilium
1649 3717 1757 3782 minas
1787 3739 1944 3802 armaque
1971 3721 2117 3804 arripere
2170 3764 2172 3768 »

79 3800 210 3881 derit,
234 3803 387 3870 omnibus
408 3805 593 3886 patefaoiat.
789 3856 791 3861 ,
927 3841 930 3848 ·
1142 3803 1212 3869 loeo
1230 3801 1326 3886 styli:
1348 3821 1410 3886 ego
1430 3801 1467 3867 iu
1488 3800 1579 3868 illem
1595 3800 1784 3872 ‚barbariem
1815 3804 1933 3871 merito
1953 3806 2116 3887 inveetus,

559 3954 564 3965 ‚
877 3955 881 3962 ,
1037 3932 1038 3935 ¹
1142 3888 1229 3954 hano
1256 3888 1372 3967 saltem
1408 3887 1606 3970 aequitatem
1640 3887 1803 3956 iudieibus
1836 3890 2047 3970 sommendm·
2074 3914 2116 3960 ne

199 3972 311 4039 Venio
339 3973 382 4054 ed
410 3976 651 4060 Augustinum,
680 3996 776 4058 quem
804 3976 866 4042 etsi
889 3984 994 4043 totum
1018 3997 1090 4042 esse
1142 3994 1287 4057 uuquam
1308 3973 1374 4039 nisi
1400 3992 1499 4040 eausa
1523 3971 1624 4056 probe
1647 3972 1804 4054 (lienosos,
1834 3974 1877 4040 ad
1905 3978 2117 4045 severitatem

61 4067 268 4126 nostrum
296 4081 408 4126 omnes
436 4060 512 4127 libri
545 4060 729 4139 elamitant,
752 4061 969 4146 Westphalus
996 4062 1090 4128 nobis
1142 4059 1323 4144 prosilient,
1342 4057 1517 4142 seduloque
1543 4057 1725 4125 uerendum
1753 4080 1825 4128 esse
1842 4066 1975 4142 'moneo
2009 4064 2039 4130 si
2065 4065 2117 4130 ui·

56 4146 243 4228 eripere
264 4166 331 4225 nou
357 4156 538 4224 eouteutus
567 4145 794 4212 adverserium
821 4168 950 4232 quoque
976 4148 1090 4213 obtru·
1127 4146 1244 4211 'mium
1262 4144 1331 4210 sint
1348 4143 1481 4223 ereduli,
1499 4166 1541 4210 ne
1558 4164 1677 4210 manue
1693 4166 1771 4212 sues
1787 4147 1962 4230 inquinent
1978 4152 2117 4232 promis·
2217 4176 2223 4195 ι

56 4231 203 4308 dere,
224 4231 352 4314 sibique
374 4232 546 4299 rendieare
568 4253 635 4297 non
662 4231 802 4298 dubitat:
829 4231 944 4298 eedem
972 4253 1089 4316 nempe
1142 4230 1332 4298 euaoeede.
1376 4231 1492 4296 Defleo
1512 4229 1590 4308 illio,
1612 4249 1650 4297 ee
1672 4252 1863 4316 eouqueror,
1886 4254 1924 4299 eo
1947 4236 2115 4302 servitutis

56 4314 262 4394 anemis,
289 4337 356 4399 que
381 4318 499 4401 ubique
525 4318 633 4385 luoem
664 4319 827 4384 eonvertit
858 4318 894 4384 iu
927 4319 1088 4386 tenebras.
1142 4316 1308 4391 redarum
1331 4336 1403 4382 esse
1422 4313 1544 4392 orbem,
1566 4324 1606 4381 ut
1626 4337 1687 4384 nee
1706 4317 1776 4383 ulle
1796 4317 1988 4403 disoeptatio
2010 4320 2118 4387 looum

56 4399 235 4487 Qualis
252 4403 298 4468 sit
314 4420 404 4471 noue
421 4404 559 4473 Ieeobus
569 4401 766 4488 Bordingus,
783 4405 808 4482 ¹)
826 4404 879 4470 oui
889 4405 1089 4488 ferruginem
1142 4402 1271 4482 habeut,
1293 4423 1353 4469 nee
1374 4401 1432 4486 qui
1453 4402 1642 4484 praesulum
1665 4404 1797 4470 nomine
1818 4402 2040 4482 dominentur,
2060 4426 2116 4471 vo·

56 4506 220 4552 suem-
233 4499 412 4573 uunoupst,
434 4491 558 4574 ignoro.
602 4488 701 4556 (lerta
723 4491 787 4557 nisi
806 4488 901 4556 velds
918 4491 952 4557 iu
976 4492 1090 4558 onium
1142 4510 1214 4556 eem
1233 4488 1302 4556 suis
1324 4487 1452 4573 plaeitis
1473 4487 1638 4553 dissonam
1661 4486 1852 4556 admittent:
1875 4491 1942 4557 ime
1962 4513 2004 4556 ue
2023 4489 2125 4556 dubi-

56 4574 269 4652 mutavit,
291 4574 433 4652 offioium
457 4575 590 4659 plenum
620 4574 786 4642 dedeooris
804 4574 867 4640 sibi
888 4512 1001 4645 maliet
1022 4596 1090 4640 non
1141 4584 1213 4641 tere
1235 4572 1375 4659 quidem,
1400 4573 1452 4639 vel
1480 4573 1646 4657 inquirere
1673 4577 1875 4657 permittant.
1922 4576 2117 4642 Barbariem

56 4674 192 4721 aene
206 4660 407 4741 praestitum.
451 4662 619 4744 Nemquo
637 4672 784 4745 tempore
801 4661 883 4727 mihi
900 4670 998 4727 notus
1017 4661 1089 4741 fuit,
1142 4681 1210 4726 non
1232 4658 1400 4727 ferendam
1435 4679 1507 4725 esse
1533 4658 1615 4738 dieo,
1644 4661 1821 4727 ubi‘nullu
1848 4663 1938 4745 riget
1965 4662 2116 4746 segnitie,

56 4758 187 4806 nou
205 4744 315 4813 miuus
332 4748 366 4812 in
389 4747 618 4830 enuopudore,
638 4768 735 4830 quam
748 4747 895 4814 doetiiue
914 4755 987 4813 erat
1003 4768 1099 4812 eom·¹
1142 4747 1381 4830 possessionem
1403 4765 1463 4817 nee
1484 4746 1555 4812 iure
1576 4767 1646 4812 nee,
1664 4748 1790 4814 ratione
1817 4749 1979 4815 munitam
2006 4747 2116 4832 gladio

56 4829 323 4897 mandabitis.
367 4768 470 4903 buno.
487 4854 564 4900 vero
586 4843 718 4899 tautum
740 4833 826 4917 quid>
845 4830 984 4917 epistole
1012 4853 1089 4899 oon·
1252 4857 1257 4868 ·
1407 4871 1408 4875 =

58 4986 322 5015 N-
587 5049 591 5058 ι
792 5045 794 5051 ,
856 5062 859 5068 ¹
1032 4956 1036 4966 Ι
1088 5052 1091 5061 1
1212 4985 1241 5050 l)
1266 4985 1314 5039 We
1356 4969 1417 5040 boii
1429 4973 1600 5067 ,Οοιιιάιαιιια
1618 5002 1652 5041 ex
1668 4986 1825 5067 Asqosfioo
1842 4984 1910 5043 Α.,2
1926 5000 2014 5066 euro.
2034 5053 2059 5068 ,Α

76 5167 180 5241 Μ
190 5121 215 5185 lt
233 5121 347 5179 tuusne
364 5124 470 5206 *laques
492 5071 638 5205 Bqurdinq·
649 5124 692 5206 ie·
702 5077 803 5194 polline
819 5123 972 5206 exemplari
992 5122 1099 5191 dietus
1141 5052 1714 5206 fentddussusasoiem'awwffibssb
1726 5053 2117 5204 efdbidddddrled'lmduderm

190 5193 331 5262 morarer
348 5192 500 5261 mooe
516 5209 548 5247 ιιι
559 5191 710 5248 ,ωιιάιιιιιιι
730 5192 929 5249 Βοιιωιισιιιι.
1143 5209 1213 5262 quoe
1230 5198 1268 5248 ert
1288 5192 1616 5264 Ampsiuariorum
1629 5197 1737 5260 rerem
1747 5190 1850 5246 dm
1859 5206 1914 5329 g:
1933 5191 2127 5264 lababylona.·
