4748 5798
207 238 270 307 ers
970 220 1441 305 aaaroasloauunas
2144 237 2209 305 ara

207 428 384 514 spondeas,
413 451 455 494 ex
477 427 605 493 auditu:
634 448 748 492 verum
778 427 839 491 hoc
869 426 1000 510 quidem
1030 433 1094 504 est,
1122 426 1178 492 sed
1231 426 1450 509 poenitendus
1472 433 1698 506 estnumerus,
1722 426 1866 493 tenuiter
1884 423 2073 504 victitando,
2097 446 2136 490 ae
2197 475 2207 504 ,

209 537 275 581 non
298 513 419 597 absque
448 513 583 596 speciali
609 513 744 597 spiritus
773 513 981 578 revelatione.
1026 513 1179 578 Pauoita·
1232 511 1290 576 sed
1312 520 1423 578 tamen
1445 532 1521 577 eum
1550 534 1679 578 summa
1708 512 1867 595 patientia
1896 523 1930 576 et
1951 519 2127 576 mansuetu
2150 511 2206 576 ine

205 609 274 685 ,tem
297 621 408 665 eorum
431 597 548 683 quibus
570 598 738 664 brachium
761 597 897 663 Domini
919 597 1101 663 revelatum
1120 608 1178 676 ost,
1231 598 1335 663 vitam
1358 606 1557 664 sustentant:
1586 598 1638 664 vel
1661 597 1798 664 lautitiis
1821 597 1930 663 valere
1951 597 2049 662 iussis
2070 595 2208 681 frugali·

207 707 282 752 cum
304 685 541 752 exclamatione
563 684 702 748 miratur
724 684 828 751 Isaias
851 685 918 766 (53,
942 684 983 766 1).
1029 684 1075 748 Et
1092 684 1179 747 Pau·
1231 692 1332 748 tatem
1355 683 1496 749 libenter
1517 694 1551 749 et
1570 684 1699 767 placide
1727 683 1847 750 colunt
1899 682 2025 749 Omnes
2054 704 2090 748 se
2117 683 2209 765 ipsos

206 773 258 838 lus
282 772 392 855 (Rom.
416 775 463 848 10,
486 775 539 842 16)
568 768 692 835 donum
718 769 794 834 fidei
823 768 864 834 ad
893 768 1011 835 electos
1041 771 1179 834 restrin-
1231 769 1446 834 otmundum
1469 768 1669 855 abnegando,
1698 769 1739 835 ad
1762 788 1855 853 spem
1878 768 1991 834 beatem
2012 765 2208 834 immortali·

206 879 298 943 gens,
321 856 409 921 illius
431 855 615 921 testimonio
638 857 750 920 utitur.
785 856 835 920 Tu
858 854 1032 920 discrimen
1050 855 1178 919 nullum
1231 855 1309 920 tatis
1332 856 1485 938 aspirant.

206 943 362 1009 admittis.
407 941 538 1007 Clamat
565 939 694 1024 quidem
717 940 884 1006 Christus:
921 940 1042 1005 Venite
1064 939 1179 1005 adme
1318 938 1385 1006 Sed
1415 941 1491 1023 quia
1518 941 1599 1006 mihi
1630 941 1762 1025 gloriari
1792 960 1858 1006 non
1887 938 2035 1023 expedit,
2063 958 2124 1022 pro
2153 960 2208 1003 me

207 1051 320 1095 omnes
342 1029 396 1112 qui
413 1027 568 1093 laboretis
587 1027 721 1110 (Matth.
737 1031 784 1104 ll,
805 1025 870 1109 28).
905 1024 973 1092 Sed
995 1024 1082 1091 idem
1101 1024 1178 1091 alibi
1231 1026 1449 1110 respondeant
1468 1048 1552 1110 quae
1574 1028 1738 1092 Dominus
1759 1028 1886 1111 gratiae
1907 1046 1986 1091 suae
2009 1024 2208 1090 documenta

208 1115 339 1182 chmel:
374 1114 480 1178 Nemo
515 1117 589 1193 [pag.
614 1117 686 1192 113]
721 1112 813 1177 venit
839 1111 880 1181 ad
914 1132 968 1176 me
995 1112 1059 1177 uisi
1087 1122 1180 1195 pater
1231 1114 1354 1178 exserit
1376 1112 1415 1176 ad
1439 1133 1512 1177 eam
1535 1112 1717 1179 doctrinam
1739 1111 1958 1191 asserendam,
1981 1132 2064 1195 quae
2075 1109 2207 1176 foetidis

206 1221 300 1267 meus
312 1199 450 1265 traxerit
460 1221 535 1263 eum
549 1199 675 1279 (Ioann.
694 1203 725 1275 6,
745 1198 816 1282 44);
840 1218 947 1281 neque
968 1219 1079 1263 secum
1096 1219 1179 1282 pug-
1231 1197 1297 1263 tuis
1318 1197 1499 1263 maledictis
1519 1198 1644 1263 frustra
1670 1198 1840 1263 laceratur.
1890 1199 1945 1263 Ex
1967 1205 2000 1263 te
2022 1217 2099 1261 vero
2121 1196 2207 1262 scire

206 1295 274 1366 nat,
297 1287 354 1351 ubi
375 1307 489 1351 omnes
510 1285 582 1349 sine
604 1284 795 1366 exceptione
819 1291 955 1348 externa
978 1303 1055 1348 voce
1081 1282 1122 1349 ad
1144 1305 1179 1348 sc
1231 1283 1347 1363 velim,
1375 1305 1439 1368 quo
1462 1288 1608 1368 tempore
1629 1283 1763 1349 favebas
1787 1288 1861 1364 [pag.
1883 1288 1957 1363 116]
1978 1282 2057 1349 huic
2085 1281 2207 1347 doctri·

209 1374 364 1451 inritans,
387 1370 466 1436 dicit
483 1379 594 1436 tamen
616 1370 781 1434 neminem
803 1368 980 1453 quidquam
1002 1370 1179 1453 percipere,
1230 1390 1308 1448 nae,
1335 1370 1440 1453 qualis
1461 1369 1571 1436 fueris.
1615 1369 1726 1455 Negas
1748 1369 1808 1435 tibi
1830 1370 1910 1434 satie
1930 1370 2031 1434 fuisse
2053 1388 2208 1451 perspec-

209 1460 274 1524 nisi
287 1458 400 1524 datum
417 1457 557 1522 eifuerit
574 1477 592 1520 e
609 1455 711 1523 coelo:
736 1455 933 1539 nequealios
946 1453 1033 1520 adso
1055 1455 1179 1533 venire,
1232 1463 1308 1532 tam,
1332 1455 1419 1538 quod
1440 1464 1474 1520 te
1496 1456 1708 1523 constrictum
1731 1461 1859 1522 teneret
1880 1476 1954 1520 moa
1976 1454 2145 1532 aummtae,
2167 1460 2207 1518 ut

209 1545 274 1610 nisi
286 1542 394 1627 quia'a
411 1552 502 1625 patre
514 1541 582 1608 dati
594 1550 671 1608 sunt
683 1542 739 1620 (ib.
752 1565 782 1606 v.
795 1541 860 1624 65).
895 1542 1007 1607 Alium
1020 1541 1118 1626 etiam
1131 1540 1179 1605 lo-

209 1652 282 1697 cum
305 1650 373 1694 non
395 1629 504 1694 miuus
527 1629 667 1712 turpiter
695 1627 790 1692 suillo
816 1635 873 1692 tuo
896 1635 1000 1692 rostro
1023 1647 1179 1709 conspur-

208 1714 407 1794 candicans
436 1713 508 1780 luce
532 1714 676 1780 iustitiae
698 1713 822 1779 Christi
846 1711 1026 1777 illuminari
1048 1723 1179 1777 omnem

208 1802 375 1867 homiuem
393 1800 578 1867 venientem
589 1801 624 1864 in
636 1798 796 1864 mundum
814 1799 941 1876 (Ioann.
957 1803 983 1876 l,
1003 1797 1045 1883 9).
1076 1797 1179 1880 Quasi

210 1907 376 1953 veronen
410 1886 585 1951 ‘subiiceret
609 1886 764 1951 continuo
798 1891 872 1966 post
892 1884 1043 1960 Ioannes,
1072 1883 1178 1949 lucem

207 1974 246 2039 iu
266 1972 409 2038 tenebris
431 1971 556 2048 lucere,
587 1980 620 2035 et
646 1992 666 2034 a
695 1968 839 2035 tenebris
859 1992 926 2034 nou
948 1968 1179 2053 comprehendi

209 2063 254 2145 (v.
267 2060 317 2141 t):
339 2056 456 2142 quibus
478 2057 587 2122 verbis
614 2057 779 2140 significat
804 2053 960 2138 quidquid
988 2056 1125 2120 rationis
1147 2064 1180 2120 et

207 2144 443 2228 intelligentiae
466 2143 579 2208 datum
601 2152 671 2207 erat
689 2139 929 2207 hominibueab
951 2141 1055 2217 initio,
1078 2142 1179 2206 suffo-

208 2238 318 2298 catum
341 2250 412 2296 esse
434 2237 467 2294 et
493 2249 594 2312 prope
623 2229 837 2292 exstinctum:
866 2249 926 2292 nec
954 2226 1044 2291 aliud
1066 2249 1179 2309 super·

209 2338 280 2383 esse
299 2314 490 2394 remedium,
512 2335 611 2397 quam
632 2328 670 2377 ut
692 2313 844 2379 Christus
866 2332 977 2377 caecos
1005 2313 1178 2378 illuminet.

207 2402 336 2467 Verum
358 2399 490 2484 quidem
511 2408 574 2479 est,
602 2397 774 2464 Christum
800 2399 925 2463 nemini
953 2399 1076 2480 petenti
1104 2419 1179 2482 gra·

208 2487 289 2552 ham
320 2507 470 2570 negasse:
500 2483 557 2551 sed
585 2502 652 2549 non
678 2494 812 2568 reputas
839 2492 919 2549 vota
953 2494 985 2547 et
1012 2505 1126 2567 proces
1160 2505 1180 2549 a

209 2573 327 2657 spiritu
355 2578 467 2636 sancto
496 2570 628 2637 dictari:
661 2571 727 2634 imo
760 2569 875 2647 fidem,
907 2590 990 2653 quae
1016 2570 1179 2654 gratuitae

208 2658 377 2725 electionis
409 2658 534 2722 fructus
565 2674 629 2734 esa,
662 2657 788 2721 clarem
814 2677 885 2721 esse
916 2675 999 2738 quae
1028 2656 1179 2739 precibus

208 2746 341 2811 ianuam
364 2743 478 2825 aperit

294 2829 388 2894 Haec
409 2827 597 2893 rudimenta
619 2832 693 2906 [pag.
714 2833 786 2908 114]
809 2849 910 2911 quum
933 2828 1079 2911 ignores,
1107 2826 1178 2910 qui·

207 2914 269 2982 bus
303 2914 439 2980 sublatis
468 2912 675 2998 evangelium
710 2933 730 2977 a
767 2915 934 2998 mysteriis
962 2914 1179 2995 Proserpinae

207 3000 262 3067 vel
283 2999 547 3067 Bacchanalibus
575 2998 657 3063 nihil
685 2997 827 3077 differet,
863 3000 982 3064 mirum
1015 3007 1074 3064 est>
1091 3000 1180 3062 inter

209 3086 414 3153 Christianos
436 3084 587 3169 reperiri,
616 3085 671 3168 qui
694 3106 731 3149 ee
756 3094 823 3150 tam
845 3085 1039 3170 prodigiosis
1060 3084 1179 3149 errori-

206 3173 270 3239 bus
292 3172 478 3256 illaqueent.
524 3170 622 3253 Quod
644 3193 664 3234 a
685 3169 756 3235 Deo
778 3191 852 3235 meo
874 3171 997 3236 similes
1015 3170 1095 3235 dicis
1117 3170 1179 3234 for·

206 3259 292 3324 mari
320 3256 513 3340 discipulos,
545 3255 709 3335 crudeles,
736 3255 881 3335 invidos,
914 3256 1176 3334 calumniatores,

206 3343 380 3428 superbos,
405 3342 495 3408 aliud
521 3343 556 3407 in
577 3342 693 3426 lingua
720 3341 809 3406 aliud
835 3344 871 3407 in
898 3341 994 3408 corde
1016 3350 1177 3426 gerentes,

207 3428 249 3496 ad
271 3431 357 3496 hane
378 3437 470 3494 tuam
492 3428 699 3494 dicacitatem
720 3427 928 3493 refutandam
938 3437 1084 3493 nontam
1106 3448 1178 3493 ver·

206 3517 265 3594 bis,
289 3537 387 3599 quam
409 3515 540 3598 reipsa
561 3515 741 3580 instructus
761 3513 911 3598 prodibo:
943 3515 1021 3597 quia
1041 3512 1177 3578 maledi·

205 3601 308 3668 cendo
335 3622 404 3666 non
432 3600 589 3679 oblector,
617 3621 677 3682 pcr
703 3621 756 3664 me
785 3599 912 3683 sepulta
937 3611 1094 3664 maneant
1120 3606 1178 3663 tua

207 3687 344 3772 flagitia:
376 3687 441 3755 nisi
468 3686 555 3770 quod
583 3707 686 3750 unum
714 3683 858 3751 breviter
886 3705 995 3751 eoram
1018 3686 1089 3750 Deo
1111 3697 1177 3751 tes·

203 3773 271 3838 tari
293 3773 377 3853 lieet,
399 3783 496 3855 atque
519 3792 638 3855 operae
660 3772 802 3855 pretium
826 3779 890 3837 est:
910 3793 1011 3854 quum
1033 3779 1066 3835 te
1089 3770 1176 3835 domi

202 3878 299 3923 meae
326 3858 479 3936 aluerim,
512 3879 565 3923 me
591 3857 718 3922 nullum
747 3878 892 3940 unquam
919 3857 1041 3922 vidisse
1071 3859 1177 3944 magis

203 3943 393 4026 superbum,
415 3943 469 4008 vel
490 3943 596 4027 magis
618 3942 862 4026 perfidum‚'vel
881 3942 1097 4008 humanitatis
1119 3964 1177 4008 ex·

205 4039 342 4114 partem.
387 4027 453 4109 Qui
480 4035 513 4094 te
535 4045 568 4094 et
595 4031 821 4112 impostorem,
850 4039 884 4094 et
905 4030 1040 4112 cynioae
1068 4029 1176 4114 impu·

204 4113 337 4181 dentiae
355 4111 510 4194 deditum,
533 4122 566 4180 et
587 4135 734 4181 scurram
755 4137 797 4179 ex
818 4114 962 4198 professo
982 4114 1098 4197 pietati
1119 4116 1177 4180 ob·

206 4201 382 4266 latrantem
416 4221 481 4264 non
512 4211 706 4283 agnoscunt,
740 4201 823 4265 nihil
855 4222 990 4284 prorsus
1022 4200 1176 4266 iudicant

1232 1541 1321 1606 nefas
1343 1563 1414 1606 esse
1432 1541 1566 1607 duceres
1588 1542 1765 1626 quidquam
1777 1548 1892 1609 contra
1907 1540 2061 1606 iudicare.
2098 1538 2207 1605 Nimis

1231 1636 1319 1691 certe
1341 1627 1479 1692 bardum
1498 1627 1600 1693 fuisse
1621 1637 1654 1692 te
1676 1635 1812 1711 oportet,
1835 1628 1890 1710 qui
1913 1647 1972 1710 por
1994 1644 2206 1691 annos‘oom·

1230 1713 1341 1796 plures
1363 1714 1491 1797 assequi
1513 1735 1578 1778 non
1602 1714 1748 1796 potueris
1770 1712 1855 1797 quod
1877 1722 1911 1779 et
1933 1711 2021 1778 domi
2041 1731 2136 1776 meae
2157 1710 2206 1775 fa·

1230 1799 1402 1864 miliariter
1423 1808 1456 1863 te
1478 1797 1587 1874 docui,
1616 1809 1650 1864 et
1671 1809 1738 1864 tam
1757 1819 1854 1883 saepe
1875 1807 1908 1863 te
1930 1798 2083 1863 audiente
2105 1817 2207 1879 expo·

1231 1886 1281 1949 sui
1303 1886 1337 1950 in
1358 1883 1486 1968 publico
1514 1897 1688 1951 conventu.
1740 1886 1840 1967 Atqui
1868 1884 1964 1949 multi
1991 1874 2101 1948 idonei
2126 1887 2206 1947 sunt

1231 1977 1339 2049 testes,
1362 1970 1515 2054 quamvis
1535 1970 1660 2054 ingenii
1682 1971 1732 2036 tui
1753 1972 1949 2054 pravitatem
1963 1969 2074 2035 multis
2097 1967 2205 2033 modis

1230 2057 1393 2140 corrigere
1417 2067 1449 2121 et
1469 2077 1588 2122 sanare
1609 2058 1731 2122 frustra
1752 2065 1889 2123 conatus
1911 2057 1982 2133 sim,
2011 2054 2206 2138 quantisper

1230 2147 1341 2206 tamen
1362 2150 1395 2207 te
1417 2142 1499 2207 mihi
1521 2142 1731 2207 coniunctum
1754 2163 1826 2207 esse
1847 2142 2067 2225 professum,
2090 2140 2207 2204 haenc

1229 2227 1369 2311 quodam
1391 2229 1490 2294 luisse
1512 2236 1691 2293 retentum:
1720 2236 1757 2293 ut
1782 2228 1899 2293 merito
1927 2226 2008 2292 haec
2033 2226 2206 2291 alienatio-

1230 2315 1282 2378 nis
1300 2333 1397 2379 oausa
1418 2312 1477 2378 tibi
1498 2314 1598 2379 fuisse
1620 2314 1726 2378 videri
1747 2316 1858 2398 possit,
1881 2321 1919 2377 ut
1940 2314 2077 2378 effraeni
2099 2311 2206 2377 licen-

1230 2400 1278 2464 tia
1299 2399 1340 2464 ad
1363 2399 1448 2465 hanc
1468 2399 1505 2463 in
1526 2420 1591 2482 qua
1612 2399 1759 2466 exsultas
1786 2400 1987 2482 impietatem
2009 2417 2203 2480 prorumpe·

1230 2505 1293 2550 res.
1328 2486 1420 2551 Dicis
1442 2494 1475 2550 te
1493 2484 1662 2550 attendere
1684 2507 1751 2550 non
1768 2486 1841 2568 quis
1859 2485 1955 2562 dicat,
1977 2483 2034 2550 sed
2057 2482 2136 2565 quid
2156 2481 2202 2546 di·

1232 2577 1333 2635 catur.
1384 2571 1520 2637 Utinam
1549 2570 1609 2635 tibi
1631 2572 1692 2636 hoc
1712 2571 1839 2654 pridem
1861 2571 1977 2635 fuisset
1997 2589 2200 2653 persuasum,

1231 2658 1372 2740 ingenue
1401 2659 1559 2740 proficere
1585 2678 1626 2723 ex
1655 2657 1793 2723 aliorum
1821 2655 2003 2733 laboribus,
2033 2664 2072 2719 ut
2100 2662 2134 2719 te
2161 2651 2201 2718 ad

1231 2741 1429 2808 docilitatem
1459 2744 1687 2809 assuefacercs.
1736 2743 1834 2808 Nunc
1861 2741 1939 2824 quia
1968 2739 2107 2806 audacia
2129 2751 2201 2805 tau·

1231 2834 1303 2893 tum
1324 2839 1357 2893 et
1379 2830 1570 2912 garrulitate
1588 2828 1699 2912 polles,
1722 2850 1764 2893 ex
1785 2834 1858 2908 [pag.
1875 2831 1947 2908 111]
1967 2826 2107 2893 aliorum
2127 2845 2203 2891 con·

1231 2921 1356 2997 tempta
1375 2915 1516 2999 gratiam
1537 2914 1597 2980 tibi
1619 2914 1780 2980 concilias.
1831 2912 1992 2998 Equidem
2015 2911 2101 2977 nihil
2122 2911 2203 2977 mihi

1233 3021 1366 3084 arrogo,
1395 3000 1451 3066 sed
1473 3001 1521 3065 ita
1542 3000 1582 3066 de
1605 3000 1740 3066 ccclesia
1760 2999 1900 3065 meritus
1920 3020 1991 3065 esse
2012 2997 2138 3076 videor,
2167 3005 2204 3062 ut

1231 3087 1258 3151 si
1286 3085 1367 3151 mihi
1390 3086 1477 3151 inter
1503 3085 1616 3152 fideles
1641 3085 1706 3151 Dei
1735 3107 1848 3152 servos
1874 3085 1965 3151 locus
1992 3082 2103 3162 detur,
2139 3104 2203 3148 non

1231 3170 1347 3236 debeat
1363 3173 1398 3237 in
1419 3171 1531 3237 odium
1549 3172 1636 3238 trahi
1653 3193 1727 3237 mea
1748 3171 1916 3237 autoritas.
1949 3168 1988 3236 si
2005 3190 2127 3254 paucos
2146 3169 2205 3235 ho-

1230 3259 1336 3323 mines
1346 3257 1493 3324 indoctos
1514 3279 1556 3324 ex
1578 3278 1651 3324 meo
1675 3267 1756 3323 nutu
1779 3258 1930 3341 pendere,
1953 3255 2013 3320 vel·
2029 3256 2119 3320 fama
2135 3276 2204 3321 mo-

1230 3344 1301 3408 veri
1326 3342 1458 3423 diceros,
1482 3344 1588 3409 colore
1610 3344 1718 3427 aliquo
1740 3351 1867 3428 tegeres
1878 3350 1970 3410 tuam
1987 3340 2202 3407 calumniam:

1230 3450 1319 3495 nuuc
1341 3429 1420 3494 dum
1442 3430 1526 3495 mihi
1546 3430 1628 3495 vitio
1648 3429 1760 3508 vertis,
1783 3428 1870 3514 quod
1892 3426 2080 3493 hominibus
2103 3426 2204 3492 illite-

1229 3516 1310 3580 ratis
1332 3536 1398 3580 non
1421 3514 1548 3600 placeat
1566 3536 1639 3581 mea
1658 3515 1814 3593 doctrina,
1837 3515 1909 3598 quis
1930 3514 1989 3579 tibi
2011 3512 2123 3578 credet
2145 3513 2205 3578 ho-

1229 3602 1336 3665 mines
1358 3601 1468 3667 doctos
1480 3609 1514 3666 et
1534 3600 1721 3685 ingeniosos
1733 3609 1863 3666 tantum
1883 3621 1925 3665 ex
1936 3599 2028 3664 libris
2046 3600 2129 3664 meis
2150 3618 2203 3664 sa·

1230 3685 1327 3768 pore?
1351 3687 1417 3750 imo
1440 3687 1509 3752 sola
1531 3689 1706 3752 autoritate
1728 3688 1881 3752 attonitos
1904 3686 2024 3762 teneri,
2053 3705 2096 3749 ne
2124 3683 2204 3768 quid

1228 3772 1397 3836 iudicant?
1442 3774 1557 3856 Itaque
1579 3773 1663 3838 nihil
1686 3782 1720 3838 te
1741 3780 1856 3837 autore
1883 3771 2108 3855 probabimus,
2138 3771 2204 3834 nisi

1229 3857 1316 3941 quod
1338 3858 1439 3942 vulgo
1461 3859 1631 3924 hominum
1653 3858 1825 3942 plausibile
1846 3858 1917 3923 crit
1962 3857 2056 3922 Haec
2078 3856 2205 3922 scilicet

1229 3945 1312 4008 ratio
1333 3955 1385 4009 est
1403 3967 1462 4010 cur
1490 3965 1602 4010 omues
1632 3967 1652 4010 a
1680 3944 1869 4010 liberalibus
1898 3942 2054 4008 doctrinis
2075 3942 2203 4008 abster-

1228 4051 1316 4095 reas:
1350 4038 1383 4094 ot
1410 4032 1499 4096 inter
1531 4041 1603 4096 tuos
1633 4032 1734 4096 iactes
1760 4032 1858 4095 inane
1885 4028 2104 4111 frivolumque
2130 4049 2202 4093 esee

1229 4116 1384 4194 studium,
1405 4115 1492 4200 quod
1509 4117 1561 4181 vel
1572 4116 1700 4202 philoso

1229 4222 1293 4285 que
1314 4200 1453 4282 artibus,
1482 4202 1537 4269 vel
1559 4203 1658 4268 etiam
1686 4138 1868 4287 theologiae
1890 4198 2108 4284 impenditur,
2137 4221 2202 4283 quo

1723 4116 1806 4193 hiae,
1825 4115 1878 4180 vel
1897 4113 2094 4191 dialecticae,
2113 4114 2202 4179 aliis·
2326 4146 2355 4160 -

2311 4217 2355 4262 C

205 4285 388 4354 Saevitiam
409 4305 515 4349 meam
537 4287 572 4350 in
594 4307 658 4370 quo
680 4306 821 4365 accuses,
845 4285 957 4352 audire
979 4287 1091 4370 cupio:
1113 4287 1177 4351 nisi
1229 4288 1341 4372 plures
1362 4287 1422 4353 tibi
1445 4290 1593 4371 acquiras
1611 4287 1794 4370 discipulos.
1839 4287 1975 4369 Excipis
1996 4285 2080 4351 tales
2101 4286 2203 4351 fuisse
2292 4303 2355 4349 e

205 4374 290 4438 forte
311 4372 347 4436 in
366 4371 517 4454 magistri
537 4372 587 4435 tui
609 4370 739 4438 Serveti
762 4381 876 4450 morte,
899 4394 958 4456 pro
979 4394 1043 4455 quo
1066 4381 1177 4437 tamen
1229 4373 1285 4457 qui
1313 4373 1484 4439 Christum
1513 4372 1730 4440 sectabantur.
1784 4378 1857 4454 [pag.
1886 4377 1958 4452 118]
1987 4371 2092 4453 Quasi
2114 4391 2201 4437 -rero
2284 4390 2355 4434 c

204 4463 283 4538 [pag.
304 4462 378 4537 115]
402 4477 455 4521 me
476 4457 574 4521 lhisse
596 4456 803 4540 deprecatum
825 4466 927 4524 testes
949 4469 1026 4523 sunt
1047 4458 1109 4541 ipsi
1127 4458 1177 4522 iu·
1229 4454 1342 4524 literis'
1355 4460 1520 4525 contraria
1540 4462 1584 4526 sit
1604 4459 1783 4525 christiana
1810 4458 1900 4525 fides.
1943 4459 2008 4523 Hie
2029 4456 2202 4524 attendant
2266 4464 2355 4519 τι

205 4543 310 4623 dices,
341 4565 383 4608 ex
412 4563 551 4626 quorum
577 4563 715 4609 numero
742 4554 821 4611 tunc
849 4543 913 4610 duo
936 4552 1030 4609 erant
1051 4545 1177 4609 strenui
1230 4545 1366 4610 lectores
1388 4545 1465 4628 quid
1487 4546 1574 4611 inter
1596 4567 1648 4611 me
1675 4554 1708 4610 et
1730 4553 1762 4610 te
1783 4545 1923 4610 intersit
1974 4545 2048 4629 Ego
2071 4544 2201 4627 sapien·
2255 4577 2355 4601 --

204 4631 278 4696 eius
300 4628 439 4714 patroni.
484 4625 553 4693 Sed
579 4627 619 4692 de
641 4651 694 4693 mo
721 4630 795 4713 plus
823 4631 912 4696 satis.
957 4628 1080 4710 Quales
1102 4629 1176 4695 doc·
1228 4632 1371 4696 tissimus
1394 4652 1547 4715 quosque,
1570 4631 1885 4708 donecstultoscant,
1909 4631 2085 4713 etproprio
2102 4650 2201 4696 sensu
2232 4644 2355 4691 υ

205 4716 298 4781 trina
319 4736 392 4780 mea
411 4715 535 4779 fructus
557 4721 626 4777 tarn
642 4715 680 4777 in
697 4715 759 4779 hac
780 4716 870 4797 urbe,
893 4737 992 4800 quam
1013 4715 1109 4799 longe
1130 4716 1176 4780 la·
1228 4716 1339 4782 valere
1361 4717 1464 4792 iusso,
1492 4725 1664 4783 mansueta
1693 4717 1902 4801 simplicitate
1929 4737 1965 4781 se
1991 4715 2145 4781 addicant
2165 4716 2199 4780 in
2227 4730 2355 4777 1-

205 4807 306 4886 teque
332 4801 370 4865 in
397 4799 510 4865 multis
536 4798 725 4883 regionibus
757 4803 876 4884 pariat,
905 4801 1176 4868 considerandum
1229 4801 1354 4869 Christi
1377 4802 1578 4886 obsequium,
1601 4804 1843 4888 proprietastu
1866 4802 2033 4868 excaecari
2057 4801 2309 4879 diceneo

204 4886 366 4970 relinquo.
412 4884 566 4966 Quotidie
587 4906 629 4949 ex
652 4885 713 4961 hac
733 4885 852 4966 schola,
881 4909 978 4971 quam
1001 4899 1068 4953 tam
1090 4897 1177 4952 atro·
1228 4886 2355 4973 quideoelestisdoctrinacunquamdegustent:quirin-1-

205 4973 290 5038 citer
311 4971 500 5056 proscindis,
522 4969 617 5036 Deus
631 4970 692 5036 eibi
714 4970 806 5054 eligit
816 4974 931 5055 optimi
945 4982 979 5037 ct
991 4973 1176 5039 suavissimi
1229 4976 1335 5058 sipida
1356 4984 1407 5040 est
1425 4977 1462 5039 in
1483 4974 1547 5040 Dei
1569 4977 1735 5059 mysteriis
1756 4983 1825 5040 tota
1846 4974 2019 5041 hominum
2040 4975 2140 5051 ratio,
2168 4978 2355 5037 effe:

206 5056 317 5122 odoris
338 5058 489 5124 victimas
515 5056 557 5121 ad
584 5053 813 5122 illustrandam
840 5059 1003 5143 evangelii
1030 5061 1079 5125 sui
1103 5059 1177 5125 doc·
1228 5060 1382 5129 obtusum
1410 5082 1555 5126 acumen.
1609 5060 1725 5145 Itaque
1760 5070 1859 5144 caput
1891 5081 1988 5125 verae
2021 5059 2355 5143 sapientiae—a

204 5141 339 5208 trinam.
382 5144 424 5209 In
446 5164 484 5210 ea
505 5143 562 5227 qui
583 5143 770 5228 proficiunt,
799 5164 939 5227 quorum
966 5145 1081 5209 saltem
1110 5166 1176 5211 non
1229 5147 1447 5213 humilitatem
1465 5143 1537 5213 es'se
1559 5145 1638 5228 dieo,
1662 5169 1744 5232 quae
1766 5168 1825 5212 nos
1847 5146 2056 5212 omnioarnis
2077 5143 2222 5210 intelli·
2253 5164 2282 5199 τ
2301 5166 2344 5180 ⁴·
