4590 5858
220 232 283 297 eet
1029 223 1397 294 Pssfflfflotffls.
2146 222 2215 289 836

219 417 284 484 dat
318 415 414 498 Quod
434 417 464 482 si
484 423 578 482 tanta
599 415 746 482 deotrina
762 414 929 500 praeditus
948 415 1066 481 inisset
1085 434 1189 498 quan·
1239 412 1293 480 vel
1313 411 1380 479 Dei
1400 413 1550 499 gratiam,
1572 434 1655 498 qnae
1675 413 1809 479 unitum
1831 421 1881 478 est
1901 411 1972 478 eius
1989 409 2142 476 miseriae
2162 429 2215 476 re·

219 511 290 568 tum
319 513 352 568 et
378 503 504 587 ingenii
530 503 680 569 aeumine
713 510 747 568 et
777 501 898 568 iudieie
931 509 965 585 et
996 499 1189 566 dexteritate
1239 497 1393 578 medium,
1414 499 1590 584 ignoraret
1634 497 1703 565 Sed
1729 500 1765 564 in
1791 505 1944 583 promptu
1967 503 2046 563 sunt
2064 495 2215 562 rationes

218 588 418 672 praestabat,
451 589 486 652 in
513 589 694 671 seripturae
721 586 924 671 expositione
951 587 1078 671 primus
1105 586 1189 651 ferte
1240 603 1323 667 quae
1344 585 1453 668 ipsum
1474 584 1516 651 ad
1537 585 1571 650 id
1597 584 1808 668 impulerunt
1851 583 2012 648 Videmus
2033 600 2214 733 qnamffi

218 674 453 739 nominaretur.
515 675 722 757 Augustinus
752 674 835 740 eitra
866 672 1122 740 eontroversiam
1151 670 1188 735 in
1239 690 1315 735 rum
1336 679 1554 737 eensentanea
1572 671 1616 736 sit
1631 669 1721 736 eivili
1738 668 1930 753 prudentiae
1947 690 1987 735 ae
2001 667 2153 751 philosop

218 759 294 824 fidei
316 756 522 844 dogmatibus
543 778 656 824 omnes
677 766 820 842 superat
856 758 1043 842 Religiesue
1060 777 1189 840 quoque
1240 777 1315 820 rum
1336 755 1473 839 plaeitis,
1495 754 1639 841 quaeda
1661 755 1970 822 eaeeitatehumani
1986 753 2121 837 ingenii,
2140 772 2214 820 oer-

218 845 379 928 imprimis
401 846 580 929 seripturae
600 845 772 928 interpres,
794 843 852 909 sed
873 844 961 909 ultra
980 841 1114 907 modum
1136 861 1189 906 ar-
1240 840 1291 906 dis
1311 843 1534 925 perversitate,
1557 842 1686 908 animae
1706 841 1902 925 impotentia
1928 840 2093 922 totiusque
2115 845 2215 904 natu-

219 940 327 1015 gntus.
372 928 447 1011 Quo
469 932 508 996 fit
528 941 566 994 ut
585 931 695 995 minus
716 931 832 995 firmus
854 930 899 996 sit
919 950 957 995 ae
979 926 1113 996 solidus.
1240 947 1296 991 rae
1335 929 1542 1010 corruptione
1580 927 1751 1011 seripturis
1811 925 1917 992 redita
1953 934 2006 991 est
2046 923 2213 991 dootrina:

280 1014 659 1099 chrysostomum
681 1016 786 1081 nestri
812 1015 893 1081 haee
916 1015 1024 1098 prima
1044 1013 1117 1079 laus
1138 1019 1190 1079 est
1239 1012 1348 1077 Erant
1380 1021 1490 1078 autem
1526 1022 1604 1079 tune
1640 947 1845 1097 philosepEi,
1878 1010 1936 1094 qui
1967 1010 2029 1076 hee
2066 1009 2175 1075 medis
2187 1013 2213 1093 ¹)

218 1099 303 1183 qued
340 1100 460 1184 ubique
498 1100 545 1166 illi
583 1121 711 1166 summe
744 1100 853 1167 studio
885 1101 945 1166 fuit
980 1121 1000 1165 a
1032 1118 1189 1184 germana
1240 1096 1416 1182 eaptabant
1442 1099 1478 1163 in
1505 1106 1618 1166 nestra
1643 1098 1818 1183 religione,
1843 1117 1906 1180 qne
1933 1095 1975 1161 ab
2001 1116 2040 1161 ea
2060 1095 2213 1161 hemines

218 1185 398 1269 seripturae
415 1187 600 1252 sinceritate
617 1207 659 1251 ne
676 1187 848 1251 minimum
866 1184 1187 1269 quidemdefleetere‚
1240 1183 1321 1250 alies
1343 1183 1534 1251 alienarent
1575 1184 1703 1249 Eorum
1725 1182 1852 1250 eavillis
1874 1181 2110 1265 malitiosieque
2133 1181 2213 1247 arti·

217 1290 255 1337 ao
277 1271 402 1336 nullam
424 1272 487 1338 sibi
512 1271 677 1338 lieentiam
698 1292 829 1337 sumere
854 1272 892 1337 in
913 1271 1052 1354 simpliei
1073 1269 1188 1336 verbo·
1239 1267 1301 1334 bus
1322 1290 1501 1349 oeeurrere,
1524 1270 1622 1337 offleii
1641 1270 1692 1336 sui
1713 1289 1785 1336 esse
1806 1267 1938 1335 ridebat
1955 1267 2212 1352 chrysostomus

216 1378 291 1421 rum
324 1377 423 1422 sensu
456 1356 705 1440 eonterquende.
766 1357 835 1423 Nee
866 1357 954 1423 aliud
987 1356 1058 1422 dieo
1090 1376 1188 1439 quam
1239 1364 1361 1420 nester.
1385 1353 1517 1436 ‚Quum
1543 1377 1622 1423 vero
1648 1354 1739 1421 nulla
1765 1353 1956 1421 ooeurrendi
1983 1353 2100 1419 melior
2127 1354 2210 1419 ratio

217 1439 303 1524 qued
331 1442 520 1509 fatebuntur
548 1442 603 1526 qui
631 1456 664 1508 et
692 1450 781 1508 reete
806 1440 949 1508 iudieare
976 1450 1131 1526 poterunt
1155 1448 1189 1506 et
1239 1450 1435 1523 suppeteret,
1456 1442 1504 1506 ita
1525 1442 1722 1507 sententiam
1743 1461 1837 1506 suam
1858 1439 2071 1522 temperabat,
2095 1460 2140 1504 ne
2162 1439 2211 1503 ni·

217 1548 336 1593 verum
357 1527 463 1594 dieere
485 1548 550 1593 nen
573 1526 776 1594 dubitabunt
820 1528 932 1594 Habet
958 1528 1029 1611 ipse
1050 1547 1187 1611 queque,
1239 1527 1343 1591 mium
1375 1526 1566 1593 abhorreret
1597 1547 1617 1592 a
1648 1525 1814 1593 eommuni
1845 1525 2015 1591 hominum
2048 1525 2209 1608 opinione.

216 1612 338 1692 fateor,
363 1620 397 1679 et
417 1615 453 1678 in
474 1612 592 1696 quibus
613 1614 686 1679 aliis
707 1613 816 1691 eedat,
844 1622 878 1679 et
905 1633 987 1697 quae
1011 1612 1188 1696 reprehen-
1239 1611 1331 1677 Haee
1352 1632 1431 1697 erge
1452 1614 1558 1696 prima
1575 1613 1659 1678 ratio
1681 1632 1752 1678 ease
1773 1610 1903 1677 videtur
1924 1629 1984 1675 eur
2004 1620 2038 1676 et
2057 1609 2099 1676 de
2118 1631 2209 1694 prae·

217 1699 307 1764 sione
330 1699 429 1784 digna
449 1699 526 1775 sint,
549 1700 647 1764 etiam
668 1700 696 1765 si
718 1721 792 1765 eum
809 1699 948 1765 alierum
969 1699 1099 1782 seriptis
1120 1719 1188 1763 non
1239 1697 1458 1764 destinatione
1478 1699 1647 1764 obseurius
1667 1696 1822 1781 loquutus
1844 1697 1902 1774 sit,
1928 1704 1963 1761 et
1982 1702 2115 1762 tentum
2136 1717 2209 1763 eon·

218 1785 436 1850 eonferantur.
485 1785 612 1849 Verum
651 1784 779 1867 quando
817 1785 938 1851 seimus
975 1785 1085 1850 omnia
1116 1804 1187 1850 esse
1239 1785 1372 1850 cesserit
1400 1783 1578 1850 voluntatis
1605 1794 1736 1849 nostrae
1762 1782 1913 1862 arbitrie,
1946 1790 1984 1846 ut
2008 1781 2135 1848 seilieet
2159 1801 2208 1848 se-

217 1878 338 1948 nostra,
360 1891 420 1935 nos
442 1877 550 1934 autem
572 1870 669 1935 unius
690 1869 831 1948 christi,
853 1872 1002 1939 fruamur
1024 1890 1104 1935 sane
1124 1869 1187 1935 hae
1239 1869 1422 1952 phistarum
1447 1869 1619 1936 calumniis
1646 1889 1761 1935 ansam
1788 1866 2005 1952 praesideret,
2033 1866 2091 1950 qui
2118 1873 2209 1934 erant

217 1952 351 2029 Domini
380 1955 595 2040 benignitate:
624 1954 742 2034 libere,
770 1955 919 2039 inquam,
946 1955 1126 2023 iudieemus
1146 1954 1187 2020 de
1238 1956 1275 2020 in
1297 1955 1358 2022 hee
1379 1958 1488 2038 ipsum
1509 1954 1629 2021 intenti
1652 1955 1746 2019 utin
1767 1953 1876 2020 edium
1900 1952 2124 2036 invidiamque
2145 1960 2208 2018 tra·

218 2041 308 2104 omni
330 2041 459 2123 seriptu,
481 2039 576 2105 mode
598 2050 787 2107 reverenter
808 2062 846 2107 ae
867 2041 989 2120 sobrie,
1011 2063 1072 2107 nee
1093 2040 1187 2124 quid·
1239 2041 1366 2121 herent,
1389 2062 1473 2124 qnae
1495 2040 1685 2123 simpliciter
1706 2040 1747 2105 de
1767 2040 1808 2105 iis
1829 2038 1927 2104 rebus
1948 2036 2130 2106 seeundum
2146 2038 2208 2104 Dei

218 2145 316 2207 quam
344 2127 407 2191 nisi
436 2126 586 2192 examine
612 2125 757 2192 adhibite
772 2127 989 2211 ,reeipiamus
1039 2127 1127 2192 Nam
1154 2133 1188 2191 et
1240 2126 1377 2192 verbum
1404 2125 1598 2193 diserentur.
1642 2127 1720 2192 Non
1745 2125 1810 2191 fuit
1832 2123 1978 2208 quidem,
2007 2127 2127 2203 fateor,
2154 2124 2208 2190 illn

217 2231 299 2293 quae
326 2213 527 2295 seripserunt
554 2233 666 2277 omnes
694 2211 819 2279 (lhrieti
846 2214 948 2293 servi,
980 2233 1019 2278 ea
1044 2214 1188 2296 profeete
1239 2213 1319 2278 satis
1339 2212 1457 2279 idonea
1478 2232 1577 2279 eausa
1597 2233 1656 2278 eur
1677 2230 1697 2275 a
1717 2212 1898 2294 seripturae
1919 2209 2129 2293 simplicitate
2155 2211 2208 2276 de-

216 2294 289 2380 lege
315 2307 467 2381 exempta
495 2317 566 2363 esse
593 2298 785 2376 noluerunt,
818 2296 915 2381 quam
947 2299 1026 2381 ipsis
1058 2319 1188 2381 quoqne
1239 2300 1391 2365 fleoteret
1436 2298 1552 2380 Neque
1573 2299 1662 2362 enim
1684 2317 1824 2380 aequum
1844 2306 1910 2374 est,
1932 2303 1971 2361 nt
1991 2295 2139 2362 humano
2160 2296 2208 2361 ιιι-

218 2382 344 2465 angelis
365 2382 490 2448 Paulus
511 2382 711 2466 praeseribit.
756 2384 805 2449 Ao
832 2404 896 2466 quo
917 2384 1043 2450 minere
1064 2385 1188 2450 offensa
1239 2382 1322 2450 dioio
1343 2383 1438 2450 eadat
1458 2384 1524 2449 Dei
1549 2385 1686 2462 veritas,
1714 2383 1768 2449 eui
1794 2402 1907 2448 omnes
1930 2380 2103 2447 hominum
2124 2385 2209 2466 eogi-

217 2476 251 2531 et
276 2468 398 2533 maiore
427 2490 501 2534 eum
535 2470 642 2533 fruetu
674 2468 803 2553 legatur
835 2469 898 2534 hoe
930 2491 1011 2554 epus
1041 2468 1188 2553 Obryso·
1238 2470 1381 2536 tationes
1398 2469 1496 2535 ¹velut
1514 2471 1662 2553 captivae
1679 2468 1800 2534 debent
1815 2466 1994 2551 subiugat-i,
2016 2475 2050 2532 et
2064 2468 2101 2532 in
2118 2469 2210 2534 euius

216 2553 323 2632 atomi,
345 2552 448 2618 obiter
468 2552 618 2619 indieabo
635 2554 669 2618 in
681 2553 797 2636 quibus
813 2576 878 2620 non
897 2554 977 2620 adeo
993 2554 1077 2620 milri
1093 2555 1188 2620 satis·
1240 2555 1458 2621 obedientiam
1478 2554 1585 2638 redigi
1606 2554 1727 2619 debent
1751 2561 1880 2618 mentes
1897 2573 2020 2618 —emnes
2048 2574 2125 2618 eum
2150 2573 2210 2620 sua

217 2637 308 2716 feeit,
335 2659 398 2721 quo
424 2639 618 2720 praemoniti
644 2639 782 2705 leoteres
808 2640 934 2707 faeilius
963 2641 1026 2706 sibi
1054 2638 1188 2706 abillis
1238 2640 1464 2725 intelligentia.
1518 2638 1586 2706 Sed
1619 2661 1721 2723 quum
1753 2649 1880 2705 eertum
1912 2639 1972 2716 sit,
2004 2638 2090 2703 nihil
2121 2637 2210 2704 aliud

218 2734 363 2788 eaveant.
418 2724 459 2788 In
486 2724 702 2806 praedicando
734 2725 876 2790 hominis
908 2725 1009 2791 libero
1041 2726 1186 2805 arbitrio,
1239 2728 1402 2809 quaesisse
1430 2746 1528 2809 quam
1553 2733 1592 2791 ut
1617 2746 1654 2791 se
1681 2723 1851 2808 expediret
1876 2723 1918 2789 ab
1941 2724 2083 2790 inimieis
2105 2724 2210 2791 erneis

216 2807 254 2872 in
281 2810 406 2874 meritis
437 2831 571 2892 eperum
603 2810 777 2877 efferendis
809 2810 1013 2890 immodieus,
1048 2813 1186 2896 gratiam
1239 2812 1381 2891 (lhristi,
1404 2812 1484 2877 haee
1504 2820 1592 2876 eerte
1613 2819 1681 2883 tam
1702 2812 1758 2895 pia
1779 2810 1930 2889 affeetie,·
1950 2818 2116 2893 uteunque
2138 2832 2209 2877 sue·

216 2893 282 2959 Dei
303 2895 339 2959 in
360 2893 515 2960 eleetione
536 2917 573 2960 ae
595 2897 765 2961 venatione
786 2906 906 2976 nostra,
930 2898 1107 2981 gratuitam
1130 2896 1186 2963 de·
1238 2919 1332 2964 eessu
1354 2906 1473 2975 eareat,
1495 2898 1738 2964 exeusationem
1758 2904 1871 2961 tamen
1892 2895 2035 2981 aliquam
2054 2904 2208 2962 meretur.

216 2976 293 3044 inde
309 2979 573 3061 misericordiam,
595 3003 660 3064 qua
681 3003 741 3049 nos
763 3003 783 3048 a
803 2984 970 3049 veeatione
988 2983 1029 3048 ad
1047 2993 1186 3048 mortem
1239 2981 1306 3049 Sed
1322 2983 1427 3049 altera
1443 2992 1536 3065 parte
1547 2984 1654 3067 magis
1664 2982 1844 3047 etiamnum
1855 2981 2074 3065 premebatur.
2102 2982 2210 3047 Erant

216 3085 318 3148 usque
340 3067 562 3149 prosequitur,
591 3069 637 3132 sio
658 3067 810 3145 nonnihil
831 3068 991 3135 obseurat
1035 3070 1186 3135 Primum
1238 3068 1325 3135 enim
1348 3068 1445 3133 multi
1465 3070 1501 3133 in
1523 3068 1660 3135 eoelesia
1679 3067 1828 3151 impurae
1854 3088 1892 3133 ae
1913 3067 2100 3132 lieentiosae
2122 3068 2209 3133 vitae

216 3149 405 3216 electionem
432 3172 507 3218 eum
534 3152 643 3235 alique
671 3173 807 3236 operum
828 3162 1016 3219 nestrorum
1037 3165 1186 3237 respeetu
1237 3155 1401 3232 hemines,
1428 3154 1485 3237 qui
1511 3175 1612 3238 quum
1639 3162 1857 3238 arguerentur
1884 3151 2111 3235 apastoribus
2132 3153 2208 3234 suis,

215 3235 384 3319 implieare
410 3239 541 3302 nititur:
570 3258 673 3321 quum
699 3239 863 3323 seriptura
888 3241 1010 3322 passim
1031 3241 1187 3306 reclamet
1237 3240 1402 3306 habebant
1430 3240 1541 3305 statim
1569 3239 1656 3323 qued
1683 3239 1833 3323 ignaviae
1858 3259 1936 3304 suae
1963 3247 2207 3321 praetexerent:

216 3322 301 3388 nihil
329 3342 400 3388 esse
427 3344 490 3406 que
517 3321 560 3389 ad
585 3344 646 3388 nos
674 3323 841 3409 eligendos
873 3333 1067 3409 provocetur
1093 3326 1186 3391 Deus
1237 3325 1299 3392 sibi
1326 3325 1411 3390 nihil
1436 3346 1531 3410 posse
1562 3326 1720 3408 imputari
1752 3322 1838 3407 quod
1869 3345 1911 3389 ex
1942 3324 2076 3408 ingenie
2102 3327 2218 3391 earnis

215 3407 279 3473 nisi
301 3419 481 3473 extremam
503 3410 678 3488 miseriam,
699 3432 761 3477 nee
783 3410 913 3475 aliunde
929 3411 1039 3494 ipsum
1056 3433 1186 3477 sumere
1237 3433 1316 3478 suae
1344 3413 1510 3491 viverent,
1537 3409 1799 3494 quandoquidem
1825 3418 1963 3475 naturae
1984 3430 2064 3475 suae
2085 3411 2214 3476 vitiosi-

215 3512 278 3575 que
299 3494 393 3560 nebis
419 3515 513 3576 opem
538 3497 636 3572 seret,
665 3515 764 3579 quam
786 3515 806 3560 a
825 3518 886 3561 sua
906 3497 1008 3579 ipsius
1031 3497 1184 3563 bonitate.
1237 3506 1306 3562 tate
1337 3496 1379 3562 ad
1411 3496 1612 3581 peeeandnm
1639 3497 1858 3580 adigerentur.
1908 3493 2076 3576 Quamdiu
2104 3497 2216 3581 gratia

215 3578 344 3644 Deinde
372 3578 501 3645 laudem
528 3581 706 3647 vocationis
736 3589 866 3646 nestrae
897 3582 986 3647 inter
1012 3583 1121 3649 Deum
1153 3591 1187 3649 et
1238 3583 1302 3648 Dei
1328 3603 1396 3647 non
1424 3582 1674 3660 adiuvarentur,
1699 3602 1777 3647 suae
1797 3582 1932 3646 virtutis
1952 3602 2130 3663 nonesse,
2151 3582 2208 3648 du-

216 3682 277 3728 nes
299 3664 532 3746 quodammode
553 3666 706 3749 partitur,
730 3687 830 3750 quum
852 3667 1014 3751 scriptura
1035 3677 1185 3736 eonstan·
1237 3688 1308 3732 ram
1336 3668 1433 3733 istam
1460 3668 1688 3734 necessitatem
1716 3667 1860 3733 eluctari.
1904 3667 2008 3733 Perre
2034 3668 2083 3733 sie
2109 3668 2207 3753 tergi·

217 3755 268 3813 ter
289 3748 427 3816 solidum
454 3751 524 3816 eius
553 3752 827 3836 eomplementum
848 3753 920 3818 Dee
940 3753 1091 3837 assignet
1134 3755 1186 3820 De
1238 3753 1397 3819 versando
1419 3753 1549 3836 eulpam
1570 3752 1745 3832 seelerum,
1774 3773 1856 3835 quae
1880 3753 1916 3817 in
1937 3754 2017 3837 ipsis
2038 3752 2203 3831 residebat

215 3833 317 3900 libero
339 3834 471 3901 arbitrio
494 3838 541 3902 sie
562 3838 716 3920 loquitur,
739 3858 777 3903 ae
798 3838 825 3904 si
848 3839 890 3904 ad
912 3837 1059 3905 studium
1080 3841 1185 3907 virtu·
1237 3840 1336 3922 impie
1359 3839 1558 3923 indignoque
1579 3840 1614 3904 in
1636 3839 1745 3904 Deum
1768 3839 1927 3904 bonorum
1948 3838 2098 3904 emnium
2118 3847 2202 3904 aute-

214 3921 259 3985 tis
281 3920 474 4005 divinaeque
495 3923 576 4007 legis
597 3924 858 3989 observationem
883 3925 1024 3989 multum
1043 3926 1187 3991 baberet
1237 3946 1318 4004 rem,
1335 3925 1458 3991 nullius
1475 3946 1553 3991 vero
1569 3924 1802 4003 malieausam,
1820 3924 2071 3989 transferebant
2103 3925 2202 3990 Erant

215 4006 381 4070 momenti.
431 4008 534 4091 Atqui
560 4008 680 4093 ubique
706 4009 869 4075 Dominus
896 4010 988 4076 verbi
1015 4012 1066 4077 sui
1093 4013 1185 4078 testi·
1237 4019 1272 4078 et
1292 4010 1444 4076 nonnulli
1465 4011 1521 4094 qui
1543 4010 1583 4075 de
1608 4010 1675 4074 fato
1698 4010 1896 4095 garriebant.
1940 4010 2027 4076 Cum
2050 4010 2201 4077 eiusmodi

215 4091 326 4156 monio
347 4111 407 4156 nos
429 4095 517 4157 omni
538 4093 619 4160 bene
640 4095 759 4178 agendi
780 4094 934 4161 laenitate
962 4097 1095 4180 spoliat,
1125 4119 1185 4164 nee
1236 4097 1384 4180 pestibus
1406 4118 1471 4161 nen
1492 4095 1563 4161 sine
1581 4097 1705 4180 optima
1727 4116 1824 4161 eausa
1841 4095 1896 4160 hie
1912 4102 2046 4161 sanetus
2064 4097 2117 4162 vir
2133 4117 2201 4162 eon·

216 4177 315 4242 aliam
337 4176 492 4242 virtutem
514 4180 671 4263 reliquam
692 4180 785 4247 nobis
806 4182 891 4259 feeit,
914 4182 978 4246 nisi
999 4203 1097 4265 quam
1114 4183 1185 4266 ipse
1238 4182 1456 4268 gradiebatur.
1523 4180 1591 4248 Sed
1628 4203 1731 4265 quum
1770 4180 1982 4265 expugnandi
2019 4182 2104 4248 ratio
2143 4203 2201 4247 non

216 4262 335 4346 spiritu
357 4283 415 4327 sue
435 4263 667 4331 subministrat.
701 4266 774 4331 Iam
795 4267 947 4350 operibus
964 4288 1092 4351 quoque
1111 4269 1185 4351 plus
1237 4269 1360 4353 optime
1384 4268 1432 4333 illi
1459 4275 1636 4347 constaret,
1664 4288 1728 4350 que
1755 4265 1914 4332 desidiam
1940 4265 2007 4331 illis
2035 4288 2132 4333 suam
2152 4288 2201 4333 ex·

215 4368 319 4432 aequo
346 4349 477 4427 tribuit,
503 4352 633 4432 quando
661 4352 793 4418 videtur
814 4360 960 4418 nostram
982 4375 1092 4421 eoram
1112 4356 1185 4421 Deo
1237 4362 1365 4420 euteret
1395 4374 1589 4436 omnemque
1616 4354 1858 4419 exeusationem
1890 4351 2035 4430 tolleret,
2068 4353 2202 4452 negabat

215 4434 375 4500 iustitiam
396 4434 440 4498 ali
461 4455 504 4499 ua
526 4438 737 4519 expertein
759 4438 823 4503 illis
840 4458 972 4521 ponere.
1016 4440 1108 4505 Nihil
1127 4463 1185 4506 au·
1237 4441 1284 4507 sie
1305 4439 1370 4505 Dei
1395 4440 1501 4523 gratia
1528 4439 1695 4504 hominem
1720 4438 1762 4504 ad
1791 4438 1912 4504 bonum
1938 4458 2144 4521 praeparat-1,
2169 4446 2201 4504 nt

214 4527 283 4584 tem
305 4455 462 4603 estquod
484 4528 651 4604 tantopere
673 4533 791 4608 urgeat
814 4525 991 4607 seriptura,
1019 4546 1117 4608 quam
1138 4535 1185 4607 nt,
1236 4547 1302 4591 non
1336 4523 1458 4608 aliquid
1489 4527 1559 4607 ipse
1589 4545 1718 4608 quoque
1749 4545 1845 4590 suum
1871 4524 1996 4589 afferat
2051 4525 2116 4590 Est
2146 4525 2201 4590 ista

215 4605 310 4671 nobis
331 4606 545 4689 operibusque
572 4608 691 4673 nostrie
718 4608 868 4675 omnibus
894 4610 1073 4676 iniustitiae
1094 4610 1185 4677 dam·
1237 4609 1369 4695 quidem
1397 4610 1550 4694 loquendi
1576 4610 1717 4676 formula
1742 4630 1860 4693 parum
1886 4617 2107 4675 consentanee
2134 4609 2200 4675 stile

214 4692 313 4771 natis,
335 4691 473 4758 solidam
494 4692 638 4757 iustitiae
657 4693 787 4759 laudem
808 4696 880 4761 Dee
902 4697 1038 4762 tribuat:
1060 4705 1186 4763 utnon
1236 4698 1371 4780 spiritus
1392 4696 1506 4761 saneti.
1551 4694 1701 4763 Sedbee
1722 4695 1880 4779 estquod
1901 4697 2079 4779 praeeipio:
2102 4694 2200 4777 dixi²l

214 4776 285 4858 ipse
307 4778 403 4843 mode
422 4779 466 4844 sit
481 4780 596 4856 iustus,
619 4778 675 4843 sed
694 4781 838 4863 gratuita
855 4803 914 4847 sua
930 4781 1076 4848 bonitate
1093 4784 1185 4849 iusti·
1236 4782 1366 4850 fidelem
1394 4782 1520 4849 Christi
1544 4803 1692 4862 servum,
1725 4803 1825 4866 quum
1852 4779 1894 4846 ad
1921 4781 2083 4864 optimum
2110 4783 2200 4847 finem

215 4863 290 4928 lieet
317 4884 427 4929 servos
457 4885 546 4941 suos,
579 4884 646 4928 non
679 4885 737 4947 pro
769 4886 904 4948 eperum
937 4867 1096 4953 dignitate
1129 4878 1187 4934 aut

215 4949 346 5027 merite,
376 4949 432 5015 sed
466 4970 507 5014 ex
542 4949 606 5015 lide
634 4950 711 5016 Iesu
739 4949 872 5016 Ohristi.
927 4953 1042 5036 Neque
1073 4962 1185 5019 tamen
1384 5004 1389 5016 .
1431 5004 1436 5016 .
1945 5002 1951 5015 .
1997 5003 2003 5016 .
2113 5004 2119 5016 .

215 5031 410 5099 christianae
431 5032 598 5106 doetrinae
620 5037 666 5102 sie
688 5036 787 5101 fuisse
808 5035 998 5118 imperitum
1015 5059 1053 5104 ae
1069 5040 1186 5106 rudem
1236 5072 1264 5126 Α
1283 5002 1407 5129 ,¹20⁸ss
1424 5002 1561 5127 ἷέιέιξω
1578 5002 1687 5127 Q&
1711 5003 1870 5060 ”ommam
1898 5001 2064 5059 amm
2090 5001 2199 5058 mm

215 5118 367 5184 eredibile
388 5129 454 5200 est,
482 5128 520 5185 nt
540 5121 593 5186 vel
615 5123 770 5188 miseram
792 5120 934 5188 hominis
956 5125 1184 5206 eonditionem,
1263 5089 1503 5207 wilimaris:
1520 5142 1651 5211 principie
1669 5140 1737 5196 dixi:
