4748 5798
227 235 289 298 379
943 214 1195 292 ΕΧΡΟΒΙἨΟ
1216 214 1486 285 munusue

225 416 395 499 restringis
423 415 459 479 in
481 412 650 505 angustias
678 409 820 475 materni
852 409 951 485 uteri,
978 416 1121 506 atrooem
1148 407 1199 505 in3
1644 452 1845 527 ,XXVHL

225 504 345 569 iuriam
375 499 498 567 Ohristi
525 497 678 580 apostolis
704 496 824 574 inuris,
857 515 912 559 eos
939 496 973 559 in
1000 513 1119 558 erroris
1152 499 1199 556 tm

225 590 412 655 woietatem
433 582 602 650 trahendo.
815 591 818 599 ’
1340 577 1438 644 Pater
1458 577 1588 659 elfilius
1605 601 1666 645 uou
1686 586 1768 660 suut,
1786 582 1930 662 utaiuut,
1952 583 2128 667 odolipuid
2137 585 2223 651 uude

821 825 823 831 .
1857 804 1864 833 7

315 843 494 924 Quicunque
524 863 544 906 a
575 839 711 924 supinis
738 842 840 920 portu
867 841 1026 902 aeteruum
1067 834 1152 914 λόγον
1179 855 1201 899 a
1236 837 1384 902 >aiamim
1411 836 1466 901 sed
1486 836 1667 918 mulium
1686 839 1768 905 eitra
1787 838 1877 904 ilum
1896 839 2101 923 sophisticum
2121 861 2225 925 exeep-

226 929 345 996 uitubiii
374 927 496 994 Christo
527 944 667 990 seorsum
693 923 896 1002 consideraret
924 923 1002 988 duos¹
1029 917 1091 987 sibi
1115 921 1200 1003 tilios
1250 924 1361 988 tionem
1382 922 1509 986 uomitu
1528 928 1603 988 suut
1618 944 1724 989 rerum
1744 923 2005 1003 uersurum,
2027 946 2108 1009 puae
2130 945 2223 1008 quor·

226 1016 399 1081 seusam
420 1013 613 1090 coustituuut,
635 1007 822 1074 invisibilem
842 1009 975 1074 alterum
995 1013 1024 1072 et
1044 1007 1201 1087 impatibi-
1251 1013 1315 1074 tau
1342 1008 1432 1073 iilam
1463 1027 1530 1072 rem
1554 1010 1722 1091 soriplturis
1752 1011 1853 1074 suerio
1875 1032 2008 1092 prorsus
2037 1013 2224 1097 iuoopuitam

226 1102 293 1168 lem
340 1101 441 1181 Quom
461 1098 640 1163 seutentiam
661 1095 754 1160 diuus
777 1093 930 1160 Irutaeus
949 1095 1057 1159 memte
1077 1093 1201 1159 bomiei
1251 1113 1347 1177 ueque
1366 1093 1542 1173 adnutum,
1565 1112 1661 1176 ueque
1682 1101 1856 1179 wuuseuut

225 1188 342 1255 dialem
362 1208 383 1250 u
497 1234 504 1249 .

377 1184 497 1268 mm
1338 1265 1434 1347 Quod
1455 1267 1635 1349 impugnat,
1658 1268 1699 1333 ab
1721 1266 1836 1331 ultima
1858 1288 1959 1351 usque
1982 1277 2147 1334 vetustate
2168 1268 2223 1333 do-

312 1357 456 1423 Tantum
483 1353 524 1419 ad
551 1361 702 1437 portenta
723 1351 893 1416 attendant
918 1350 1068 1416 leetores:
1091 1348 1201 1415 Deum
1252 1361 1393 1417 ouerunt
1424 1350 1599 1416 orthodoxi
1637 1374 1749 1419 omnes
1786 1355 1968 1436 scriptores.
2023 1354 2185 1438 Exsurgit
2200 1357 2223 1430 1)

228 1443 358 1527 proprie
380 1441 480 1506 luisse
502 1437 685 1523 passibilem
708 1451 741 1501 et
761 1448 936 1513 mortuum,
961 1435 1122 1513 tristitiae,
1145 1435 1201 1499 do·
1253 1437 1459 1515 Valentinus,
1488 1444 1522 1502 et
1550 1460 1647 1503 suum
1677 1437 1844 1504 deoretum
1874 1439 2075 1522 pronunciat
2125 1439 2225 1505 Nulla

228 1531 299 1606 lori,
321 1528 440 1604 timori,
461 1524 667 1610 ignorantiae.
684 1544 810 1606 quoque
831 1523 1016 1588 obnoxium.
1051 1527 1126 1601 [pag.
1147 1525 1200 1600 35]
1252 1525 1343 1616 ratio,
1363 1521 1488 1588 nullum
1511 1524 1750 1589 testimonium:
1773 1524 1838 1589 imo
1860 1525 1944 1608 quod
1966 1536 2090 1590 temere
2112 1525 2224 1603 reiieit,

228 1615 382 1682 Mortuus
414 1619 465 1676 est
494 1610 661 1676 Christus:
695 1607 805 1673 Deum
835 1608 906 1672 vult
932 1621 1097 1672 mortuum
1130 1628 1201 1672 esse
1252 1633 1273 1676 a
1294 1631 1391 1675 sensu
1413 1610 1577 1674 eommuni
1597 1608 1745 1676 diotatur.
1779 1608 2226 1695 Filiumnegatessenomen

228 1700 282 1766 bio
311 1698 437 1764 nebulo.
483 1698 702 1779 Laorymatus
730 1708 789 1773 est,
818 1693 933 1772 doluit,
962 1694 1080 1772 timuit,
1110 1690 1201 1758 deni·
1252 1695 1294 1762 ad
1317 1694 1454 1778 aliquid:
1476 1696 1828 1779 negatrelativesumi
1868 1696 1969 1761 Pater
1990 1700 2065 1775 [pag.
2085 1701 2168 1775 37]e
2207 1716 2225 1760 o

228 1807 291 1871 que
313 1784 451 1850 neseivit
472 1782 558 1846 diem
580 1780 841 1845 resurreetionis:
864 1779 993 1845 mavult
1003 1778 1202 1843 Valentinus
1253 1785 1343 1848 inse
1365 1789 1398 1846 et
1420 1779 1461 1845 ad
1484 1783 1726 1864 sepatererit
1758 1781 1865 1847 Filius
1887 1782 1967 1846 item
1989 1781 2031 1846 ad
2052 1803 2095 1847 se.
2131 1782 2225 1848 Une

226 1872 432 1956 ignorantiae
454 1871 562 1933 Deum
583 1867 750 1944 subiioere,
769 1887 867 1948 quam
889 1865 1089 1948 distinguere
1113 1865 1202 1930 inter
1253 1876 1406 1952 sequetur
1426 1875 1554 1948 patrem
1575 1889 1646 1934 esse
1668 1866 1788 1951 absque
1809 1866 1887 1946 lilio,
1914 1879 1948 1934 et
1972 1867 2077 1933 liliunn
2106 1867 2225 1951 absque

228 1956 309 2022 duas
330 1965 473 2021 naturas.
518 1952 607 2033 Quid
629 1973 705 2018 vero
718 1952 949 2036 impudentius,
994 1971 1071 2015 uam
1082 1949 1201 2015 talibus
1254 1965 1354 2039 patre.

228 2042 447 2126 blasphemiis
462 2039 638 2105 obtendere
650 2038 780 2102 henaei
801 2036 944 2103 nomen?
968 1973 1094 2102 dmitto
1116 2035 1202 2119 quod

227 2128 446 2213 prodigiosam
474 2144 586 2190 vooem
608 2123 834 2189 Homieidialis
860 2124 1043 2189 sententiae
1069 2145 1111 2187 ex
1143 2143 1202 2187 suo
1675 2089 1806 2156 xm·

227 2215 359 2280 oerebro
381 2213 502 2296 genuit
547 2208 706 2291 Disputat
727 2209 883 2274 Irenaeus
903 2222 1019 2275 eontra
1039 2207 1203 2291 demiurgi
1341 2210 1419 2277 Nisi
1443 2216 1542 2298 poter,
1568 2208 1657 2290 filius
1688 2211 1874 2291 etspirituo
1901 2214 1962 2276 tres
1988 2214 2085 2274 moeret
2113 2209 2225 2275 iutelli-

226 2301 364 2376 fiotores,
386 2298 502 2380 quibus
518 2296 652 2378 spiritus
669 2305 801 2360 sanetus
823 2294 1065 2372 eratObeistus.
1089 2291 1202 2374 Quum
1251 2303 1352 2382 pentes
1373 2296 1712 2363 eusuuiaeeimueu
1725 2301 1867 2374 naturae,
1887 2295 2226 2377 soloecon-substantio·

227 2407 305 2469 ergo
327 2383 436 2467 plures
458 2382 662 2457 fabricarent,
686 2381 900 2464 aegerrirent
920 2373 1019 2450 ellam
1031 2379 1202 2444 Christum
1254 2385 1298 2451 les
1319 2384 1501 2449 dieereutur.

226 2473 264 2536 in
285 2470 390 2552 speeie
412 2468 578 2535 eolumbae
601 2465 805 2532 deseendisse
822 2486 921 2550 super
938 2460 1123 2543 Obiiotum:
1146 2486 1202 2530 eos

227 2554 358 2639 quidem
377 2555 527 2636 spiritum
548 2553 745 2630 interimere,
768 2552 868 2618 alium
890 2561 1001 2617 autem
1023 2540 1201 2626 Obristum,
1338 2557 1390 2620 Τιι
1412 2575 1489 2621 vero
1510 2553 1669 2619 fallaeiter
1689 2553 1824 2619 insidias
1845 2553 1945 2619 struis
1963 2553 1999 2616 in
2021 2572 2102 2619 vooe
2124 2552 2303 2619 ambi—

227 2652 262 2708 et
283 2641 384 2706 alium
405 2639 517 2704 Iesum
538 2637 652 2703 dooere
674 2637 760 2704 dioit.
802 2639 905 2703 Totus
926 2643 1037 2702 autem
1059 2636 1202 2703 mundus
1252 2663 1326 2727 gua
1372 2638 1483 2707 Soitur
1504 2661 1566 2723 quo
1588 2660 1685 2705 sensu
1708 2654 1832 2705 veteres
1854 2638 1997 2704 dixerint
2013 2638 2121 2704 filium
2142 2637 2358 2721 petri

228 2728 308 2793 setis
329 2746 489 2808 superque
511 2724 602 2789 novit
622 2745 720 2805 quam
742 2724 858 2789 remoti
878 2724 1057 2789 simnsnon
1074 2731 1203 2788 tanturn
1252 2725 1573 2803 eonsubstantialem,
1596 2745 1712 2807 nempe
1743 2735 1779 2790 ut
1800 2725 1958 2791 montiae
1980 2724 2143 2790 unitatem
2169 2745 2359 2790 ex—

227 2811 492 2888 atalivesania,
514 2809 692 2874 sedetiam
714 2809 898 2875 aNestorii
925 2817 1116 2887 oommento,
1145 2808 1201 2892 qui
1253 2814 1439 2898 primerent
1483 2811 1549 2877 Hie
1566 2811 1722 2892 impostor
1742 2810 1784 2874 ad
1811 2810 1968 2877 essentias
1993 2830 2134 2875 numero
2162 2808 2360 2876 dis—

227 2896 399 2964 Obristum
420 2895 583 2979 duplieem
602 2895 742 2961 induxit
1253 2901 1372 2965 tinetas
1394 2917 1503 2965 erasse
1525 2897 1646 2964 astutia
1668 2896 1778 2962 trahit.

214 3171 217 3174 ’
315 3155 376 3236 Qui
397 3153 548 3219 muteueu
568 3153 718 3234 spiritum
739 3157 888 3232 satutem,
909 3154 975 3218 sive
995 3152 1119 3218 tertium
1148 3151 1203 3215 tri·
1343 3155 1503 3239 Quidquid
1522 3151 1769 3219 uosuuuuuer
1789 3151 1932 3219 olieuude
1952 3157 2005 3232 est,
2031 3173 2095 3218 uou
2121 3158 2166 3219 est
2193 3153 2355 3220 ἰαὶ

226 3241 336 3306 uitalia
350 3259 528 3321 pesonam,
549 3244 613 3302 touu
633 3241 796 3321 respective
814 3258 909 3322 quum
930 3239 974 3305 ud
994 3259 1036 3316 se,
1058 3257 1121 3303 uou
1137 3257 1203 3303 esse
1253 3244 1359 3327 ipsum
1380 3244 1485 3307 vivom
1505 3241 1540 3304 iu
1562 3238 1725 3304 indiuiduo
1746 3259 1783 3304 eo
1803 3259 1864 3319 oreo
1884 3243 1944 3318 eet,
1972 3239 2027 3305 sed
2048 3238 2157 3321 usalis
2176 3238 2350 3305 61:310

225 3346 297 3393 uere
312 3325 512 3406 spiritualem
532 3325 938 3405 sestertiummilium
955 3345 1049 3407 mmm
1059 3323 1202 3404 tedium
1253 3336 1306 3396 est.
1369 3328 1455 3394 Unde
1488 3318 1573 3406 λόγος
1606 3324 1670 3390 Dei
1703 3345 1764 3390 uui
1795 3330 1840 3390 eet
1870 3345 1953 3390 uuus
1990 3325 2046 3391 ille
2082 3322 2209 3388 uiuite*
2234 3346 2345 3394 Ξος

220 3413 451 3494 proprietutuu,
476 3410 686 3492 ismouiseste
697 3416 790 3494 nepot
801 3410 950 3493 spiritum
971 3410 1201 3492 caespitum
1252 3418 1345 3483 euius
1372 3419 1417 3479 eet
1445 3411 1548 3492 λόγοςι
1578 3430 1673 3492 ueque
1699 3410 1833 3491 speruus
1853 3410 1919 3476 Dei
1943 3415 1988 3476 ee
2013 3411 2150 3491 muium
2176 3407 2340 3475 3110

226 3497 281 3564 boe
301 3503 354 3575 est,
376 3497 534 3562 ueitowm
555 3517 620 3562 ease
641 3498 807 3562 meatem
1253 3504 1423 3568 uumeueus
1443 3518 1481 3564 oe
1500 3498 1716 3578 seupueruue,
1737 3498 1828 3562 cuiue
1848 3501 1892 3562 eet
1904 3496 2052 3577 spiritus:
2069 3496 2333 3563 laeuam

1254 3609 1311 3670 que
1332 3587 1518 3669 byposmtiee
1538 3578 1574 3647 iit
1595 3602 1629 3647 eo
1649 3583 1847 3661 muliueotur,
1869 3583 1969 3664 sitque
1984 3602 2056 3647 eum
2067 3580 2330 3649 ueuuffim

311 3668 388 3733 Non
418 3667 554 3734 dubium
585 3678 637 3733 est
661 3667 742 3751 quin
773 3667 836 3733 sibi
863 3668 898 3731 in
924 3664 1102 3749 puerilibus
1130 3665 1202 3732 istis
1253 3673 1451 3753 eiusdemque
1471 3669 1656 3746 diuinitatis,
1672 3667 1882 3749 plenitudinis
1901 3686 1938 3737 ot
1954 3666 2166 3751 perfectiouis.

228 3754 359 3836 ineptiis
382 3753 477 3820 valde
498 3753 658 3837 plaouerit
678 3752 866 3831 Gribaldus,
889 3753 980 3817 ouius
1004 3748 1203 3816 Valentinus

227 3848 278 3905 est
310 3840 433 3905 histrio.
448 3841 473 3924 ¹)
524 3837 591 3906 Sed
624 3860 723 3923 quam
755 3838 891 3904 ridioule
923 3837 1077 3920 ineptiat,
1111 3837 1202 3901 nullo
1339 3842 1455 3908 Voluit
1465 3842 1493 3924 ²)
1520 3838 1681 3906 mundum
1713 3840 1855 3922 aliquem
1886 3859 1996 3905 oreore
2029 3861 2072 3904 ex
2103 3835 2327 3928 duofflu

227 3931 300 4005 [pag.
325 3929 379 4004 36]
409 3927 538 4008 negotio
570 3926 748 3991 ostendam.
803 3923 917 3990 Primo
950 3923 1084 4001 fallitur,
1117 3920 1202 4006 quod
1254 3929 1433 4007 elementis,
1456 3930 1466 3992 i
1491 3928 1570 3993 niet
1581 3947 1673 4009 aqua,
1690 3925 1752 3991 hoe
1770 3933 1820 3991 est
1832 3925 1929 3992 rebus
1946 3926 2328 4010 pugnantiam&

226 4009 340 4075 eodem
361 4011 480 4093 ubique
506 4031 604 4076 sensu
632 4010 749 4092 aeoipit
777 4030 897 4075 nomen
926 4003 1071 4092 spiritus.
1116 4007 1203 4073 Nam
1253 4015 1381 4081 Verum
1402 4023 1439 4079 ut
1461 3950 1501 4079 de
1522 4013 1741 4096 repugnantia
1760 4022 1940 4090 taoeamus,
1964 4031 2027 4095 quo
2050 4012 2123 4076 inre
2147 4003 2332 4083 tubiro

226 4116 328 4178 quum
360 4096 452 4161 Deus
484 4097 527 4161 sit
558 4097 706 4178 Splrltus,
738 4096 861 4160 frustra
894 4093 1151 4178 illstlnguereiur
1183 4114 1203 4157 a
1252 4103 1353 4167 infert
1373 4121 1441 4165 non
1463 4120 1535 4166 osso
1544 4100 1662 4176 Deum,
1686 4118 1724 4162 aa
1744 4099 1771 4164 si
1785 4117 1974 4164 ponoessum
1993 4106 2082 4162 esset
2098 4083 2335 4162 aliffldt

225 4189 320 4264 patre
352 4181 496 4263 spiritus,
527 4192 623 4263 atque
655 4184 724 4247 eius
756 4183 891 4246 siritus
923 4188 1105 4257 votaretur,
1138 4179 1203 4244 nisi
1254 4209 1325 4254 esse
1358 4185 1483 4252 christi
1518 4183 1715 4251 essentiam?
1758 4184 1848 4267 Ergo
1881 4203 1944 4266 quo
1976 4181 2108 4266 longine
2140 4174 2337 4248 ureuxet

226 4266 357 4334 diverso
376 4265 470 4331 modo
492 4276 693 4351 etrespeetu.
718 4203 878 4332 Videmus
892 4287 970 4350 ergo
987 4277 1024 4331 ut
1044 4265 1202 4347 nebulo²)
1254 4295 1329 4339 suos
1362 4292 1499 4350 errores,
1533 4291 1571 4337 οι)
1604 4271 1726 4335 maiora
1757 4268 1944 4354 labyrintho
1977 4289 2012 4334 se
2039 4259 2335 4352 implioe'aabit

226 4350 489 4418 rudimentorum
510 4373 627 4435 expers
649 4354 759 4418 omnia
780 4352 959 4419 oonturbet
994 4352 1065 4416 Iam
1088 4351 1117 4417 si
1127 4371 1202 4433 pro-
1254 4359 1458 4424 Immensum
1470 4379 1547 4422 varo
1558 4357 1710 4440 spiritum
1731 4361 1804 4435 [pag.
1824 4360 1876 4434 38]
1891 4376 2021 4440 negare,
2044 4376 2112 4420 non
2124 4352 2338 4419 miisinus

224 4439 365 4522 prietate
382 4439 519 4520 spiritus
535 4459 707 4521 personam
725 4441 766 4504 ab
787 4439 859 4504 aliis
881 4435 1006 4503 duabus
1028 4436 1202 4520 distingui·
1254 4445 1341 4511 omui
1362 4443 1482 4508 furoris
1511 4452 1569 4509 est
1615 4440 1683 4508 Sed
1712 4441 1865 4525 quoniam
1892 4441 1973 4506 haee
2000 4451 2150 4522 monstra
2245 4483 2266 4503 .
2288 4432 2333 4501 de·

224 4545 315 4604 mus,
347 4547 390 4589 an
418 4525 568 4589 fiotitium
600 4525 677 4608 quid
708 4527 787 4604 erit,
818 4525 895 4608 quie
926 4546 993 4589 non
1025 4523 1151 4606 eapitur
1183 4543 1203 4587 a
1250 4532 1375 4596 'texisse
1407 4529 1523 4595 violsse
1543 4536 1602 4606 est,
1621 4528 1700 4593 satis
1717 4527 1817 4592 irretit
1833 4527 2000 4593 monuisse
2024 4525 2279 4604 lentorem,
2300 4527 2330 4588 ul

225 4609 425 4675 Valentino?
476 4610 544 4674 Nos
576 4632 654 4676 vero
687 4612 838 4693 spiritum
870 4611 905 4674 in
936 4609 1034 4674 tertia
1064 4629 1204 4691 persone
1254 4617 1334 4683 haee
1357 4634 1469 4682 seeum
1491 4613 1618 4698 plaoida
1639 4612 1836 4696 expendant

226 4696 404 4761 asserimus
426 4716 498 4761 esse
518 4696 636 4775 Deum,
657 4696 733 4780 quia
754 4696 933 4779 spiritualis
955 4706 1005 4761 est
1031 4694 1201 4773 essentiae,

224 4788 260 4846 et
280 4783 309 4846 ei
331 4780 545 4847 nihilominus
566 4803 658 4848 suam
681 4783 911 4865 proprietatem
930 4802 1109 4847 servamus

1676 4749 1811 4817 XXXI„

1339 4873 1439 4956 Λόγος
1458 4892 1495 4938 oo
1515 4872 1658 4956 ptrue,
1679 4871 1899 4938 remutatus
1918 4872 2077 4956 putuatio
2104 4875 2130 4935 e
2228 4892 2296 4957 peu

296 5071 325 5132 1)
344 5071 490 5127 bustelleur
507 5089 541 5125 ou
559 5072 650 5125 badio.
1324 5071 1353 5137 l)
1372 5087 1401 5126 se
1419 5071 1513 5126 dresse
1532 5085 1640 5125 sursus
1658 5075 1759 5139 ergots.

294 5139 325 5207 2)
341 5157 372 5197 ee
389 5141 507 5196 boboam
523 5141 557 5197 de
574 5140 716 5195 broulllon.
1322 5138 1353 5207 2)
1372 5139 1446 5195 Add.
1463 5155 1494 5195 oe
1513 5144 1611 5194 rusus.
