4748 5798
210 232 276 299 um
841 259 864 303 f
934 223 1243 295 ,RESPONSIO
1264 225 1483 294 ALTERA„
1552 232 1554 234 ’
2155 228 2221 290 280

216 420 359 502 tutorem)
378 417 492 494 babere
506 418 592 483 duas
606 417 789 496 autumatis,
811 420 839 482 at
862 415 952 482 atiud
971 415 1081 496 dicere,
1103 415 1195 482 atiud
1248 421 1301 496 est,
1324 415 1472 481 etSatau
1491 416 1596 481 iustus
1615 421 1667 481 est.
1703 415 1836 481 Nomai
1854 416 2009 496 imperare
2024 413 2222 480 mendacium

215 505 357 590 ospitare,
370 508 462 586 motu
481 501 564 568 oon.
594 503 713 585 ltaque
733 502 918 568 adamasti
940 501 1063 567 medus
1079 502 1195 584 quippe
1249 503 1367 567 iustum
1388 507 1433 568 est
1455 502 1503 583 (ut
1522 507 1601 567 certe
1621 507 1673 582 est,
1694 503 1725 568 εἰ
1745 523 1817 567 nora
1839 501 1915 567 dicit
1940 499 2103 583 Ouinium)
2127 501 2221 564 diam

217 591 336 657 bamim
358 588 502 673 bitinpui,
524 587 652 668 ὺίσσσᾶί,
670 588 822 655 σίσσῖσσίἰ.
1141 606 1144 615 ’
1249 587 1370 653 obedire
1391 589 1550 654 mendacio
1571 589 1689 653 iustum
1710 592 1762 653 est.
1814 586 1902 652 Nam
1922 587 2110 653 medientiae
2128 587 2222 650 iusti·

305 673 395 753 Item,
418 675 449 739 εἰ
470 673 561 739 Deus
582 674 692 741 iubens
714 675 880 752 iustitiam,
901 673 967 738 nuit
987 672 1195 737 iniustitiam:
1249 674 1294 738 tia
1315 678 1456 739 eensdur
1476 694 1498 739 a
1519 674 1643 740 tantia
1658 674 1827 755 praecepti.
1859 673 1963 754 Atque
1977 678 2014 737 ut
2033 672 2155 738 madius
2172 672 2221 735 iu·

217 763 359 843 maniter
381 765 416 825 ut
426 760 574 826 diabotus
582 761 693 827 iuberis
714 759 916 837 iniustitiam,
937 758 1009 824 oetit
1029 759 1195 825 iustitiam.
1248 759 1331 825 iusto
1353 764 1518 841 praecepto
1549 760 1705 824 iniustum
1733 764 1790 838 est,
1821 759 1868 823 εἰσ
1898 765 1926 823 et
1952 761 2034 823 iusto
2055 761 2222 840 praecepto

217 846 264 913 Et
284 846 423 924 siDeus,
446 845 537 911 atiud
558 847 663 912 votens
682 846 774 911 aliud
790 845 904 924 atam,
924 849 1027 909 tamen
1047 863 1109 907 non
1124 862 1196 924 peo-
1247 844 1369 910 obedire
1389 846 1506 910 iustum
1528 850 1580 910 est.
1616 845 1704 925 Quod
1723 846 1756 910 si
1776 845 1854 910 dicet
1871 843 2043 912 Caluinus:
2066 843 2222 908 Satanan·

218 939 277 1015 cat,
298 933 442 1014 santur
460 935 496 996 ut
515 931 546 996 εἰ
567 933 641 1014 quis
662 931 750 997 boum
772 931 888 996 eumin
905 929 960 995 boa
977 930 1118 994 imdmur
1133 947 1195 992 non
1247 951 1309 994 non
1329 931 1500 996 obedienter
1521 950 1587 996 osse
1608 933 1793 1010 mmdaceru,
1807 930 1869 995 ttae
1890 936 1935 995 est
1961 952 2022 996 uon
2043 935 2078 995 ut
2100 928 2221 995 obediat

220 1026 296 1101 [pag.
320 1022 370 1099 13]
396 1021 514 1098 peccet:
545 1038 623 1082 uam
648 1016 755 1084 Deum
782 1017 906 1082 imitari
938 1019 1017 1082 certe
1048 1015 1195 1079 vitiosum
1248 1014 1325 1095 Deo,
1346 1016 1598 1099 respondebimus
1618 1038 1656 1081 ec
1673 1016 1822 1082 sententia
1837 1015 1972 1095 Oatnim,
1994 1016 2080 1081 istud
2101 1034 2222 1098 octoque

74 1055 77 1062 Ι
217 1126 280 1171 nou
301 1109 353 1170 est.
386 1102 500 1186 Itaquo
520 1103 622 1169 licebit
636 1104 684 1169 sio
703 1102 880 1171 bominibus
892 1101 1086 1183 praecipere:
1105 1099 1194 1165 Men·
1245 1101 1317 1183 fieri
1339 1103 1470 1184 imperio
1488 1101 1560 1181 Dei,
1582 1107 1616 1166 ut
1638 1124 1700 1167 uon
1721 1101 1890 1168 obedienter
1910 1104 1953 1167 sit
1973 1103 2118 1179 mundun,
2136 1106 2165 1165 ct
2186 1102 2221 1164 in

219 1191 334 1269 timini,
357 1194 386 1255 et
406 1189 498 1254 atiud
519 1189 628 1269 dieite,
660 1189 752 1254 atiud
772 1190 808 1252 in
826 1192 949 1270 pectore
967 1187 1075 1270 perite,
1095 1191 1130 1250 ut
1151 1186 1195 1249 si·
1248 1207 1281 1251 σο
1308 1208 1425 1268 quoque
1452 1188 1635 1253 obedientes
1663 1208 1729 1254 esse
1755 1186 1923 1266 Satanam,
1957 1189 2038 1268 pund
2065 1208 2128 1251 uari
2156 1185 2221 1251 abo

219 1277 312 1343 mdes
332 1276 405 1340 sitis
427 1274 518 1356 patri
545 1280 662 1354 nemo,
693 1275 750 1355 qui
772 1273 863 1340 atiud
883 1273 974 1351 duit,
1008 1271 1099 1338 atiud
1121 1271 1193 1336 aot.
1247 1274 1365 1338 dienter
1392 1279 1436 1339 est
1462 1274 1612 1353 mendac,
1643 1275 1791 1355 quoniam
1812 1273 1904 1339 Duos
1938 1274 2034 1339 iussit
2059 1293 2132 1337 eum
2159 1293 2222 1337 uon

223 1363 386 1445 Quaerunt
406 1362 488 1438 nen,
512 1365 585 1425 utra
606 1360 759 1426 schemate
775 1360 921 1442 loquatur
937 1358 1097 1426 Dominus
1118 1357 1194 1422 dum
1248 1359 1416 1424 mdientor
1434 1379 1500 1424 esse
1518 1360 1700 1425 nieudaeem.

219 1449 302 1515 iubet
328 1468 402 1512 suos
429 1466 541 1511 mare:
579 1445 657 1512 Εἰσί
683 1445 826 1544 noluntas
857 1443 992 1544 (blattis.
1013 1446 1042 1522 6,
1063 1445 1127 1542 10),
1149 1446 1194 1541 et:

220 1530 808 1697 nonno
903 1529 1195 1696 nocens
1702 1579 1928 1682 ooo·
2039 1660 2041 1664 .

222 1704 303 1770 Item
327 1703 465 1769 Pontus:
490 1703 540 1767 Tu
559 1702 703 1769 Iudaeos
724 1703 854 1782 vocaris,
875 1702 955 1767 etin
974 1701 1038 1783 tepe
1055 1700 1195 1781 acquies-
1337 1699 1452 1767 Contra
1468 1702 1669 1768 'undecimum
1689 1703 1736 1767 sio
1757 1702 1876 1767 dicum:
1909 1701 2035 1765 Tribuit
2057 1700 2126 1765 Deo
2151 1700 2222 1767 ou

222 1793 277 1870 ais,
299 1788 465 1870 &cunque
485 1789 601 1868 iactas,
628 1793 656 1853 d
676 1790 746 1854 eius
767 1787 954 1861 ootmetatem
973 1786 1069 1865 nosti,
1096 1790 1124 1850 et
1144 1804 1198 1849 eo·
1249 1788 1343 1853 uiuus
1364 1789 1445 1869 quod
1464 1793 1509 1853 est
1529 1787 1656 1866 diaboti,
1679 1792 1714 1852 ut
1728 1788 1855 1870 passim
1868 1792 2017 1852 testantur
2037 1788 2222 1867 scripturae.

224 1875 363 1943 cedentia
384 1874 549 1957 approbas,
567 1874 879 1958 tepensquedidiaisti,
901 1877 952 1938 eto.
966 1872 1119 1956 (Romt,
1135 1868 1197 1954 17).
1251 1872 1325 1937 Iam
1345 1893 1417 1939 nero
1437 1874 1468 1937 si
1488 1873 1578 1939 Deus
1595 1875 1731 1956 supponit
1746 1894 1867 1956 praim
1885 1873 2014 1954 affectus
2033 1877 2061 1938 et
2082 1873 2224 1939 intimus

224 1959 311 2031 (terte
330 1960 381 2026 bio
396 1959 462 2025 Dei
481 1960 632 2040 vduitas,
652 1961 736 2042 quod
755 1960 791 2024 in
812 1959 873 2044 tepe
886 1958 1101 2041 praecipitur:
1119 1975 1199 2038 quae
1251 1964 1304 2037 tos,
1327 1963 1474 2024 ettamen
1496 1958 1580 2024 iubet
1600 1979 1658 2024 nos
1678 1961 1821 2024 resistere
1835 1960 1952 2040 pranis
1972 1958 2148 2040 affectibus,
2175 1961 2224 2024 iu·

222 2047 366 2114 ootuntas
386 2048 417 2110 si
440 2045 528 2110 bona.
540 2052 586 2110 est
607 2046 656 2128 (ut
668 2047 813 2129 omen)
835 2064 956 2110 noeessc
975 2049 1020 2110 est
1041 2049 1077 2108 ut
1094 2043 1198 2123 siqua
1251 2045 1297 2109 bet
1316 2046 1459 2110 resistere
1480 2044 1550 2123 sibi,
1572 2049 1673 2125 estque
1694 2047 1762 2124 ipse
1781 2045 1842 2110 sibi
1863 2046 2047 2110 contrarius.
2083 2049 2159 2124 [pag.
2172 2050 2222 2124 15]

224 2133 296 2199 buia
317 2133 476 2197 canuam
497 2137 551 2212 est,
572 2131 661 2198 mata
673 2133 724 2198 sit.
760 2131 923 2213 Quidquid
939 2131 1021 2195 enirn
1038 2128 1114 2193 bono
1131 2147 1200 2202 oon
1256 2131 1351 2196 &nne
1371 2130 1482 2196 bouum
1503 2131 1618 2196 donum
1639 2131 1807 2196 desursoom
1828 2135 1872 2196 est
1891 2130 2074 2195 dmundem
2096 2151 2118 2194 a
2129 2135 2225 2213 patre

222 2219 362 2284 trarium
384 2223 429 2282 est
445 2218 566 2282 matum
583 2223 638 2283 est.
691 2216 771 2282 Item
801 2216 885 2282 ittud
909 2214 1042 2281 Obristi:
1076 2214 1200 2294 Quoties
1252 2216 1408 2281 tuminum
1430 2215 1509 2301 (Iao.
1536 2215 1646 2301 1,17).
1690 2225 1746 2280 An
1767 2217 1862 2281 etiam
1881 2217 1976 2300 pravi
2003 2217 2131 2298 affectus
2151 2221 2224 2282 sunt

222 2305 311 2380 notui
330 2322 515 2386 conpepare
533 2302 618 2383 titios
638 2307 718 2381 tuos,
736 2307 765 2368 et
784 2303 914 2368 notuisti
931 2302 1029 2382 (Luc.
1052 2303 1101 2379 13,
1120 2298 1201 2382 34).2
1254 2303 1366 2368 bonum
1392 2302 1534 2367 donum?
1567 2323 1612 2366 an
1639 2302 1823 2368 desceradunt
1849 2301 1990 2367 tenebrae
2018 2302 2108 2383 (nam
2123 2303 2224 2384 pram

228 2388 314 2456 beru
341 2390 478 2470 manduc
507 2386 651 2454 Christus
680 2389 718 2455 de
745 2393 857 2470 aperta
883 2388 1051 2467 volomtate,
1085 2386 1201 2467 quippe
1253 2389 1380 2469 affectus
1401 2393 1478 2454 certe
1498 2387 1636 2454 tenebrae
1657 2390 1742 2473 suist)
1773 2409 1795 2452 a
1815 2392 1908 2470 patre
1933 2388 2115 2452 luminum?
2159 2387 2225 2454 oar

181 2532 184 2536 .
225 2495 322 2557 quam
347 2479 389 2540 tot
415 2474 516 2540 modis
542 2479 724 2555 aperuerat
778 2474 866 2557 Quod
892 2475 923 2537 si
948 2472 1074 2538 babebat
1100 2471 1201 2537 atium
1252 2493 1325 2556 erpo
1343 2493 1404 2538 non
1425 2473 1603 2554 appettatur
1619 2479 1714 2556 pater
1730 2474 1951 2539 tenebram?
1986 2472 2102 2538 Scribit
2118 2480 2225 2556 aperte

226 2561 278 2627 itti
299 2559 496 2638 contrariam,
519 2564 582 2624 tota
604 2561 674 2626 cius
690 2561 755 2625 ooo
770 2561 834 2643 fuit
850 2579 938 2624 nura
956 2557 1146 2641 bppoarisis:
1164 2555 1198 2621 id
1253 2558 1396 2638 Iacobus,
1417 2560 1572 2624 nerninem
1591 2560 1704 2625 tentari
1725 2580 1746 2623 a
1768 2558 1845 2639 Deo,
1875 2560 1932 2625 sed
1952 2581 1973 2623 a
1994 2579 2055 2623 sua
2075 2559 2226 2643 queisque

210 2646 309 2728 pund
330 2645 377 2710 oei
398 2647 531 2728 capitata
550 2645 737 2712 nonedam
757 2650 809 2712 est.
854 2645 998 2727 Denique
1018 2645 1140 2708 discent:
1164 2639 1202 2704 Si
1251 2645 1419 2726 stupiditate
1441 2642 1533 2730 (ibid.¹
1554 2668 1584 2712 v.
1612 2645 1675 2729 13).
1729 2645 1842 2727 Atqui-
1858 2665 2021 2728 suppurare
2034 2666 2157 2728 prauos
2178 2646 2226 2728 af-

160 2768 163 2775 ·
228 2731 320 2797 Deus
339 2730 430 2797 atiud
446 2732 606 2813 praecipit
615 2752 711 2813 auam
731 2731 805 2812 outt,
828 2752 889 2797 non
907 2750 972 2796 esse
993 2730 1074 2795 duas
1094 2727 1202 2794 notun-
1250 2732 1349 2813 fectus
1380 2735 1423 2796 est
1442 2735 1569 2796 tentare.
1611 2730 1686 2796 Iam
1708 2733 1790 2814 quod
1811 2736 1845 2796 tu
1865 2731 1969 2810 addis,
1992 2732 2027 2796 id
2049 2731 2157 2796 Danu
2176 2732 2227 2815 fa·

228 2822 322 2896 tates,
349 2818 405 2883 sed
431 2817 645 2882 mendacium:
672 2838 747 2901 nam
774 2818 830 2899 qui
856 2837 889 2882 se
917 2816 991 2882 nobe
1016 2815 1094 2880 dicit
1121 2811 1203 2896 quod
1255 2836 1321 2882 cere
1352 2822 1485 2899 propter
1510 2838 1602 2882 mam
1626 2817 1777 2900 pboriam,
1809 2817 1917 2882 dicunt
1940 2837 2008 2882 esse
2033 2817 2236 2884 ridimdum:

227 2924 289 2969 non
310 2902 384 2982 nuit,
405 2903 567 2967 mentitu:
600 2902 752 2970 etoeibis
773 2908 895 2969 tantum
919 2901 1112 2984 praecepero,
1141 2918 1204 2964 non
1253 2903 1357 2987 ptoria
1376 2904 1459 2967 enim
1480 2902 1577 2967 triboei
1596 2923 1657 2967 non
1678 2903 1754 2968 sobet
1775 2923 1814 2967 eac
1835 2903 2002 2968 neuun.
2055 2903 2095 2969 Ut
2118 2904 2251 2969 Nabu-

226 2995 274 3056 ost
293 2988 378 3069 σσῑῑσ,
398 2989 454 3055 sed
474 2988 612 3056 maon.
715 3047 717 3049 ,
1256 2988 1442 3055 cbodonosor
1462 2993 1608 3070 copertus
1628 2987 1693 3054 Dei
1712 2989 1870 3054 iustitiam
1890 2989 2104 3070 etpotemiam
2125 2990 2162 3054 in
2185 3011 2244 3070 eo,

1016 3115 1019 3120 -
1256 3075 1338 3156 quod
1360 3075 1427 3155 ipse
1442 3078 1571 3157 propter
1590 3094 1684 3139 suam
1705 3073 1883 3155 superbiam
1900 3075 2015 3156 fuisset
2035 3081 2178 3140 mutatus
2195 3077 2252 3141 iit-

400 3223 402 3227 ,
911 3183 916 3196 ·
1256 3161 1381 3226 brutam
1402 3166 1559 3239 naturam,
1585 3159 1695 3225 tribuit
1715 3162 1745 3225 ei
1763 3160 1908 3244 pieriam,
1930 3161 2084 3225 nimirum
2100 3167 2244 3244 perspi-

433 3260 583 3317 CONTRA
601 3261 774 3319 octavum
790 3262 841 3317 ΕΤ
860 3260 1000 3319 110111111.
1126 3251 1129 3259 ’
1257 3247 1340 3313 oims
1365 3251 1394 3319 ot
1419 3247 1582 3325 iudicans,
1611 3258 1773 3312 muscose
1800 3247 1927 3310 nestum.
1978 3245 2054 3311 Vult
2075 3247 2172 3314 Decus
2199 3269 2250 3314 se

1256 3333 1386 3398 laudari
1407 3333 1446 3397 ab
1468 3332 1610 3399 ommibus
1627 3330 1783 3415 pertibus:
1804 3331 1949 3397 Laudato
1969 3330 2147 3398 Dominum
2169 3355 2237 3400 om-

220 3471 225 3483 .
313 3417 356 3484 In
373 3423 476 3486 octauo
498 3422 526 3482 a
546 3436 626 3483 nono
647 3421 800 3499 quaerunt
820 3417 897 3499 quid
918 3419 1017 3502 intur
1037 3419 1100 3486 sibi
1129 3420 1204 3486 notit
1255 3439 1310 3483 nes
1328 3424 1433 3501 pentes
1453 3417 1555 3504 (Psal.
1582 3421 1653 3498 117,
1678 3415 1720 3502 1).
1772 3418 1895 3500 Oportet
1922 3438 1992 3517 erpo
2013 3423 2048 3482 ut
2069 3440 2110 3484 ea
2129 3421 2237 3502 faeiat

112 3562 114 3566 .
227 3502 334 3571 Moses
361 3504 436 3572 auu
462 3503 587 3568 sotto.-
619 3502 665 3567 Et
689 3503 853 3568 induravit
876 3502 1006 3570 Pbaraa
1033 3525 1084 3570 cor
1108 3526 1203 3571 suum
1256 3525 1336 3588 quae
1355 3523 1529 3587 copiosiore
1549 3503 1833 3584 etporrotaudara
1849 3507 1974 3586 possuntt
1990 3523 2098 3570 omnm
2116 3511 2230 3589 panus.

227 3589 350 3676 (Exod.
369 3594 398 3667 1,
425 3587 463 3653 13
481 3588 569 3673 σω).
618 3588 675 3653 An
703 3589 749 3653 ita
770 3589 1034 3670 interpretandum
1061 3595 1120 3656 est:
1149 3589 1205 3655 Iu·
1256 3591 1358 3672 Atqui
1384 3590 1474 3654 nubta
1498 3610 1574 3673 pens
1598 3609 1739 3670 unquam
1766 3594 1908 3673 apnoscet
1938 3591 2056 3654 iustum
2087 3612 2170 3672 esse,
2198 3597 2229 3657 ut

227 3677 357 3742 duravit
378 3673 509 3742 Pbarao
536 3695 588 3740 aar
614 3694 723 3754 mum,
750 3673 807 3738 boo
834 3681 894 3739 est:
924 3675 1093 3742 Induraoit
1114 3675 1205 3743 Deus
1252 3677 1410 3759 puniatur
1431 3675 1518 3741 banio
1538 3680 1667 3756 propter
1691 3696 1728 3740 ea
1749 3675 2007 3756 quaeipsiDeus
2028 3680 2225 3760 suppresserit

225 3781 280 3837 ,σον
293 3760 498 3826 Pharaonis?
532 3760 579 3825 At
599 3761 726 3843 quibem
746 3760 833 3843 tonpe
850 3760 1013 3827 melantius
1033 3763 1094 3827 erit
1110 3784 1205 3845 quam
1260 3762 1447 3845 Quaerimm
1463 3762 1567 3829 erum:
1591 3759 1629 3825 Si
1645 3759 1736 3826 Deus
1751 3762 1883 3842 puniret
1902 3780 1962 3826 uos
1980 3762 2058 3842 auia
2081 3762 2227 3829 bubeium

229 3846 382 3912 siduas:
406 3846 578 3912 Induraoit
598 3845 690 3912 Deus
710 3867 763 3913 cor
785 3845 976 3926 Pharaonis,
997 3847 1052 3913 boc
1069 3852 1128 3913 est:
1151 3849 1204 3914 st·
1257 3848 1395 3926 barbam,
1417 3847 1646 3929 nonnefaceret
1664 3846 1754 3912 nobis
1775 3848 1944 3925 iniuriam,
1967 3868 2066 3929 quum
2088 3849 2159 3930 epse
2179 3871 2227 3915 uo

229 3932 274 3996 nit
295 3930 386 3997 Deus
412 3931 611 3997 Pharaonem
631 3937 706 4011 [pag.
734 3936 785 4010 14]
813 3933 848 3997 in
868 3933 975 3998 eordis
995 3934 1048 3999 sui
1071 3935 1206 3999 dmitate
1257 3935 1305 4000 bis
1327 3932 1455 3998 barbam
1471 3934 1664 4017 compossuit,
1685 3933 1834 4014 mqmsit
1849 3933 1947 3997 barba
1957 3933 2086 3998 arbitrii
2102 3936 2227 4000 nostri?

229 4017 382 4096 natmab,
486 4018 553 4081 iam
574 4018 604 4082 ei
627 4017 758 4084 Pbarao
778 4017 900 4083 obedire
919 4025 1098 4085 recusasset.
1143 4019 1206 4085 De·
1260 4021 1340 4103 Quis
1367 4019 1516 4085 barbatus
1546 4039 1616 4084 eum
1644 4039 1783 4100 unquam
1808 4018 1941 4083 laudare
1960 4020 2090 4099 posset?
2142 4021 2230 4102 Quod

231 4101 302 4166 inde
324 4102 362 4167 dc
391 4103 397 4114 ’
459 4110 628 4185 quaerunt.-
649 4102 753 4170 Hodie
773 4104 804 4169 si
825 4105 895 4169 eius
904 4123 1005 4170 nocern
1025 4106 1202 4185 audieritis,
1256 4105 1388 4172 sidicat
1411 4104 1563 4171 Caluinus
1587 4104 1641 4171 boo
1668 4125 1734 4170 csse
1760 4105 1908 4170 omuitmn
1929 4104 1995 4172 Dei
2015 4106 2182 4186 iudicium,
2203 4113 2232 4174 d

227 4186 496 4256 notiteindurare
523 4190 616 4256 corda
642 4194 747 4256 vestm
769 4189 886 4275 (Habr.
908 4192 937 4267 3,
962 4195 979 4252 ‘t
1003 4190 1071 4275 sa).
1120 4190 1207 4272 Quod
1258 4191 1346 4258 uobis
1366 4193 1513 4275 ipnotum,
1535 4189 1791 4273 respondebimus
1800 4210 1867 4255 esse
1881 4191 2008 4272 quidun
2023 4190 2089 4255 Dei
2110 4213 2230 4260 aroana

229 4275 261 4340 si
284 4274 329 4339 ita
351 4274 564 4353 interpretem:
586 4273 677 4340 Notit
693 4273 785 4343 Deus
805 4277 957 4341 intonare
978 4276 1072 4341 corda
1093 4282 1215 4357 casua,
1258 4276 1346 4343 nobis
1368 4279 1485 4361 innota,
1514 4277 1569 4342 sed
1590 4276 1735 4357 quod'ad
1754 4276 1912 4343 iustitiam
1932 4277 2054 4355 attinet,
2081 4297 2119 4342 oa
2142 4278 2234 4345 nobis

230 4359 291 4425 erit
313 4359 595 4426 absurdissimum:
609 4362 807 4442 praeoperet
823 4363 906 4428 enim
927 4361 1103 4427 bominibus
1125 4363 1207 4444 quod
1258 4367 1331 4428 nota
1348 4368 1401 4442 est,
1424 4368 1450 4428 et
1471 4365 1507 4427 in
1522 4362 1679 4446 eoanpetio
1695 4363 1867 4444 patefacta
1888 4362 2057 4428 secundum
2077 4365 2161 4443 quad
2172 4387 2234 4446 pa-

231 4450 309 4511 esset
329 4443 404 4510 Dei.
450 4443 538 4509 Nam
559 4447 590 4509 si
610 4445 676 4511 Dei
697 4453 743 4513 est
764 4447 918 4515 indurare
939 4448 1041 4524 omda,
1065 4467 1126 4512 non
1136 4453 1208 4530 pot-
1259 4449 1402 4531 ta‘aotum
1420 4450 1612 4532 ooaupetium
1630 4449 1770 4530 (utdooet
1782 4448 1919 4530 Paulus)
1936 4454 1965 4512 et
1980 4468 2041 4517 non
2062 4452 2234 4516 moundum

230 4535 275 4596 est
297 4529 474 4596 bominibus
489 4531 638 4612 praecipi
657 4538 694 4597 ut
713 4535 808 4601 oorda
825 4554 885 4604 mea
906 4533 955 4600 oo
975 4533 1139 4613 indurent,
1161 4535 1208 4600 oet
1259 4534 1340 4600 ittud
1361 4534 1509 4600 aonidum
1533 4534 1658 4601 Caluini
1678 4533 1841 4613 iudicium,
1863 4534 2014 4600 indicabit
2032 4534 2126 4600 Deus
2142 4557 2235 4602 mun·

227 4638 292 4692 vraon
313 4617 478 4683 indiuent:
508 4637 569 4681 non
590 4618 695 4699 napis
720 4639 816 4702 quam
837 4624 872 4684 ut
886 4621 1034 4685 'staturae
1051 4639 1130 4686 suae
1152 4621 1208 4686 ad·
1259 4620 1347 4686 dum
1371 4624 1462 4703 atque
1483 4623 1529 4685 ita
1550 4625 1746 4702 consequatur
1767 4619 1807 4684 ab
1828 4619 1969 4686 omnbus
1988 4626 2055 4686 tum
2072 4622 2147 4703 piis
2166 4628 2234 4687 tmu

229 4703 307 4769 auu
329 4708 385 4768 aut
407 4700 570 4773 detrabunt
597 4722 696 4768 unum
716 4705 861 4771 mbitum.
1259 4707 1382 4788 impiis:
1412 4708 1526 4788 auippo
1553 4726 1658 4773 munes
1690 4711 1755 4769 bom
1781 4707 1835 4790 pii
1866 4712 1932 4770 tum
1962 4706 2057 4786 impii
2086 4708 2236 4793 videbuut

759 4800 761 4807 ’
1142 4825 1144 4829 -
1259 4813 1393 4874 aequum
1410 4797 1485 4872 [pag.
1501 4799 1553 4873 16]
1575 4812 1649 4871 asse,
1665 4792 1766 4873 utqui
1775 4793 1976 4859 antatium
1992 4792 2125 4858 antae
2144 4795 2235 4877 (qua

548 4923 890 4982 nomm
1259 4875 2235 5046 tintinniacumnmnnnbbu

317 5043 430 5112 Contra
461 5046 614 5111 dminum
646 5047 694 5114 sie
726 5052 1003 5131 arpuutentantur:
1042 5047 1081 5116 Si
1106 5047 1208 5117 Satan
1259 5050 1421 5132 accipiant.
1464 5049 1635 5116 Easuitm
1655 5051 1708 5116 ira
1729 5049 1802 5130 Dei,
1832 5051 1936 5134 iuquit
1959 5049 2092 5128 Pontus,
2114 5052 2151 5116 iu
2171 5055 2235 5117 om-

229 5131 365 5196 mendaa
386 5137 431 5199 est
453 5153 494 5198 ee
519 5133 650 5216 bnpmio
671 5132 750 5214 Dei,
778 5131 953 5199 mandacem
979 5154 1058 5215 σεεσ,
1087 5136 1206 5202 iustum
1259 5156 1329 5202 nem
1350 5136 1538 5218 impietatum
1560 5135 1794 5204 etiniustitiam
1812 5134 1988 5216 tammum,
2013 5137 2177 5204 nudatas
2198 5140 2233 5204 iu
