4776 5844
272 285 315 350 67
1040 278 1258 347 SECUNDA
1281 276 1517 345 Darnaslo
1628 271 1629 276 ’
2237 283 2282 344 68

271 469 356 536 nihil
385 468 492 553 magis
525 475 693 552 receptum
722 470 766 534 sit
794 475 852 533 aut
884 467 1022 551 vulgare
1055 486 1154 549 qnam
1185 464 1246 531 sub
1298 474 1371 531 tum
1393 466 1684 548 potestobseurat,
1708 465 1780 550 paci
1802 474 1836 531 et
1857 465 2048 533 concordias
2075 488 2147 534 esse
2167 467 2278 533 inimi·

271 576 356 639 pane
379 555 449 619 dari
472 555 598 620 Christi
621 573 747 637 corpus.
781 553 935 635 Papistas
956 552 1074 617 melius
1094 572 1114 614 a
1135 572 1247 617 neces·
1298 572 1385 618 cum:
1409 560 1507 634 atque
1529 552 1628 617 etiam
1639 550 1849 635 impudenter
1864 553 1901 617 in
1911 572 2046 618 arenam
2063 552 2282 634 committere,

270 643 367 707 sitate
401 643 486 723 tropi
513 643 673 704 eximeret
704 660 764 704 sua
790 638 1123 705 transsubstantiatio.
1180 636 1247 717 Qui
1299 642 1373 718 [pag.
1393 643 1448 717 49]
1471 640 1528 720 qui
1557 639 1681 703 maiore
1708 659 1869 703 consensu
1896 638 1959 703 hoe
1987 647 2086 723 eaput
2108 639 2279 706 doetrinae

269 746 347 792 vero
369 746 488 808 panem
511 735 545 790 et
566 745 748 807 corpusres
759 726 881 789 fatetur
898 744 970 789 esse
992 723 1148 800 diversas,
1168 743 1247 804 qno·
1298 723 1413 788 iisdem
1431 722 1540 787 verbis
1563 724 1738 808 explicant,
1760 744 1860 806 quam
1879 724 2039 791 hactenns
2059 726 2175 792 fecerit
2191 745 2284 790 unus

269 811 366 876 mode
388 813 529 895 figuram
551 811 592 875 ab
616 811 667 875 his
688 812 798 876 verbis
817 809 925 874 tollet:
961 809 1035 873 Hoc
1056 814 1108 874 est
1130 828 1247 890 eorpus
1298 809 1461 893 quispiam
1473 829 1515 873 ex
1527 828 1642 874 eorum
1665 830 1775 893 grege,
1798 830 1881 892 quos
1900 809 1996 875 nobis
2007 811 2118 877 hostes
2130 811 2277 895 opponit

269 896 404 962 meum?
450 894 563 976 Quid?
592 896 648 960 ubi
675 895 763 961 calix
791 903 929 961 vocatur
957 894 1108 978 sanguis,
1136 914 1247 958 nenne
1384 895 1483 960 Nune
1511 893 1552 960 ad
1581 895 1759 960 secundam
1785 904 1914 978 partem
1942 894 2117 974 descende,
2149 898 2185 961 in
2212 917 2279 980 qna

269 981 336 1048 illis
358 982 395 1046 in
422 992 577 1064 promptu
611 989 662 1047 est
693 981 858 1064 exceptio,
892 980 1065 1046 continens
1087 999 1146 1061 pro
1168 1000 1247 1045 eon·
1299 981 1445 1045 obiectae
1472 981 1655 1047 calumniae
1684 982 1809 1045 crimen
1838 1001 1915 1046 ase
1937 981 2100 1065 depellere
2128 989 2282 1060 conatur,

196 1110 198 1113 -
270 1075 362 1133 tento
384 1066 491 1131 sumi?
545 1066 621 1131 Non
644 1074 694 1132 est
722 1069 826 1151 igitur
852 1066 914 1131 hoc
942 1064 1126 1148 tragoedias
1148 1084 1247 1148 agere
1299 1067 1391 1149 quasi
1414 1087 1492 1131 vere
1515 1065 1636 1131 dixerit
1657 1085 1719 1131 nos
1745 1067 1780 1130 in
1804 1069 2017 1134 sacramentis
2039 1068 2124 1133 nihil
2144 1077 2280 1151 praeter

269 1155 307 1219 in
326 1154 434 1237 nugis,
457 1152 543 1235 quod
566 1153 638 1218 dico
656 1151 738 1217 mihi
750 1173 848 1217 curae
865 1172 931 1216 non
952 1160 1032 1227 esse,
1055 1149 1247 1232 quibuscum
1299 1172 1403 1218 vacua
1432 1153 1527 1236 signa
1555 1152 1754 1234 relinquere,
1789 1150 1847 1216 ubi
1874 1151 1961 1217 clare
1988 1154 2175 1237 perspicere
2202 1153 2281 1218 licet

270 1239 480 1322 phreneticus
490 1238 544 1303 hic
556 1239 719 1321 confligat,
743 1243 816 1318 [pag.
830 1241 884 1315 47]
906 1237 1089 1319 quisetam
1111 1235 1248 1318 pulchre
1298 1247 1421 1320 quanto
1442 1247 1576 1320 stupere
1595 1235 1637 1301 ad
1658 1237 1896 1302 contumaciam
1915 1237 2115 1305 obduruerit
2147 1239 2279 1303 westa-

270 1323 371 1388 elidit.
415 1324 603 1388 Dicendum
627 1325 715 1388 enim
737 1323 771 1387 id
793 1324 925 1388 omnine
947 1321 1017 1398 fuit,
1040 1321 1104 1386 nisi
1127 1320 1247 1386 vellem
1299 1344 1375 1388 mur
1401 1325 1525 1407 passim
1552 1324 1587 1388 in
1614 1323 1746 1405 scriptis
1786 1322 1909 1390 nostris
1940 1324 2038 1409 longe
2067 1325 2201 1390 differre
2237 1325 2280 1391 ab

271 1411 378 1475 sciens
407 1430 538 1474 causam
568 1409 715 1491 prodere.
766 1408 910 1473 Posthac
938 1427 1017 1473 vero
1044 1407 1116 1488 ipse
1144 1405 1248 1472 discat
1300 1409 1456 1474 inanibus
1478 1410 1593 1494 figuris
1620 1429 1704 1490 qnae
1725 1409 1892 1473 Dominus
1919 1409 2012 1477 nobis
2040 1410 2174 1493 reliquit
2201 1430 2284 1494 gra·-

269 1495 305 1559 in
327 1515 364 1559 re
386 1495 473 1559 seria
502 1515 565 1558 ηοη
595 1495 641 1558 ita
668 1494 797 1577 nugari.
845 1493 897 1558 Ac
923 1492 1026 1557 libere
1053 1494 1174 1556 iterum
1195 1511 1248 1556 re·
1300 1495 1365 1559 tiae
1387 1516 1466 1559 suae
1492 1494 1681 1560 testimonia
1708 1502 1742 1558 et
1770 1494 1888 1576 sigilla.
1943 1494 2077 1561 Diserte
2105 1496 2167 1562 hoc
2189 1495 2280 1561 Con·

269 1591 356 1664 pete,
379 1581 443 1644 nisi
465 1588 598 1662 tropum
619 1601 716 1644 suum
734 1579 864 1661 publico
882 1594 1045 1644 consensu
1065 1578 1247 1643 sanetifica-
1300 1602 1416 1646 sensus
1445 1579 1626 1662 praedicat,
1660 1580 1843 1644 Dominum
1876 1580 1935 1663 qni
1961 1604 2064 1647 verax
2092 1590 2158 1660 est,
2184 1582 2281 1647 intus

269 1674 341 1730 turn
364 1687 435 1730 esse
457 1665 621 1743 ostendat,
651 1687 710 1731 suo
736 1665 842 1747 ipsius
868 1684 924 1729 ore
957 1663 1148 1728 damnatum
1176 1684 1247 1728 esse
1299 1673 1465 1750 praestare
1493 1687 1552 1730 suc
1583 1665 1702 1748 spiritu
1738 1664 1823 1748 quod
1856 1665 1958 1731 oeulis
1990 1669 2137 1752 figurant
2168 1686 2280 1733 sacra-

269 1750 451 1828 haereseos,
474 1753 529 1833 qui
551 1753 623 1816 sine
640 1753 830 1833 exceptione
852 1771 911 1833 pro
929 1749 1103 1814 haereticis
1123 1747 1247 1813 haben·
1300 1761 1425 1817 menta:
1459 1771 1520 1816 nec
1548 1772 1650 1834 quum
1679 1750 1914 1834 distinguimus
1941 1753 2030 1817 inter
2052 1755 2147 1837 signa
2169 1760 2203 1816 et
2224 1773 2280 1818 res

270 1834 328 1900 dos
351 1846 418 1901 tam
441 1836 597 1902 audacter
625 1837 834 1920 pronunciat,
866 1835 1052 1918 quicunque
1080 1834 1247 1916 explicari·
1300 1839 1456 1921 signatas,
1479 1837 1669 1920 disiungere
1696 1856 1717 1900 a
1744 1836 1847 1920 signis
1875 1838 2059 1904 veritatem.
2104 1839 2207 1903 Hune
2230 1838 2279 1902 lo·

236 1942 241 1947 ’·
270 1921 321 1987 dis
341 1922 466 1988 Christi
495 1921 603 1987 verbis
629 1925 770 2006 figuram
799 1920 965 1987 adhibent.
1016 1917 1108 1985 Scite
1136 1927 1247 1983 tamen
1299 1945 1373 1989 eum
1405 1923 1603 1988 luculentius
1640 1929 1674 1986 et
1706 1919 1840 1986 uberius
1872 1924 2080 2006 persequitur
2105 1924 2276 1989 Defensio.

271 2006 388 2085 eludit,
404 2012 427 2089 ¹)
467 2029 520 2073 me
552 2008 692 2073 facetum
726 2006 871 2072 voluisse
904 2006 1010 2071 rideri
1051 2004 1244 2087 exprobans.
1299 2008 1439 2076 Summa
1459 2017 1572 2074 tamen
1593 2014 1652 2085 est,
1674 2027 1752 2073 vere
1774 2008 1867 2073 nobis
1889 2008 2060 2075 Christum
2083 2010 2196 2073 offerri
2218 2029 2282 2091 per

270 2091 365 2170 Vide,
394 2093 570 2170 Ieachime,
594 2102 667 2157 uter
688 2093 880 2157 facetiarum
898 2092 941 2156 sit
957 2089 1119 2174 cupidior:
1143 2110 1247 2174 egone
1300 2101 1519 2173 sacramenta,
1547 2100 1585 2157 ut
1606 2094 1676 2157 eius
1698 2094 1775 2157 facti
1797 2094 1973 2177 participes
1995 2095 2091 2161 bonis
2113 2096 2185 2159 eius
2208 2115 2280 2159 om-

269 2180 324 2261 qui
346 2179 468 2245 dictum
491 2179 580 2244 istud
597 2200 662 2243 nen
686 2179 802 2242 nisiex
819 2184 953 2243 renata
970 2176 1041 2241 sine
1058 2175 1127 2240 ulla
1149 2175 1246 2241 affee-
1299 2182 1396 2247 nibus
1417 2181 1600 2264 potiamur,
1628 2189 1668 2242 ut
1688 2177 1830 2260 denique
1852 2181 1923 2261 ipse
1944 2181 2037 2247 vivat
2057 2182 2104 2245 in.
2116 2180 2221 2257 nobis,
2245 2188 2280 2245 et

269 2264 393 2329 tatione
412 2266 552 2342 inserui,
574 2285 612 2331 ae
634 2272 751 2347 sponte
773 2261 920 2326 oblatum
942 2262 1108 2344 usurpavi,
1132 2281 1175 2324 an
1197 2269 1246 2340 tu,
1299 2288 1359 2331 nos
1381 2266 1415 2330 in
1438 2265 1517 2348 ipso.
1563 2263 1631 2344 Qui
1651 2283 1693 2328 ex
1715 2263 1853 2329 adverse
1876 2265 2031 2344 clamitat,
2055 2266 2195 2332 statuis
2217 2285 2278 2329 no·

269 2352 324 2432 qui
358 2352 430 2414 sine
458 2350 568 2433 lepore
578 2352 606 2426 2)
639 2350 749 2415 nescio
781 2368 862 2431 quas
897 2347 1033 2431 frigidas
1066 2347 1246 2431 elegantias
1299 2353 1350 2417 bis
1372 2371 1476 2416 vacua
1497 2351 1603 2434 signa,
1626 2370 1668 2413 an
1691 2370 1758 2413 non
1780 2357 1893 2432 aperte
1915 2351 2088 2417 Christum
2109 2357 2278 2433 totamque

270 2434 368 2517 longe
387 2437 534 2501 accersis.
585 2437 676 2500 Tuus
697 2454 778 2499 vero
799 2433 862 2498 iste
884 2432 1086 2515 triumphus,
1115 2441 1246 2514 tropum
1299 2439 1369 2503 eius
1391 2438 1550 2503 virtutem
1571 2437 1608 2499 in
1628 2434 1770 2498 nihilum
1792 2436 1934 2520 redigit?
1969 2438 2055 2503 Nam
2077 2439 2105 2502 si
2128 2435 2279 2519 quidest

269 2529 366 2585 tuum
388 2521 626 2587 sanctificatum
657 2541 728 2585 esse
750 2541 770 2583 a
792 2517 924 2584 Christo
952 2527 986 2583 et
1013 2518 1056 2583 ab
1082 2518 1245 2600 apostolis,
1299 2522 1468 2597 Christus,
1487 2529 1531 2585 «et
1556 2519 1585 2585 si
1614 2540 1678 2602 quo
1706 2521 1743 2585 in
1769 2523 1875 2603 pretio
1902 2521 2066 2588 habentur
2087 2522 2278 2604 spirituales

268 2626 337 2669 non
359 2614 436 2670 ante
459 2607 628 2671 victoriam
651 2607 709 2671 abs
731 2612 765 2669 te
787 2604 929 2669 canitur:
952 2605 1028 2686 quia
1049 2604 1116 2668 iam
1137 2605 1245 2669 victus
1298 2613 1374 2687 [pag.
1397 2613 1449 2687 50]
1478 2608 1548 2672 eius
1577 2605 1726 2683 divitiae,
1755 2608 1876 2690 pignus
1904 2629 1968 2689 quo
1998 2629 2033 2674 se
2061 2608 2157 2673 nobis
2186 2627 2277 2672 eom-

269 2709 307 2755 ac
328 2699 511 2772 prostratus
522 2692 584 2757 tibi
606 2700 718 2756 tamen
736 2689 892 2772 plaudere
903 2711 970 2754 ηοη
991 2689 1123 2754 desinis.
1156 2688 1244 2753 Con·
1297 2694 1453 2769 munieat,
1477 2712 1616 2757 vacuum
1644 2702 1678 2755 et
1701 2693 1800 2755 inane
1828 2691 2002 2758 dicendum
2029 2714 2095 2759 ηοη
2124 2700 2182 2759 est.
2237 2690 2278 2758 Si

269 2776 392 2841 sentire
414 2785 447 2840 te
468 2778 570 2841 iactas
592 2797 668 2842 eum
685 2775 827 2842 Christe.
873 2774 974 2840 Certa
995 2783 1028 2840 et
1048 2775 1174 2841 invicta
1192 2795 1245 2839 ra·
1297 2800 1387 2844 nunc
1414 2778 1590 2860 excipiam,
1620 2773 1705 2860 quod
1734 2777 1857 2859 optime
1885 2780 1956 2843 iure
1983 2780 2074 2856 licet,
2103 2777 2278 2844 Christum

269 2860 325 2939 tie,
348 2861 376 2925 si
397 2862 494 2927 medo
513 2863 571 2928 tibi
592 2861 832 2927 concederetur.
884 2860 951 2925 Sed
974 2881 1016 2925 ex
1038 2881 1102 2942 quo
1123 2860 1245 2944 princi·

267 2947 322 3030 pio
344 2947 407 3012 hoe
429 2957 597 3031 sumptum
619 2955 677 3026 est,
701 2947 806 3030 magis
829 2944 954 3011 Christi
976 2947 1085 3011 verbis
1107 2966 1244 3011 consen·

268 3040 404 3097 tansum
432 3053 517 3112 esse,
547 3054 666 3116 panem
696 3032 807 3098 vecari
834 3051 968 3116 eorpus,
998 3032 1074 3113 quia
1103 3050 1178 3096 cum
1206 3051 1244 3096 eo

267 3138 384 3200 corpus
403 3117 508 3197 detur,
532 3124 606 3198 [pag.
628 3124 682 3196 48]
703 3140 801 3201 quam
819 3118 896 3200 quia
917 3117 1104 3201 symbolum
1126 3123 1177 3182 est
1194 3116 1244 3181 vi·

267 3204 360 3269 sibile
381 3207 533 3287 corperis,
557 3215 590 3269 et
610 3203 741 3287 quidem
764 3224 911 3269 cumana
928 3202 1067 3267 veritate
1089 3204 1243 3268 coniunc-

267 3289 360 3355 tum?
399 3289 510 3370 Quum
531 3312 611 3356 vero
633 3290 830 3373 scripturam
848 3289 992 3354 causeris
1013 3309 1075 3353 neo
1097 3288 1243 3353 dialecti-

266 3377 313 3440 cis
334 3398 395 3442 nee
413 3376 637 3459 grammaticis
659 3374 786 3459 legibus
809 3375 962 3458 astringi,
991 3373 1077 3456 quod
1099 3395 1161 3439 nos
1184 3374 1244 3438 tibi

266 3460 408 3526 libenter
430 3461 562 3539 damus,
591 3481 712 3544 quaero
739 3483 827 3525 nunc
855 3481 920 3542 qua
946 3460 1161 3537 conscientia,
1190 3460 1243 3523 vel

266 3547 454 3630 etiamque
485 3549 595 3611 fronte
616 3556 744 3611 nostras
766 3545 1038 3611 contradictiones
1064 3545 1099 3609 in
1128 3545 1243 3610 eadem

267 3633 388 3716 pagina
417 3633 580 3717 exagites,
609 3632 686 3714 quia
714 3630 846 3713 quidam
882 3638 1034 3695 nostrum
1064 3631 1100 3693 in
1132 3630 1243 3695 verbis

267 3717 392 3783 Christi
411 3718 647 3802 synecdochen,
669 3716 897 3799 metaphoram
921 3716 986 3793 alii,
1007 3716 1244 3800 metonymiam

268 3802 323 3867 alii
345 3823 416 3867 esse
439 3803 596 3868 tradunt?
648 3802 734 3866 Nam
756 3802 784 3866 si
809 3801 845 3864 in
868 3801 921 3875 his
941 3801 1058 3884 figuris
1079 3800 1173 3864 nulla
1193 3809 1244 3866 est

267 3888 373 3952 maier
395 3888 525 3971 religio,
555 3899 614 3952 sua
636 3888 753 3969 cuique
771 3885 987 3969 relinquenda
1004 3893 1076 3950 erat
1096 3886 1241 3952 libertas.

267 3970 374 4038 Sicuti
392 3984 501 4037 autem
519 3973 687 4039 concludit
705 3973 902 4050 Ioaehimus,
925 3971 1002 4036 licet
1022 3973 1058 4035 in
1081 3993 1140 4035 suc
1162 3972 1242 4056 dog-

266 4068 354 4123 mate
376 4057 498 4123 tuende
520 4060 625 4123 nostri
648 4059 867 4137 consentiant,
896 4064 929 4122 et
955 4058 991 4121 in
1011 4056 1121 4122 verbis
1142 4078 1241 4139 quae-

266 4142 342 4208 dam
365 4145 409 4207 sit
430 4145 650 4221 consonantia,
673 4143 926 4209 contradictoria
948 4149 1060 4207 tamen
1083 4142 1241 4208 scribere:

264 4229 409 4295 vicissim
430 4250 471 4293 ex
493 4229 617 4311 liquida
638 4228 915 4294 demonstratione
942 4227 1136 4293 concludere
1158 4229 1242 4294 mihi

264 4314 371 4393 liceat,
395 4316 503 4397 ipsum
525 4334 584 4378 nec
606 4316 705 4396 prebe
727 4336 789 4381 nee
810 4316 952 4400 ingenue
974 4315 1090 4392 facere,
1113 4316 1169 4397 qui
1189 4315 1241 4379 in·

265 4400 420 4483 explebili
442 4400 659 4465 contentionis
680 4400 788 4465 studio
799 4401 947 4485 improbe
969 4399 1011 4464 ad
1032 4399 1242 4465 conflandum

265 4486 436 4552 dissidium
460 4485 585 4566 arripit,
608 4505 691 4566 quae
713 4486 807 4551 facile
829 4486 997 4552 conciliari
1017 4486 1105 4550 inter
1127 4507 1162 4551 se
1184 4507 1242 4569 po-

264 4579 390 4637 terant:
424 4591 597 4655 perperam
626 4570 732 4634 multa
752 4571 953 4638 calumniose
976 4571 1162 4653 detorquet,
1191 4578 1242 4636 at-

264 4678 328 4740 que
349 4680 391 4722 ex
412 4655 554 4723 levicula
574 4675 701 4739 quaque
713 4658 873 4722 varietate
895 4679 1031 4742 gravem
1053 4678 1241 4741 repugnan-

264 4744 344 4807 tiam
378 4743 543 4824 cenfingit.
595 4742 687 4806 Dum
725 4762 804 4807 vero
840 4743 1048 4809 Consensum
1081 4749 1241 4821 nostrum,

264 4850 327 4912 quo
345 4828 477 4912 sepulta
495 4833 589 4892 erant
610 4827 720 4891 omnia
738 4826 880 4908 dissidia,
902 4830 971 4894 suis
988 4828 1118 4894 nebulis
1138 4849 1242 4913 qnan-

333 5116 363 5183 1)
380 5117 400 5171 il
417 5117 497 5172 rabat
512 5115 539 5172 la
557 5133 628 5187 cenp
645 5117 682 5201 de
697 5116 755 5173 fort
771 5118 859 5173 bonne
877 5132 966 5186 grace.

331 5182 363 5252 2)
382 5200 445 5242 sans
462 5200 544 5255 grace
561 5201 595 5242 ne
613 5186 690 5242 dena

1296 2865 1382 2928 nihil
1403 2885 1537 2947 prorsus
1560 2883 1631 2927 esse
1652 2861 1859 2945 Westphelo,
1887 2885 2022 2947 gravem
2045 2865 2107 2930 sibi
2129 2864 2204 2928 fieri
2225 2864 2277 2927 in-

1296 2951 1416 3015 iuriam
1437 2949 1656 3031 quiritabitur.
1707 2945 1775 3013 Sed
1797 2970 1894 3032 quem
1918 2957 2012 3033 putat
2034 2970 2104 3014 esse
2127 2957 2195 3013 tam
2217 2948 2277 3012 he-

1298 3036 1415 3111 betem,
1442 3035 1497 3100 cni
1519 3056 1586 3099 non
1608 3040 1725 3115 sponte
1746 3034 1782 3096 in
1805 3041 1950 3099 mentem
1974 3037 2095 3112 veniat,
2117 3033 2277 3099 iudicium

1297 3122 1359 3187 hoe
1381 3119 1508 3185 faeere?
1542 3122 1593 3184 Ac
1614 3139 1658 3181 ne
1680 3117 1840 3202 litigando
1862 3119 1935 3201 plus
1957 3121 2134 3186 verborum
2156 3139 2277 3184 consu·

1296 3227 1394 3283 mam,
1417 3203 1614 3288 respondeat
1629 3205 1701 3287 ipse
1722 3207 1909 3280 unoverbe,
1932 3207 1961 3271 si
1983 3205 2151 3271 contendit
2167 3220 2278 3271 vacua

1296 3313 1369 3358 csse
1391 3291 1495 3375 signe,
1517 3312 1601 3373 quae
1621 3310 1735 3354 veram
1758 3290 1884 3355 Christi
1906 3293 2096 3356 fruitionem
2111 3291 2273 3366 'afferunt

1296 3377 1410 3460 quanti
1433 3377 1605 3441 Christum
1622 3374 1793 3439 aestimet?
1826 3375 1865 3440 Si
1886 3382 1956 3440 tota
1977 3375 2199 3458 spiritualium
2219 3375 2277 3441 bo·

1296 3482 1415 3527 norum
1431 3459 1600 3545 plenitude
1623 3478 1689 3525 non
1711 3461 1797 3538 facit,
1821 3474 1857 3524 ut
1874 3461 2051 3544 quidquam
2073 3462 2144 3526 veri
2166 3468 2201 3525 et
2223 3481 2277 3526 so-

1295 3548 1354 3612 lidi
1384 3549 1480 3630 signa
1507 3546 1712 3623 contineant,
1743 3567 1786 3610 an
1813 3567 1880 3610 non
1910 3548 2046 3631 spiritus
2074 3548 2180 3612 saneti
2207 3547 2277 3611 vir·

1296 3642 1351 3697 tus
1383 3632 1564 3698 secundum
1595 3652 1671 3695 eum
1705 3631 1892 3696 evanescit?
1936 3631 2146 3713 Quibusnam
2178 3652 2276 3714 praa-

1297 3719 1404 3803 stigiis
1425 3717 1558 3794 illudet,
1590 3723 1628 3780 ut
1655 3737 1721 3780 ηοη
1749 3718 1860 3782 statim
1890 3727 2046 3801 appareat
2072 3715 2278 3783 exsecranda

1296 3804 1377 3870 haec
1400 3801 1626 3885 blasphemia?
1660 3802 1748 3866 Nam
1769 3803 1858 3884 quod
1878 3803 2115 3886 integumentis
2138 3803 2276 3886 quibus-

1296 3889 1371 3953 dam
1393 3889 1499 3953 lucem
1522 3885 1688 3966 obscurat,
1716 3888 1843 3969 puerile
1871 3889 2029 3972 effugium
2052 3896 2111 3953 est.
2157 3888 2277 3952 Refert

1296 3974 1496 4058 excogitatos
1525 3974 1625 4038 fuisse
1653 3980 1764 4055 tropos
1787 3972 1842 4037 vel
1869 3975 1905 4039 in
1932 3975 2034 4039 verbo
2054 3974 2133 4049 Est,
2163 3973 2218 4038 vel
2240 3974 2276 4039 in

1295 4081 1373 4126 voce
1406 4059 1576 4141 Corporis,
1610 4057 1651 4122 ad
1685 4058 1887 4140 probandam
1921 4059 2048 4125 Christi
2080 4059 2275 4145 absentiam.

1293 4146 1397 4228 Atqui
1419 4142 1599 4210 seeundum
1622 4164 1683 4209 nos
1704 4145 1799 4227 panis
1820 4144 1868 4209 ita
1890 4165 2009 4227 eorpus
2032 4144 2207 4228 signifieat,
2237 4153 2278 4209 ut

1294 4252 1380 4309 vere,
1404 4231 1594 4308 efficaciter,
1624 4250 1662 4295 ac
1685 4249 1720 4293 re
1742 4231 1815 4313 ipsa
1832 4252 1892 4295 nos
1914 4230 1956 4295 ad
1978 4229 2102 4295 Christi
2125 4250 2277 4295 eommu-

1294 4316 1492 4382 nicationem
1512 4316 1641 4380 invitet.
1691 4315 1844 4380 Dicimus
1867 4317 1954 4380 enim
1977 4316 2151 4381 veritatem
2174 4336 2276 4397 quam

1294 4401 1439 4468 eontinet
1459 4401 1639 4483 promissio,
1661 4400 1728 4464 illie
1739 4401 1898 4478 exhiberi,
1917 4408 1950 4465 et
1967 4401 2278 4466 effeetumexterno

1294 4487 1442 4572 symbolo
1464 4507 1632 4551 annexum
1654 4506 1734 4551 esse.
1779 4486 1908 4568 'l'ropus
1932 4490 2006 4564 [pag.
2026 4491 2080 4565 51]
2103 4487 2276 4570 ergesig·

1294 4595 1375 4638 num
1396 4573 1532 4636 minime
1554 4577 1706 4650 evacuat,
1735 4570 1794 4636 sed
1815 4573 1923 4654 potius
1946 4569 2088 4637 ostendit
2108 4573 2277 4653 quomodo

1293 4681 1359 4724 non
1382 4660 1425 4724 sit
1445 4678 1597 4725 vacuum.
1640 4656 1753 4721 Nihilo
1773 4659 1873 4722 etiam
1894 4658 2001 4740 magis
2022 4656 2136 4722 localis
2157 4677 2277 4740 corpe-

1294 4745 1340 4809 ris
1362 4743 1510 4809 absentia
1531 4744 1616 4826 signi
1644 4742 1825 4807 exinanitio
1854 4751 1918 4821 est,
1952 4743 2123 4824 quianon
2150 4740 2279 4809 desinit

1295 4830 1451 4896 Christus
1473 4849 1510 4893 se
1532 4829 1650 4894 offerre
1672 4828 1740 4892 suis
1761 4827 1913 4893 fidelibus
1933 4826 2125 4905 fruendum,
2154 4848 2276 4910 quam-

1295 4915 1400 4981 visin
1423 4922 1546 4979 terram
1564 4933 1632 4978 non
1659 4912 1844 4978 descendat.
1895 4914 1947 4979 Ac
1967 4914 2093 4979 frustra
2113 4914 2150 4977 in
2171 4915 2275 4979 mise-

1294 5022 1365 5066 ram
1392 5000 1479 5066 hanc
1508 4999 1667 5065 latebram
1694 5019 1730 5063 se
1756 4998 1860 5078 abdit,
1889 5020 1993 5082 quum
2018 4997 2137 5064 alieubi
2166 4999 2277 5066 fatear

1295 5084 1587 5168 Oecolampadium
1620 5090 1654 5149 et
1681 5082 1873 5169 Zvinglium
1911 5085 2000 5150 inter
2034 5082 2274 5166 disputationis

1294 5170 1437 5251 exordia,
1459 5171 1501 5236 ad
1522 5169 1735 5237 refellendam
1752 5171 2020 5254 superstitionem
2041 5169 2142 5234 nimis
2163 5177 2275 5237 atten-
