<?xml version="1.0" encoding="UTF-8"?>
<!DOCTYPE html PUBLIC "-//W3C//DTD XHTML 1.0 Transitional//EN"
    "http://www.w3.org/TR/xhtml1/DTD/xhtml1-transitional.dtd">
<html xmlns="http://www.w3.org/1999/xhtml" xml:lang="en" lang="en">
 <head>
  <title>
</title>
<meta http-equiv="Content-Type" content="text/html;charset=utf-8" />
  <meta name='ocr-system' content='tesseract 3.04.00' />
  <meta name='ocr-capabilities' content='ocr_page ocr_carea ocr_par ocr_line ocrx_word'/>
</head>
<body>
  <div class='ocr_page' id='page_1' title='image "./ioanniscalvinio01reusgoog_0144.png"; bbox 0 0 4776 5844; ppageno 0'>
   <div class='ocr_carea' id='block_1_1' title="bbox 161 260 2156 357">
    <p class='ocr_par' dir='ltr' id='par_1_1' title="bbox 161 260 2156 365">
     <span class='ocr_line' id='line_1_1' title="bbox 161 260 2156 357; baseline -0.002 -25"><span class='ocrx_word' id='word_1_1' title='bbox 161 271 219 333; x_wconf 81' lang='grc' dir='ltr'><strong>ιιι</strong></span> <span class='ocrx_word' id='word_1_2' title='bbox 940 260 1411 330; x_wconf 72' lang='lat' dir='ltr'><strong>marmannorum</strong></span> <span class='ocrx_word' id='word_1_3' title='bbox 1841 351 1843 357; x_wconf 16' lang='lat' dir='ltr'><em>s</em></span> <span class='ocrx_word' id='word_1_4' title='bbox 2098 265 2156 328; x_wconf 75' lang='grc' dir='ltr'><strong>ιιι</strong></span> 
     </span>
    </p>
   </div>
   <div class='ocr_carea' id='block_1_2' title="bbox 156 447 2371 5268">
    <p class='ocr_par' dir='ltr' id='par_1_2' title="bbox 157 447 2160 541">
     <span class='ocr_line' id='line_1_2' title="bbox 157 447 2160 541; baseline -0.003 -17"><span class='ocrx_word' id='word_1_5' title='bbox 157 456 420 541; x_wconf 73' lang='lat' dir='ltr'><strong>inseparabiliter</strong></span> <span class='ocrx_word' id='word_1_6' title='bbox 446 456 635 520; x_wconf 87' lang='lat' dir='ltr'><strong>ooniunotas</strong></span> <span class='ocrx_word' id='word_1_7' title='bbox 669 473 741 518; x_wconf 87' lang='lat' dir='ltr'><strong>esse</strong></span> <span class='ocrx_word' id='word_1_8' title='bbox 768 449 860 527; x_wconf 89' lang='lat' dir='ltr'><strong>dioit,</strong></span> <span class='ocrx_word' id='word_1_9' title='bbox 889 458 927 514; x_wconf 93' lang='lat' dir='ltr'><strong>nt</strong></span> <span class='ocrx_word' id='word_1_10' title='bbox 953 449 1040 515; x_wconf 88' lang='lat' dir='ltr'><strong>filins</strong></span> <span class='ocrx_word' id='word_1_11' title='bbox 1065 447 1130 515; x_wconf 90' lang='lat' dir='ltr'><strong>Dei</strong></span> <span class='ocrx_word' id='word_1_12' title='bbox 1153 451 1158 528; x_wconf 89' lang='grc' dir='ltr'>Ι</span> <span class='ocrx_word' id='word_1_13' title='bbox 1182 449 1289 527; x_wconf 92' lang='lat' dir='ltr'><strong>deret,</strong></span> <span class='ocrx_word' id='word_1_14' title='bbox 1319 449 1504 533; x_wconf 88' lang='lat' dir='ltr'><strong>ubieunque</strong></span> <span class='ocrx_word' id='word_1_15' title='bbox 1525 450 1569 516; x_wconf 91' lang='lat' dir='ltr'><strong>sit</strong></span> <span class='ocrx_word' id='word_1_16' title='bbox 1589 449 1717 515; x_wconf 90' lang='lat' dir='ltr'><strong>Christi</strong></span> <span class='ocrx_word' id='word_1_17' title='bbox 1734 470 1860 533; x_wconf 89' lang='lat' dir='ltr'><strong>eorpus,</strong></span> <span class='ocrx_word' id='word_1_18' title='bbox 1880 472 1941 535; x_wconf 91' lang='lat' dir='ltr'><strong>pro</strong></span> <span class='ocrx_word' id='word_1_19' title='bbox 1963 473 2026 518; x_wconf 85' lang='lat' dir='ltr'><strong>sua</strong></span> <span class='ocrx_word' id='word_1_20' title='bbox 2036 460 2160 518; x_wconf 87' lang='lat' dir='ltr'><strong>natura</strong></span> 
     </span>
    </p>

    <p class='ocr_par' dir='ltr' id='par_1_3' title="bbox 157 534 2160 707">
     <span class='ocr_line' id='line_1_3' title="bbox 157 534 2160 707; baseline -0.002 -12"><span class='ocrx_word' id='word_1_21' title='bbox 157 541 523 695; x_wconf 69' lang='lat' dir='ltr'><strong>lutttttttt</strong></span> <span class='ocrx_word' id='word_1_22' title='bbox 538 535 1130 707; x_wconf 56' lang='lat' dir='ltr'><strong>tutllltltttttttl?</strong></span> <span class='ocrx_word' id='word_1_23' title='bbox 1182 535 1512 688; x_wconf 50' lang='lat' dir='ltr'><strong>hidlllhqul</strong></span> <span class='ocrx_word' id='word_1_24' title='bbox 1528 540 1776 705; x_wconf 56' lang='lat' dir='ltr'><strong>&#39;tutat</strong></span> <span class='ocrx_word' id='word_1_25' title='bbox 1789 534 2160 706; x_wconf 49' lang='lat' dir='ltr'><strong>statutt&amp;</strong></span> 
     </span>
    </p>

    <p class='ocr_par' dir='ltr' id='par_1_4' title="bbox 157 706 2161 792">
     <span class='ocr_line' id='line_1_4' title="bbox 157 706 2161 792; baseline -0.002 -12"><span class='ocrx_word' id='word_1_26' title='bbox 157 712 284 780; x_wconf 83' lang='lat' dir='ltr'><strong>tendit?</strong></span> <span class='ocrx_word' id='word_1_27' title='bbox 338 713 460 778; x_wconf 82' lang='lat' dir='ltr'><strong>Fateor</strong></span> <span class='ocrx_word' id='word_1_28' title='bbox 493 732 571 777; x_wconf 89' lang='lat' dir='ltr'><strong>sane</strong></span> <span class='ocrx_word' id='word_1_29' title='bbox 597 732 666 775; x_wconf 91' lang='lat' dir='ltr'><strong>non</strong></span> <span class='ocrx_word' id='word_1_30' title='bbox 693 709 790 774; x_wconf 88' lang='lat' dir='ltr'><strong>aliter</strong></span> <span class='ocrx_word' id='word_1_31' title='bbox 816 709 934 773; x_wconf 85' lang='lat' dir='ltr'><strong>animis</strong></span> <span class='ocrx_word' id='word_1_32' title='bbox 961 707 1130 789; x_wconf 89' lang='lat' dir='ltr'><strong>oonoipere</strong></span> <span class='ocrx_word' id='word_1_33' title='bbox 1182 708 1319 773; x_wconf 90' lang='lat' dir='ltr'><strong>timonia</strong></span> <span class='ocrx_word' id='word_1_34' title='bbox 1340 706 1381 772; x_wconf 91' lang='lat' dir='ltr'><strong>de</strong></span> <span class='ocrx_word' id='word_1_35' title='bbox 1397 707 1584 789; x_wconf 88' lang='lat' dir='ltr'><strong>praesentia</strong></span> <span class='ocrx_word' id='word_1_36' title='bbox 1603 708 1737 791; x_wconf 86' lang='lat' dir='ltr'><strong>gratiae.</strong></span> <span class='ocrx_word' id='word_1_37' title='bbox 1783 706 1888 790; x_wconf 79' lang='lat' dir='ltr'><strong>Quasi</strong></span> <span class='ocrx_word' id='word_1_38' title='bbox 1910 730 1989 775; x_wconf 85' lang='lat' dir='ltr'><strong>vero</strong></span> <span class='ocrx_word' id='word_1_39' title='bbox 2000 719 2161 792; x_wconf 90' lang='lat' dir='ltr'><strong>sequatur</strong></span> 
     </span>
    </p>

    <p class='ocr_par' dir='ltr' id='par_1_5' title="bbox 157 790 2161 881">
     <span class='ocr_line' id='line_1_5' title="bbox 157 790 2161 881; baseline -0.001 -18"><span class='ocrx_word' id='word_1_40' title='bbox 157 798 223 865; x_wconf 88' lang='lat' dir='ltr'><strong>Dei</strong></span> <span class='ocrx_word' id='word_1_41' title='bbox 244 799 350 864; x_wconf 87' lang='lat' dir='ltr'><strong>filium</strong></span> <span class='ocrx_word' id='word_1_42' title='bbox 372 799 422 863; x_wconf 86' lang='lat' dir='ltr'><strong>fas</strong></span> <span class='ocrx_word' id='word_1_43' title='bbox 439 820 520 873; x_wconf 88' lang='lat' dir='ltr'><strong>esse,</strong></span> <span class='ocrx_word' id='word_1_44' title='bbox 537 818 636 880; x_wconf 89' lang='lat' dir='ltr'><strong>quam</strong></span> <span class='ocrx_word' id='word_1_45' title='bbox 653 817 752 861; x_wconf 88' lang='lat' dir='ltr'><strong>earne</strong></span> <span class='ocrx_word' id='word_1_46' title='bbox 770 793 936 860; x_wconf 88' lang='lat' dir='ltr'><strong>vestitum.</strong></span> <span class='ocrx_word' id='word_1_47' title='bbox 982 790 1050 858; x_wconf 82' lang='lat' dir='ltr'><strong>Sed</strong></span> <span class='ocrx_word' id='word_1_48' title='bbox 1069 793 1131 856; x_wconf 90' lang='lat' dir='ltr'><strong>hoo</strong></span> <span class='ocrx_word' id='word_1_49' title='bbox 1182 793 1263 858; x_wconf 92' lang='lat' dir='ltr'><strong>dum</strong></span> <span class='ocrx_word' id='word_1_50' title='bbox 1284 791 1327 858; x_wconf 89' lang='lat' dir='ltr'><strong>ad</strong></span> <span class='ocrx_word' id='word_1_51' title='bbox 1348 814 1408 858; x_wconf 92' lang='lat' dir='ltr'><strong>nos</strong></span> <span class='ocrx_word' id='word_1_52' title='bbox 1431 793 1585 859; x_wconf 90' lang='lat' dir='ltr'><strong>Christus</strong></span> <span class='ocrx_word' id='word_1_53' title='bbox 1606 814 1682 859; x_wconf 90' lang='lat' dir='ltr'><strong>oum</strong></span> <span class='ocrx_word' id='word_1_54' title='bbox 1703 802 1797 877; x_wconf 90' lang='lat' dir='ltr'><strong>patre</strong></span> <span class='ocrx_word' id='word_1_55' title='bbox 1826 796 1927 872; x_wconf 88' lang='lat' dir='ltr'><strong>venit,</strong></span> <span class='ocrx_word' id='word_1_56' title='bbox 1954 815 2092 881; x_wconf 89' lang='lat' dir='ltr'><strong>eorpore</strong></span> <span class='ocrx_word' id='word_1_57' title='bbox 2124 796 2161 861; x_wconf 89' lang='lat' dir='ltr'><strong>in</strong></span> 
     </span>
    </p>

    <p class='ocr_par' dir='ltr' id='par_1_6' title="bbox 157 877 2162 966">
     <span class='ocr_line' id='line_1_6' title="bbox 157 877 2162 966; baseline -0.001 -16"><span class='ocrx_word' id='word_1_58' title='bbox 157 906 225 951; x_wconf 90' lang='lat' dir='ltr'><strong>non</strong></span> <span class='ocrx_word' id='word_1_59' title='bbox 246 884 456 966; x_wconf 86' lang='lat' dir='ltr'><strong>obstititque</strong></span> <span class='ocrx_word' id='word_1_60' title='bbox 477 883 587 948; x_wconf 91' lang='lat' dir='ltr'><strong>minus</strong></span> <span class='ocrx_word' id='word_1_61' title='bbox 609 882 721 947; x_wconf 90' lang='lat' dir='ltr'><strong>divina</strong></span> <span class='ocrx_word' id='word_1_62' title='bbox 747 901 808 946; x_wconf 89' lang='lat' dir='ltr'><strong>sua</strong></span> <span class='ocrx_word' id='word_1_63' title='bbox 834 878 977 945; x_wconf 77' lang='lat' dir='ltr'><strong>essentia</strong></span> <span class='ocrx_word' id='word_1_64' title='bbox 1004 877 1131 944; x_wconf 84' lang='lat' dir='ltr'><strong>eoelum</strong></span> <span class='ocrx_word' id='word_1_65' title='bbox 1183 890 1273 945; x_wconf 90' lang='lat' dir='ltr'><strong>terra</strong></span> <span class='ocrx_word' id='word_1_66' title='bbox 1300 879 1386 945; x_wconf 90' lang='lat' dir='ltr'><strong>sisti:</strong></span> <span class='ocrx_word' id='word_1_67' title='bbox 1417 898 1519 962; x_wconf 90' lang='lat' dir='ltr'><strong>quum</strong></span> <span class='ocrx_word' id='word_1_68' title='bbox 1547 877 1704 945; x_wconf 87' lang='lat' dir='ltr'><strong>reolamet</strong></span> <span class='ocrx_word' id='word_1_69' title='bbox 1720 890 1803 946; x_wconf 85' lang='lat' dir='ltr'><strong>-tota</strong></span> <span class='ocrx_word' id='word_1_70' title='bbox 1830 880 2008 965; x_wconf 88' lang='lat' dir='ltr'><strong>seriptura,</strong></span> <span class='ocrx_word' id='word_1_71' title='bbox 2037 883 2162 948; x_wconf 87' lang='lat' dir='ltr'><strong>virtute</strong></span> 
     </span>
    </p>

    <p class='ocr_par' dir='ltr' id='par_1_7' title="bbox 158 964 2163 1052">
     <span class='ocr_line' id='line_1_7' title="bbox 158 964 2163 1052; baseline -0.002 -15"><span class='ocrx_word' id='word_1_72' title='bbox 158 983 192 1037; x_wconf 89' lang='lat' dir='ltr'><strong>et</strong></span> <span class='ocrx_word' id='word_1_73' title='bbox 222 980 344 1036; x_wconf 87' lang='lat' dir='ltr'><strong>terram</strong></span> <span class='ocrx_word' id='word_1_74' title='bbox 371 968 511 1052; x_wconf 89' lang='lat' dir='ltr'><strong>replens,</strong></span> <span class='ocrx_word' id='word_1_75' title='bbox 543 989 675 1034; x_wconf 88' lang='lat' dir='ltr'><strong>earnem</strong></span> <span class='ocrx_word' id='word_1_76' title='bbox 704 987 798 1032; x_wconf 86' lang='lat' dir='ltr'><strong>snam</strong></span> <span class='ocrx_word' id='word_1_77' title='bbox 822 966 858 1030; x_wconf 91' lang='lat' dir='ltr'><strong>in</strong></span> <span class='ocrx_word' id='word_1_78' title='bbox 884 973 978 1030; x_wconf 88' lang='lat' dir='ltr'><strong>utero</strong></span> <span class='ocrx_word' id='word_1_79' title='bbox 1005 965 1130 1042; x_wconf 88' lang='lat' dir='ltr'><strong>matris,</strong></span> <span class='ocrx_word' id='word_1_80' title='bbox 1183 965 1318 1049; x_wconf 88' lang='lat' dir='ltr'><strong>spiritus</strong></span> <span class='ocrx_word' id='word_1_81' title='bbox 1340 964 1445 1031; x_wconf 87' lang='lat' dir='ltr'><strong>suiad</strong></span> <span class='ocrx_word' id='word_1_82' title='bbox 1467 976 1720 1048; x_wconf 87' lang='lat' dir='ltr'><strong>nospenetrare.</strong></span> <span class='ocrx_word' id='word_1_83' title='bbox 1765 965 1909 1031; x_wconf 88' lang='lat' dir='ltr'><strong>Carnem</strong></span> <span class='ocrx_word' id='word_1_84' title='bbox 1920 967 2048 1033; x_wconf 88' lang='lat' dir='ltr'><strong>Christi</strong></span> <span class='ocrx_word' id='word_1_85' title='bbox 2059 987 2163 1051; x_wconf 86' lang='lat' dir='ltr'><strong>quom</strong></span> 
     </span>
    </p>

    <p class='ocr_par' dir='ltr' id='par_1_8' title="bbox 157 1050 2161 1138">
     <span class='ocr_line' id='line_1_8' title="bbox 157 1050 2161 1138; baseline -0.001 -16"><span class='ocrx_word' id='word_1_86' title='bbox 157 1058 194 1122; x_wconf 90' lang='lat' dir='ltr'><strong>in</strong></span> <span class='ocrx_word' id='word_1_87' title='bbox 216 1078 326 1133; x_wconf 83' lang='lat' dir='ltr'><strong>ornos,</strong></span> <span class='ocrx_word' id='word_1_88' title='bbox 354 1057 388 1120; x_wconf 92' lang='lat' dir='ltr'><strong>iu</strong></span> <span class='ocrx_word' id='word_1_89' title='bbox 412 1055 562 1138; x_wconf 85' lang='lat' dir='ltr'><strong>sepuloro</strong></span> <span class='ocrx_word' id='word_1_90' title='bbox 585 1061 738 1138; x_wconf 88' lang='lat' dir='ltr'><strong>gestaret.</strong></span> <span class='ocrx_word' id='word_1_91' title='bbox 793 1051 879 1117; x_wconf 76' lang='lat' dir='ltr'><strong>&#39;lum</strong></span> <span class='ocrx_word' id='word_1_92' title='bbox 912 1063 1040 1133; x_wconf 90' lang='lat' dir='ltr'><strong>quoque</strong></span> <span class='ocrx_word' id='word_1_93' title='bbox 1070 1050 1130 1114; x_wconf 84' lang='lat' dir='ltr'><strong>Dei</strong></span> <span class='ocrx_word' id='word_1_94' title='bbox 1183 1051 1288 1117; x_wconf 89' lang='lat' dir='ltr'><strong>oeulis</strong></span> <span class='ocrx_word' id='word_1_95' title='bbox 1310 1072 1377 1117; x_wconf 92' lang='lat' dir='ltr'><strong>non</strong></span> <span class='ocrx_word' id='word_1_96' title='bbox 1399 1051 1574 1129; x_wconf 76' lang='lat' dir='ltr'><strong>cernimus,</strong></span> <span class='ocrx_word' id='word_1_97' title='bbox 1597 1050 1672 1117; x_wconf 90' lang='lat' dir='ltr'><strong>lidei</strong></span> <span class='ocrx_word' id='word_1_98' title='bbox 1696 1072 1796 1117; x_wconf 90' lang='lat' dir='ltr'><strong>sensu</strong></span> <span class='ocrx_word' id='word_1_99' title='bbox 1807 1053 1996 1135; x_wconf 87' lang='lat' dir='ltr'><strong>experimur</strong></span> <span class='ocrx_word' id='word_1_100' title='bbox 2016 1054 2052 1118; x_wconf 92' lang='lat' dir='ltr'><strong>in</strong></span> <span class='ocrx_word' id='word_1_101' title='bbox 2063 1052 2161 1120; x_wconf 91' lang='lat' dir='ltr'><strong>nobis</strong></span> 
     </span>
    </p>

    <p class='ocr_par' dir='ltr' id='par_1_9' title="bbox 157 1135 2162 1225">
     <span class='ocr_line' id='line_1_9' title="bbox 157 1135 2162 1225; baseline -0.001 -18"><span class='ocrx_word' id='word_1_102' title='bbox 157 1143 245 1208; x_wconf 86' lang='lat' dir='ltr'><strong>filius</strong></span> <span class='ocrx_word' id='word_1_103' title='bbox 267 1163 334 1207; x_wconf 91' lang='lat' dir='ltr'><strong>non</strong></span> <span class='ocrx_word' id='word_1_104' title='bbox 356 1141 466 1206; x_wconf 90' lang='lat' dir='ltr'><strong>minus</strong></span> <span class='ocrx_word' id='word_1_105' title='bbox 487 1141 524 1206; x_wconf 93' lang='lat' dir='ltr'><strong>in</strong></span> <span class='ocrx_word' id='word_1_106' title='bbox 545 1139 636 1205; x_wconf 89' lang='lat' dir='ltr'><strong>oeelo</strong></span> <span class='ocrx_word' id='word_1_107' title='bbox 658 1160 757 1222; x_wconf 91' lang='lat' dir='ltr'><strong>quam</strong></span> <span class='ocrx_word' id='word_1_108' title='bbox 774 1139 810 1201; x_wconf 93' lang='lat' dir='ltr'><strong>in</strong></span> <span class='ocrx_word' id='word_1_109' title='bbox 832 1147 922 1202; x_wconf 89' lang='lat' dir='ltr'><strong>terra</strong></span> <span class='ocrx_word' id='word_1_110' title='bbox 940 1136 1038 1201; x_wconf 90' lang='lat' dir='ltr'><strong>homo</strong></span> <span class='ocrx_word' id='word_1_111' title='bbox 1059 1136 1131 1201; x_wconf 76' lang='lat' dir='ltr'><strong>fuit</strong></span> <span class='ocrx_word' id='word_1_112' title='bbox 1183 1158 1256 1203; x_wconf 89' lang='lat' dir='ltr'><strong>esse</strong></span> <span class='ocrx_word' id='word_1_113' title='bbox 1283 1136 1457 1203; x_wconf 86' lang='lat' dir='ltr'><strong>vivilioam.</strong></span> <span class='ocrx_word' id='word_1_114' title='bbox 1508 1135 1547 1203; x_wconf 84' lang='lat' dir='ltr'><strong>Si</strong></span> <span class='ocrx_word' id='word_1_115' title='bbox 1574 1136 1667 1206; x_wconf 86' lang='lat' dir='ltr'><strong>nulla</strong></span> <span class='ocrx_word' id='word_1_116' title='bbox 1694 1137 1748 1203; x_wconf 89' lang='lat' dir='ltr'><strong>hio</strong></span> <span class='ocrx_word' id='word_1_117' title='bbox 1775 1135 1993 1204; x_wconf 88' lang='lat' dir='ltr'><strong>interoederet</strong></span> <span class='ocrx_word' id='word_1_118' title='bbox 2020 1140 2162 1225; x_wconf 85' lang='lat' dir='ltr'><strong>spiritus</strong></span> 
     </span>
    </p>

    <p class='ocr_par' dir='ltr' id='par_1_10' title="bbox 158 1221 2161 1312">
     <span class='ocr_line' id='line_1_10' title="bbox 158 1221 2161 1312; baseline -0.001 -18"><span class='ocrx_word' id='word_1_119' title='bbox 158 1227 196 1295; x_wconf 80' lang='lat' dir='ltr'><strong>si</strong></span> <span class='ocrx_word' id='word_1_120' title='bbox 224 1228 297 1312; x_wconf 86' lang='lat' dir='ltr'><strong>quis</strong></span> <span class='ocrx_word' id='word_1_121' title='bbox 330 1237 441 1292; x_wconf 87' lang='lat' dir='ltr'><strong>tamen</strong></span> <span class='ocrx_word' id='word_1_122' title='bbox 470 1225 546 1292; x_wconf 91' lang='lat' dir='ltr'><strong>inde</strong></span> <span class='ocrx_word' id='word_1_123' title='bbox 576 1225 697 1291; x_wconf 83' lang='lat' dir='ltr'><strong>inferat</strong></span> <span class='ocrx_word' id='word_1_124' title='bbox 728 1243 861 1288; x_wconf 87' lang='lat' dir='ltr'><strong>earnem</strong></span> <span class='ocrx_word' id='word_1_125' title='bbox 892 1223 963 1287; x_wconf 91' lang='lat' dir='ltr'><strong>eius</strong></span> <span class='ocrx_word' id='word_1_126' title='bbox 990 1234 1070 1287; x_wconf 89' lang='lat' dir='ltr'><strong>tuno</strong></span> <span class='ocrx_word' id='word_1_127' title='bbox 1095 1221 1132 1285; x_wconf 89' lang='lat' dir='ltr'><strong>in</strong></span> <span class='ocrx_word' id='word_1_128' title='bbox 1183 1223 1337 1306; x_wconf 88' lang='lat' dir='ltr'><strong>operatio,</strong></span> <span class='ocrx_word' id='word_1_129' title='bbox 1358 1224 1476 1288; x_wconf 84' lang='lat' dir='ltr'><strong>merito</strong></span> <span class='ocrx_word' id='word_1_130' title='bbox 1499 1222 1697 1307; x_wconf 86' lang='lat' dir='ltr'><strong>gloriaretur</strong></span> <span class='ocrx_word' id='word_1_131' title='bbox 1723 1223 1940 1308; x_wconf 87' lang='lat' dir='ltr'><strong>Wastphalus</strong></span> <span class='ocrx_word' id='word_1_132' title='bbox 1967 1247 2003 1291; x_wconf 92' lang='lat' dir='ltr'><strong>se</strong></span> <span class='ocrx_word' id='word_1_133' title='bbox 2029 1226 2161 1292; x_wconf 90' lang='lat' dir='ltr'><strong>vieisse.</strong></span> 
     </span>
    </p>

    <p class='ocr_par' dir='ltr' id='par_1_11' title="bbox 157 1305 2162 1392">
     <span class='ocr_line' id='line_1_11' title="bbox 157 1305 2162 1392; baseline -0.002 -11"><span class='ocrx_word' id='word_1_134' title='bbox 157 1314 247 1381; x_wconf 88' lang='lat' dir='ltr'><strong>eoele</strong></span> <span class='ocrx_word' id='word_1_135' title='bbox 268 1314 377 1389; x_wconf 85' lang='lat' dir='ltr'><strong>fuisse,</strong></span> <span class='ocrx_word' id='word_1_136' title='bbox 399 1312 525 1377; x_wconf 89' lang='lat' dir='ltr'><strong>insulse</strong></span> <span class='ocrx_word' id='word_1_137' title='bbox 552 1309 776 1377; x_wconf 77' lang='lat' dir='ltr'><strong>ratiocinando</strong></span> <span class='ocrx_word' id='word_1_138' title='bbox 802 1309 913 1374; x_wconf 91' lang='lat' dir='ltr'><strong>omnia</strong></span> <span class='ocrx_word' id='word_1_139' title='bbox 939 1305 1130 1374; x_wconf 87' lang='lat' dir='ltr'><strong>ooufundet:</strong></span> <span class='ocrx_word' id='word_1_140' title='bbox 1182 1307 1310 1374; x_wconf 83' lang='lat' dir='ltr'><strong>Verum</strong></span> <span class='ocrx_word' id='word_1_141' title='bbox 1332 1309 1361 1373; x_wconf 93' lang='lat' dir='ltr'><strong>si</strong></span> <span class='ocrx_word' id='word_1_142' title='bbox 1382 1318 1511 1375; x_wconf 89' lang='lat' dir='ltr'><strong>oonstat</strong></span> <span class='ocrx_word' id='word_1_143' title='bbox 1532 1328 1652 1375; x_wconf 70' lang='lat' dir='ltr'><strong>meana</strong></span> <span class='ocrx_word' id='word_1_144' title='bbox 1678 1309 1814 1392; x_wconf 89' lang='lat' dir='ltr'><strong>spiritus</strong></span> <span class='ocrx_word' id='word_1_145' title='bbox 1842 1310 1988 1377; x_wconf 86' lang='lat' dir='ltr'><strong>effioaoiu</strong></span> <span class='ocrx_word' id='word_1_146' title='bbox 2014 1313 2099 1387; x_wconf 85' lang='lat' dir='ltr'><strong>lieri.</strong></span> <span class='ocrx_word' id='word_1_147' title='bbox 2123 1320 2162 1377; x_wconf 92' lang='lat' dir='ltr'><strong>ut</strong></span> 
     </span>
    </p>

    <p class='ocr_par' dir='ltr' id='par_1_12' title="bbox 158 1393 2162 1481">
     <span class='ocr_line' id='line_1_12' title="bbox 158 1393 2162 1481; baseline -0.001 -16"><span class='ocrx_word' id='word_1_148' title='bbox 158 1420 196 1465; x_wconf 89' lang='lat' dir='ltr'><strong>ao</strong></span> <span class='ocrx_word' id='word_1_149' title='bbox 217 1398 352 1464; x_wconf 91' lang='lat' dir='ltr'><strong>tandem</strong></span> <span class='ocrx_word' id='word_1_150' title='bbox 374 1419 412 1462; x_wconf 89' lang='lat' dir='ltr'><strong>eo</strong></span> <span class='ocrx_word' id='word_1_151' title='bbox 435 1398 614 1481; x_wconf 89' lang='lat' dir='ltr'><strong>perveniet,</strong></span> <span class='ocrx_word' id='word_1_152' title='bbox 637 1410 674 1460; x_wconf 88' lang='lat' dir='ltr'><strong>ut</strong></span> <span class='ocrx_word' id='word_1_153' title='bbox 691 1395 824 1462; x_wconf 89' lang='lat' dir='ltr'><strong>Christo</strong></span> <span class='ocrx_word' id='word_1_154' title='bbox 852 1393 995 1477; x_wconf 86' lang='lat' dir='ltr'><strong>eripiens</strong></span> <span class='ocrx_word' id='word_1_155' title='bbox 1024 1393 1133 1458; x_wconf 89' lang='lat' dir='ltr'><strong>oarnis</strong></span> <span class='ocrx_word' id='word_1_156' title='bbox 1183 1403 1362 1478; x_wconf 80' lang='lat' dir='ltr'><strong>poseantur</strong></span> <span class='ocrx_word' id='word_1_157' title='bbox 1383 1396 1512 1460; x_wconf 87' lang='lat' dir='ltr'><strong>animae</strong></span> <span class='ocrx_word' id='word_1_158' title='bbox 1533 1405 1664 1461; x_wconf 88' lang='lat' dir='ltr'><strong>nostrae</strong></span> <span class='ocrx_word' id='word_1_159' title='bbox 1686 1395 1813 1461; x_wconf 75' lang='lat' dir='ltr'><strong>Christi</strong></span> <span class='ocrx_word' id='word_1_160' title='bbox 1834 1416 1947 1475; x_wconf 89' lang='lat' dir='ltr'><strong>earne,</strong></span> <span class='ocrx_word' id='word_1_161' title='bbox 1975 1405 2066 1464; x_wconf 89' lang='lat' dir='ltr'><strong>oerto</strong></span> <span class='ocrx_word' id='word_1_162' title='bbox 2093 1398 2162 1463; x_wconf 90' lang='lat' dir='ltr'><strong>ool·</strong></span> 
     </span>
    </p>

    <p class='ocr_par' dir='ltr' id='par_1_13' title="bbox 156 1479 2162 1566">
     <span class='ocr_line' id='line_1_13' title="bbox 156 1479 2162 1566; baseline -0.001 -15"><span class='ocrx_word' id='word_1_163' title='bbox 156 1494 310 1551; x_wconf 90' lang='lat' dir='ltr'><strong>naturam</strong></span> <span class='ocrx_word' id='word_1_164' title='bbox 328 1484 427 1550; x_wconf 88' lang='lat' dir='ltr'><strong>simul</strong></span> <span class='ocrx_word' id='word_1_165' title='bbox 443 1505 519 1549; x_wconf 91' lang='lat' dir='ltr'><strong>eum</strong></span> <span class='ocrx_word' id='word_1_166' title='bbox 537 1482 655 1566; x_wconf 91' lang='lat' dir='ltr'><strong>spoliet</strong></span> <span class='ocrx_word' id='word_1_167' title='bbox 672 1481 887 1563; x_wconf 88' lang='lat' dir='ltr'><strong>redemptoris</strong></span> <span class='ocrx_word' id='word_1_168' title='bbox 901 1479 1015 1545; x_wconf 86' lang='lat' dir='ltr'><strong>offioio.</strong></span> <span class='ocrx_word' id='word_1_169' title='bbox 1060 1479 1132 1543; x_wconf 91' lang='lat' dir='ltr'><strong>Imo</strong></span> <span class='ocrx_word' id='word_1_170' title='bbox 1183 1479 1300 1563; x_wconf 89' lang='lat' dir='ltr'><strong>ligitur</strong></span> <span class='ocrx_word' id='word_1_171' title='bbox 1321 1501 1391 1545; x_wconf 90' lang='lat' dir='ltr'><strong>non</strong></span> <span class='ocrx_word' id='word_1_172' title='bbox 1413 1480 1478 1546; x_wconf 90' lang='lat' dir='ltr'><strong>nisi</strong></span> <span class='ocrx_word' id='word_1_173' title='bbox 1501 1479 1674 1546; x_wconf 88' lang='lat' dir='ltr'><strong>ooslestom</strong></span> <span class='ocrx_word' id='word_1_174' title='bbox 1695 1502 1766 1547; x_wconf 86' lang='lat' dir='ltr'><strong>esse</strong></span> <span class='ocrx_word' id='word_1_175' title='bbox 1788 1484 1992 1564; x_wconf 85' lang='lat' dir='ltr'><strong>praesentiae</strong></span> <span class='ocrx_word' id='word_1_176' title='bbox 2014 1481 2162 1562; x_wconf 89' lang='lat' dir='ltr'><strong>modurn,</strong></span> 
     </span>
    </p>

    <p class='ocr_par' dir='ltr' id='par_1_14' title="bbox 158 1564 2162 1654">
     <span class='ocr_line' id='line_1_14' title="bbox 158 1564 2162 1654; baseline 0 -17"><span class='ocrx_word' id='word_1_177' title='bbox 158 1573 187 1638; x_wconf 92' lang='lat' dir='ltr'><strong>si</strong></span> <span class='ocrx_word' id='word_1_178' title='bbox 209 1573 256 1636; x_wconf 87' lang='lat' dir='ltr'><strong>ita</strong></span> <span class='ocrx_word' id='word_1_179' title='bbox 276 1591 352 1636; x_wconf 90' lang='lat' dir='ltr'><strong>earo</strong></span> <span class='ocrx_word' id='word_1_180' title='bbox 374 1569 498 1635; x_wconf 91' lang='lat' dir='ltr'><strong>Christi</strong></span> <span class='ocrx_word' id='word_1_181' title='bbox 520 1568 634 1634; x_wconf 87' lang='lat' dir='ltr'><strong>deitati</strong></span> <span class='ocrx_word' id='word_1_182' title='bbox 652 1568 825 1633; x_wconf 89' lang='lat' dir='ltr'><strong>eoniunota</strong></span> <span class='ocrx_word' id='word_1_183' title='bbox 846 1576 906 1645; x_wconf 90' lang='lat' dir='ltr'><strong>est,</strong></span> <span class='ocrx_word' id='word_1_184' title='bbox 925 1573 964 1630; x_wconf 89' lang='lat' dir='ltr'><strong>ut</strong></span> <span class='ocrx_word' id='word_1_185' title='bbox 981 1564 1072 1629; x_wconf 91' lang='lat' dir='ltr'><strong>nulla</strong></span> <span class='ocrx_word' id='word_1_186' title='bbox 1089 1565 1134 1631; x_wconf 93' lang='lat' dir='ltr'><strong>sit</strong></span> <span class='ocrx_word' id='word_1_187' title='bbox 1183 1577 1222 1631; x_wconf 92' lang='lat' dir='ltr'><strong>nt</strong></span> <span class='ocrx_word' id='word_1_188' title='bbox 1243 1567 1378 1631; x_wconf 90' lang='lat' dir='ltr'><strong>minime</strong></span> <span class='ocrx_word' id='word_1_189' title='bbox 1399 1565 1441 1631; x_wconf 89' lang='lat' dir='ltr'><strong>ad</strong></span> <span class='ocrx_word' id='word_1_190' title='bbox 1462 1587 1523 1632; x_wconf 90' lang='lat' dir='ltr'><strong>nos</strong></span> <span class='ocrx_word' id='word_1_191' title='bbox 1544 1587 1620 1631; x_wconf 87' lang='lat' dir='ltr'><strong>earo</strong></span> <span class='ocrx_word' id='word_1_192' title='bbox 1641 1567 1713 1649; x_wconf 91' lang='lat' dir='ltr'><strong>ipsa</strong></span> <span class='ocrx_word' id='word_1_193' title='bbox 1740 1566 1923 1634; x_wconf 86' lang='lat' dir='ltr'><strong>deseendat</strong></span> <span class='ocrx_word' id='word_1_194' title='bbox 1967 1572 2079 1654; x_wconf 80' lang='lat' dir='ltr'><strong>Atque</strong></span> <span class='ocrx_word' id='word_1_195' title='bbox 2108 1569 2162 1636; x_wconf 85' lang='lat' dir='ltr'><strong>his</strong></span> 
     </span>
    </p>

    <p class='ocr_par' dir='ltr' id='par_1_15' title="bbox 156 1651 2161 1740">
     <span class='ocr_line' id='line_1_15' title="bbox 156 1651 2161 1740; baseline -0.001 -18"><span class='ocrx_word' id='word_1_196' title='bbox 156 1658 245 1724; x_wconf 89' lang='lat' dir='ltr'><strong>iuter</strong></span> <span class='ocrx_word' id='word_1_197' title='bbox 261 1656 399 1722; x_wconf 87' lang='lat' dir='ltr'><strong>alterius</strong></span> <span class='ocrx_word' id='word_1_198' title='bbox 420 1655 676 1721; x_wconf 86' lang='lat' dir='ltr'><strong>immensitatem</strong></span> <span class='ocrx_word' id='word_1_199' title='bbox 697 1660 732 1717; x_wconf 93' lang='lat' dir='ltr'><strong>et</strong></span> <span class='ocrx_word' id='word_1_200' title='bbox 753 1653 884 1717; x_wconf 89' lang='lat' dir='ltr'><strong>finitum</strong></span> <span class='ocrx_word' id='word_1_201' title='bbox 906 1651 1041 1717; x_wconf 84' lang='lat' dir='ltr'><strong>alterius</strong></span> <span class='ocrx_word' id='word_1_202' title='bbox 1062 1671 1132 1715; x_wconf 91' lang='lat' dir='ltr'><strong>mo·</strong></span> <span class='ocrx_word' id='word_1_203' title='bbox 1183 1654 1298 1735; x_wconf 90' lang='lat' dir='ltr'><strong>pauois</strong></span> <span class='ocrx_word' id='word_1_204' title='bbox 1319 1653 1398 1718; x_wconf 88' lang='lat' dir='ltr'><strong>satis</strong></span> <span class='ocrx_word' id='word_1_205' title='bbox 1426 1652 1554 1718; x_wconf 68' lang='lat' dir='ltr'><strong>deuota</strong></span> <span class='ocrx_word' id='word_1_206' title='bbox 1581 1664 1632 1718; x_wconf 89' lang='lat' dir='ltr'><strong>est</strong></span> <span class='ocrx_word' id='word_1_207' title='bbox 1655 1652 1843 1736; x_wconf 80' lang='lat' dir='ltr'><strong>westphali</strong></span> <span class='ocrx_word' id='word_1_208' title='bbox 1869 1654 1989 1738; x_wconf 88' lang='lat' dir='ltr'><strong>inopia,</strong></span> <span class='ocrx_word' id='word_1_209' title='bbox 2016 1677 2059 1722; x_wconf 90' lang='lat' dir='ltr'><strong>ne</strong></span> <span class='ocrx_word' id='word_1_210' title='bbox 2091 1655 2161 1740; x_wconf 82' lang='lat' dir='ltr'><strong>syl-</strong></span> 
     </span>
    </p>

    <p class='ocr_par' dir='ltr' id='par_1_16' title="bbox 157 1736 2162 1824">
     <span class='ocr_line' id='line_1_16' title="bbox 157 1736 2162 1824; baseline 0 -17"><span class='ocrx_word' id='word_1_211' title='bbox 157 1742 240 1808; x_wconf 90' lang='lat' dir='ltr'><strong>dum</strong></span> <span class='ocrx_word' id='word_1_212' title='bbox 261 1741 434 1818; x_wconf 88' lang='lat' dir='ltr'><strong>distinotio,</strong></span> <span class='ocrx_word' id='word_1_213' title='bbox 456 1761 616 1824; x_wconf 87' lang='lat' dir='ltr'><strong>quorsum·</strong></span> <span class='ocrx_word' id='word_1_214' title='bbox 635 1738 803 1805; x_wconf 91' lang='lat' dir='ltr'><strong>oontendit</strong></span> <span class='ocrx_word' id='word_1_215' title='bbox 822 1736 1039 1820; x_wconf 89' lang='lat' dir='ltr'><strong>Westphalus</strong></span> <span class='ocrx_word' id='word_1_216' title='bbox 1058 1741 1132 1815; x_wconf 81' lang='lat' dir='ltr'><strong>[pag.</strong></span> <span class='ocrx_word' id='word_1_217' title='bbox 1184 1737 1293 1803; x_wconf 89' lang='lat' dir='ltr'><strong>labam</strong></span> <span class='ocrx_word' id='word_1_218' title='bbox 1324 1759 1385 1821; x_wconf 90' lang='lat' dir='ltr'><strong>pro</strong></span> <span class='ocrx_word' id='word_1_219' title='bbox 1412 1759 1471 1804; x_wconf 88' lang='lat' dir='ltr'><strong>suo</strong></span> <span class='ocrx_word' id='word_1_220' title='bbox 1495 1759 1606 1803; x_wconf 90' lang='lat' dir='ltr'><strong>errore</strong></span> <span class='ocrx_word' id='word_1_221' title='bbox 1640 1761 1682 1803; x_wconf 88' lang='lat' dir='ltr'><strong>ex</strong></span> <span class='ocrx_word' id='word_1_222' title='bbox 1716 1747 1786 1804; x_wconf 90' lang='lat' dir='ltr'><strong>tota</strong></span> <span class='ocrx_word' id='word_1_223' title='bbox 1817 1740 1981 1822; x_wconf 89' lang='lat' dir='ltr'><strong>seriptura</strong></span> <span class='ocrx_word' id='word_1_224' title='bbox 2013 1741 2162 1824; x_wconf 82' lang='lat' dir='ltr'><strong>proferre</strong></span> 
     </span>
    </p>

    <p class='ocr_par' dir='ltr' id='par_1_17' title="bbox 159 1822 2162 1911">
     <span class='ocr_line' id='line_1_17' title="bbox 159 1822 2162 1911; baseline -0 -18"><span class='ocrx_word' id='word_1_225' title='bbox 159 1834 212 1906; x_wconf 75' lang='lat'><strong>90]</strong></span> <span class='ocrx_word' id='word_1_226' title='bbox 241 1828 337 1893; x_wconf 88' lang='lat' dir='ltr'><strong>aliter</strong></span> <span class='ocrx_word' id='word_1_227' title='bbox 366 1839 572 1911; x_wconf 85' lang='lat' dir='ltr'><strong>praesentem</strong></span> <span class='ocrx_word' id='word_1_228' title='bbox 600 1846 673 1892; x_wconf 89' lang='lat' dir='ltr'><strong>esse</strong></span> <span class='ocrx_word' id='word_1_229' title='bbox 700 1824 872 1891; x_wconf 87' lang='lat' dir='ltr'><strong>Christum</strong></span> <span class='ocrx_word' id='word_1_230' title='bbox 899 1823 1007 1908; x_wconf 89' lang='lat' dir='ltr'><strong>gratia</strong></span> <span class='ocrx_word' id='word_1_231' title='bbox 1033 1842 1132 1905; x_wconf 90' lang='lat' dir='ltr'><strong>quarn</strong></span> <span class='ocrx_word' id='word_1_232' title='bbox 1185 1837 1291 1906; x_wconf 89' lang='lat' dir='ltr'><strong>queat</strong></span> <span class='ocrx_word' id='word_1_233' title='bbox 1336 1822 1425 1905; x_wconf 79' lang='lat' dir='ltr'><strong>Quid</strong></span> <span class='ocrx_word' id='word_1_234' title='bbox 1447 1823 1534 1907; x_wconf 90' lang='lat' dir='ltr'><strong>qnod</strong></span> <span class='ocrx_word' id='word_1_235' title='bbox 1554 1824 1727 1891; x_wconf 88' lang='lat' dir='ltr'><strong>antithesis</strong></span> <span class='ocrx_word' id='word_1_236' title='bbox 1748 1824 1853 1891; x_wconf 89' lang='lat' dir='ltr'><strong>Verbi</strong></span> <span class='ocrx_word' id='word_1_237' title='bbox 1875 1836 1908 1891; x_wconf 88' lang='lat' dir='ltr'><strong>et</strong></span> <span class='ocrx_word' id='word_1_238' title='bbox 1929 1827 2049 1894; x_wconf 88' lang='lat' dir='ltr'><strong>Carnis</strong></span> <span class='ocrx_word' id='word_1_239' title='bbox 2070 1826 2162 1911; x_wconf 90' lang='lat' dir='ltr'><strong>apud</strong></span> 
     </span>
    </p>

    <p class='ocr_par' dir='ltr' id='par_1_18' title="bbox 158 1909 2162 2012">
     <span class='ocr_line' id='line_1_18' title="bbox 158 1909 2162 2012; baseline -0 -33"><span class='ocrx_word' id='word_1_240' title='bbox 158 1912 302 1979; x_wconf 78' lang='lat' dir='ltr'><strong>deitate?</strong></span> <span class='ocrx_word' id='word_1_241' title='bbox 321 1912 390 1979; x_wconf 92' lang='lat' dir='ltr'><strong>looo</strong></span> <span class='ocrx_word' id='word_1_242' title='bbox 412 1912 499 1978; x_wconf 92' lang='lat' dir='ltr'><strong>enim</strong></span> <span class='ocrx_word' id='word_1_243' title='bbox 521 1912 549 1978; x_wconf 90' lang='lat' dir='ltr'><strong>si</strong></span> <span class='ocrx_word' id='word_1_244' title='bbox 571 1931 705 1978; x_wconf 87' lang='lat' dir='ltr'><strong>earnem</strong></span> <span class='ocrx_word' id='word_1_245' title='bbox 726 1910 766 1975; x_wconf 91' lang='lat' dir='ltr'><strong>ab</strong></span> <span class='ocrx_word' id='word_1_246' title='bbox 791 1909 1018 2004; x_wconf 80' lang='lat' dir='ltr'><strong>essentiaDei</strong></span> <span class='ocrx_word' id='word_1_247' title='bbox 1039 1929 1133 1990; x_wconf 86' lang='lat' dir='ltr'><strong>sepa·</strong></span> <span class='ocrx_word' id='word_1_248' title='bbox 1186 1910 1411 2009; x_wconf 78' lang='lat' dir='ltr'><strong>Augustinum</strong></span> <span class='ocrx_word' id='word_1_249' title='bbox 1437 1911 1494 1977; x_wconf 90' lang='lat' dir='ltr'><strong>ubi</strong></span> <span class='ocrx_word' id='word_1_250' title='bbox 1520 1910 1561 1976; x_wconf 89' lang='lat' dir='ltr'><strong>de</strong></span> <span class='ocrx_word' id='word_1_251' title='bbox 1588 1910 1736 1976; x_wconf 83' lang='lat' dir='ltr'><strong>absentia</strong></span> <span class='ocrx_word' id='word_1_252' title='bbox 1763 1923 1797 2012; x_wconf 74' lang='lat' dir='ltr'><strong>et</strong></span> <span class='ocrx_word' id='word_1_253' title='bbox 1820 1914 2006 1994; x_wconf 89' lang='lat' dir='ltr'><strong>praesentia</strong></span> <span class='ocrx_word' id='word_1_254' title='bbox 2032 1913 2162 1980; x_wconf 84' lang='lat' dir='ltr'><strong>Christi</strong></span> 
     </span>
    </p>

    <p class='ocr_par' dir='ltr' id='par_1_19' title="bbox 157 1996 2162 2170">
     <span class='ocr_line' id='line_1_19' title="bbox 157 1996 2162 2170; baseline -0.004 -19"><span class='ocrx_word' id='word_1_255' title='bbox 157 2000 302 2151; x_wconf 66' lang='lat' dir='ltr'><strong>att</strong></span> <span class='ocrx_word' id='word_1_256' title='bbox 313 1997 844 2168; x_wconf 59' lang='lat' dir='ltr'><strong>„tttttttmtltttfftttt</strong></span> <span class='ocrx_word' id='word_1_257' title='bbox 860 1996 1133 2147; x_wconf 52' lang='lat' dir='ltr'><strong>tutaturi:</strong></span> <span class='ocrx_word' id='word_1_258' title='bbox 1185 1996 1793 2150; x_wconf 57' lang='lat' dir='ltr'><strong>Allitddisslbiabi‘ldii</strong></span> <span class='ocrx_word' id='word_1_259' title='bbox 1819 2018 1971 2166; x_wconf 59' lang='lat' dir='ltr'><strong>tut]</strong></span> <span class='ocrx_word' id='word_1_260' title='bbox 1989 1998 2162 2170; x_wconf 63' lang='lat' dir='ltr'><strong>⁰2:3¹?th</strong></span> 
     </span>
    </p>

    <p class='ocr_par' dir='ltr' id='par_1_20' title="bbox 157 2166 2161 2255">
     <span class='ocr_line' id='line_1_20' title="bbox 157 2166 2161 2255; baseline 0 -17"><span class='ocrx_word' id='word_1_261' title='bbox 157 2171 289 2238; x_wconf 89' lang='lat' dir='ltr'><strong>valebit.</strong></span> <span class='ocrx_word' id='word_1_262' title='bbox 333 2168 431 2251; x_wconf 78' lang='lat' dir='ltr'><strong>Quod</strong></span> <span class='ocrx_word' id='word_1_263' title='bbox 453 2170 482 2236; x_wconf 93' lang='lat' dir='ltr'><strong>si</strong></span> <span class='ocrx_word' id='word_1_264' title='bbox 494 2168 693 2247; x_wconf 87' lang='lat' dir='ltr'><strong>oenoeditur,</strong></span> <span class='ocrx_word' id='word_1_265' title='bbox 712 2188 748 2232; x_wconf 90' lang='lat' dir='ltr'><strong>os</strong></span> <span class='ocrx_word' id='word_1_266' title='bbox 769 2167 880 2250; x_wconf 90' lang='lat' dir='ltr'><strong>impiis</strong></span> <span class='ocrx_word' id='word_1_267' title='bbox 899 2176 1049 2249; x_wconf 90' lang='lat' dir='ltr'><strong>apertum</strong></span> <span class='ocrx_word' id='word_1_268' title='bbox 1060 2166 1132 2243; x_wconf 89' lang='lat' dir='ltr'><strong>erit,</strong></span> <span class='ocrx_word' id='word_1_269' title='bbox 1186 2189 1249 2233; x_wconf 91' lang='lat' dir='ltr'><strong>nus</strong></span> <span class='ocrx_word' id='word_1_270' title='bbox 1271 2168 1350 2234; x_wconf 84' lang='lat' dir='ltr'><strong>ausi</strong></span> <span class='ocrx_word' id='word_1_271' title='bbox 1372 2189 1481 2234; x_wconf 87' lang='lat' dir='ltr'><strong>ooram</strong></span> <span class='ocrx_word' id='word_1_272' title='bbox 1493 2167 1726 2252; x_wconf 87' lang='lat' dir='ltr'><strong>adesset:qnia</strong></span> <span class='ocrx_word' id='word_1_273' title='bbox 1735 2168 1812 2235; x_wconf 89' lang='lat' dir='ltr'><strong>lieet</strong></span> <span class='ocrx_word' id='word_1_274' title='bbox 1822 2171 1933 2235; x_wconf 90' lang='lat' dir='ltr'><strong>unoin</strong></span> <span class='ocrx_word' id='word_1_275' title='bbox 1950 2170 2020 2236; x_wconf 93' lang='lat' dir='ltr'><strong>loeo</strong></span> <span class='ocrx_word' id='word_1_276' title='bbox 2040 2192 2161 2255; x_wconf 89' lang='lat' dir='ltr'><strong>eorpus</strong></span> 
     </span>
    </p>

    <p class='ocr_par' dir='ltr' id='par_1_21' title="bbox 157 2249 2161 2339">
     <span class='ocr_line' id='line_1_21' title="bbox 157 2249 2161 2339; baseline 0 -16"><span class='ocrx_word' id='word_1_277' title='bbox 157 2268 198 2323; x_wconf 92' lang='lat' dir='ltr'><strong>nt</strong></span> <span class='ocrx_word' id='word_1_278' title='bbox 218 2257 391 2323; x_wconf 88' lang='lat' dir='ltr'><strong>Christum</strong></span> <span class='ocrx_word' id='word_1_279' title='bbox 413 2256 514 2321; x_wconf 90' lang='lat' dir='ltr'><strong>libere</strong></span> <span class='ocrx_word' id='word_1_280' title='bbox 534 2257 660 2322; x_wconf 90' lang='lat' dir='ltr'><strong>iaotent</strong></span> <span class='ocrx_word' id='word_1_281' title='bbox 680 2272 741 2318; x_wconf 91' lang='lat' dir='ltr'><strong>sua</strong></span> <span class='ocrx_word' id='word_1_282' title='bbox 761 2252 797 2318; x_wconf 93' lang='lat' dir='ltr'><strong>in</strong></span> <span class='ocrx_word' id='word_1_283' title='bbox 819 2253 916 2319; x_wconf 86' lang='lat' dir='ltr'><strong>terris</strong></span> <span class='ocrx_word' id='word_1_284' title='bbox 933 2249 1134 2318; x_wconf 84' lang='lat' dir='ltr'><strong>habitatione</strong></span> <span class='ocrx_word' id='word_1_285' title='bbox 1185 2253 1256 2318; x_wconf 89' lang='lat' dir='ltr'><strong>eius</strong></span> <span class='ocrx_word' id='word_1_286' title='bbox 1278 2275 1349 2320; x_wconf 90' lang='lat' dir='ltr'><strong>esse</strong></span> <span class='ocrx_word' id='word_1_287' title='bbox 1376 2261 1533 2337; x_wconf 84' lang='lat' dir='ltr'><strong>oporteat,</strong></span> <span class='ocrx_word' id='word_1_288' title='bbox 1563 2253 1685 2320; x_wconf 87' lang='lat' dir='ltr'><strong>veritas</strong></span> <span class='ocrx_word' id='word_1_289' title='bbox 1706 2256 1777 2321; x_wconf 87' lang='lat' dir='ltr'><strong>eius</strong></span> <span class='ocrx_word' id='word_1_290' title='bbox 1803 2254 1924 2339; x_wconf 89' lang='lat' dir='ltr'><strong>ubique</strong></span> <span class='ocrx_word' id='word_1_291' title='bbox 1951 2256 2072 2322; x_wconf 86' lang='lat' dir='ltr'><strong>diffusa</strong></span> <span class='ocrx_word' id='word_1_292' title='bbox 2099 2267 2161 2325; x_wconf 86' lang='lat' dir='ltr'><strong>est</strong></span> 
     </span>
    </p>

    <p class='ocr_par' dir='ltr' id='par_1_22' title="bbox 158 2338 2161 2427">
     <span class='ocr_line' id='line_1_22' title="bbox 158 2338 2161 2427; baseline 0.001 -19"><span class='ocrx_word' id='word_1_293' title='bbox 158 2364 283 2427; x_wconf 87' lang='lat' dir='ltr'><strong>suoque</strong></span> <span class='ocrx_word' id='word_1_294' title='bbox 310 2341 447 2426; x_wconf 89' lang='lat' dir='ltr'><strong>perinde</strong></span> <span class='ocrx_word' id='word_1_295' title='bbox 475 2343 510 2406; x_wconf 94' lang='lat' dir='ltr'><strong>in</strong></span> <span class='ocrx_word' id='word_1_296' title='bbox 537 2341 666 2406; x_wconf 88' lang='lat' dir='ltr'><strong>eoelum</strong></span> <span class='ocrx_word' id='word_1_297' title='bbox 694 2358 831 2404; x_wconf 86' lang='lat' dir='ltr'><strong>asoensu</strong></span> <span class='ocrx_word' id='word_1_298' title='bbox 859 2359 967 2404; x_wconf 90' lang='lat' dir='ltr'><strong>meras</strong></span> <span class='ocrx_word' id='word_1_299' title='bbox 993 2338 1134 2421; x_wconf 86' lang='lat' dir='ltr'><strong>praesti·</strong></span> <span class='ocrx_word' id='word_1_300' title='bbox 1187 2340 1286 2407; x_wconf 84' lang='lat' dir='ltr'><strong>Certe</strong></span> <span class='ocrx_word' id='word_1_301' title='bbox 1307 2341 1335 2405; x_wconf 92' lang='lat' dir='ltr'><strong>si</strong></span> <span class='ocrx_word' id='word_1_302' title='bbox 1355 2339 1512 2406; x_wconf 79' lang='lat' dir='ltr'><strong>invisibili</strong></span> <span class='ocrx_word' id='word_1_303' title='bbox 1533 2339 1629 2405; x_wconf 90' lang='lat' dir='ltr'><strong>modo</strong></span> <span class='ocrx_word' id='word_1_304' title='bbox 1651 2342 1867 2423; x_wconf 86' lang='lat' dir='ltr'><strong>perverbum</strong></span> <span class='ocrx_word' id='word_1_305' title='bbox 1888 2363 1984 2407; x_wconf 88' lang='lat' dir='ltr'><strong>sunm</strong></span> <span class='ocrx_word' id='word_1_306' title='bbox 2007 2364 2108 2409; x_wconf 90' lang='lat' dir='ltr'><strong>oarne</strong></span> <span class='ocrx_word' id='word_1_307' title='bbox 2125 2367 2161 2410; x_wconf 91' lang='lat' dir='ltr'><strong>se</strong></span> 
     </span>
    </p>

    <p class='ocr_par' dir='ltr' id='par_1_23' title="bbox 157 2422 2162 2514">
     <span class='ocr_line' id='line_1_23' title="bbox 157 2422 2162 2514; baseline 0.001 -20"><span class='ocrx_word' id='word_1_308' title='bbox 157 2430 229 2514; x_wconf 87' lang='lat' dir='ltr'><strong>glas</strong></span> <span class='ocrx_word' id='word_1_309' title='bbox 245 2429 271 2511; x_wconf 85' lang='lat'><strong>¹)</strong></span> <span class='ocrx_word' id='word_1_310' title='bbox 294 2429 410 2512; x_wconf 71' lang='lat' dir='ltr'><strong>egisse„</strong></span> <span class='ocrx_word' id='word_1_311' title='bbox 455 2428 510 2493; x_wconf 84' lang='lat' dir='ltr'><strong>En</strong></span> <span class='ocrx_word' id='word_1_312' title='bbox 530 2426 609 2510; x_wconf 92' lang='lat' dir='ltr'><strong>quid</strong></span> <span class='ocrx_word' id='word_1_313' title='bbox 630 2425 863 2508; x_wconf 81' lang='lat' dir='ltr'><strong>sitpraefraote</strong></span> <span class='ocrx_word' id='word_1_314' title='bbox 882 2422 1036 2508; x_wconf 88' lang='lat' dir='ltr'><strong>nullaque</strong></span> <span class='ocrx_word' id='word_1_315' title='bbox 1057 2444 1134 2489; x_wconf 90' lang='lat' dir='ltr'><strong>eon·</strong></span> <span class='ocrx_word' id='word_1_316' title='bbox 1185 2434 1391 2509; x_wconf 88' lang='lat' dir='ltr'><strong>praesentem</strong></span> <span class='ocrx_word' id='word_1_317' title='bbox 1412 2425 1582 2493; x_wconf 89' lang='lat' dir='ltr'><strong>exhiberet</strong></span> <span class='ocrx_word' id='word_1_318' title='bbox 1602 2425 1775 2505; x_wconf 89' lang='lat' dir='ltr'><strong>Dominus,</strong></span> <span class='ocrx_word' id='word_1_319' title='bbox 1797 2447 1969 2510; x_wconf 90' lang='lat' dir='ltr'><strong>perperam</strong></span> <span class='ocrx_word' id='word_1_320' title='bbox 1990 2428 2162 2496; x_wconf 84' lang='lat' dir='ltr'><strong>absentem</strong></span> 
     </span>
    </p>

    <p class='ocr_par' dir='ltr' id='par_1_24' title="bbox 157 2510 2161 2597">
     <span class='ocr_line' id='line_1_24' title="bbox 157 2510 2161 2597; baseline 0.001 -17"><span class='ocrx_word' id='word_1_321' title='bbox 157 2514 296 2580; x_wconf 83' lang='lat' dir='ltr'><strong>seientia</strong></span> <span class='ocrx_word' id='word_1_322' title='bbox 317 2513 439 2580; x_wconf 84' lang='lat' dir='ltr'><strong>molam</strong></span> <span class='ocrx_word' id='word_1_323' title='bbox 461 2533 593 2579; x_wconf 72' lang='lat' dir='ltr'><strong>eanmm</strong></span> <span class='ocrx_word' id='word_1_324' title='bbox 616 2513 710 2577; x_wconf 90' lang='lat' dir='ltr'><strong>tueri.</strong></span> <span class='ocrx_word' id='word_1_325' title='bbox 754 2510 859 2576; x_wconf 90' lang='lat' dir='ltr'><strong>Paulo</strong></span> <span class='ocrx_word' id='word_1_326' title='bbox 881 2520 954 2593; x_wconf 91' lang='lat' dir='ltr'><strong>post</strong></span> <span class='ocrx_word' id='word_1_327' title='bbox 974 2530 1060 2575; x_wconf 90' lang='lat' dir='ltr'><strong>novo</strong></span> <span class='ocrx_word' id='word_1_328' title='bbox 1080 2530 1134 2575; x_wconf 92' lang='lat' dir='ltr'><strong>oo·</strong></span> <span class='ocrx_word' id='word_1_329' title='bbox 1185 2533 1284 2577; x_wconf 85' lang='lat' dir='ltr'><strong>earne</strong></span> <span class='ocrx_word' id='word_1_330' title='bbox 1307 2511 1430 2577; x_wconf 86' lang='lat' dir='ltr'><strong>dioeret</strong></span> <span class='ocrx_word' id='word_1_331' title='bbox 1449 2511 1669 2597; x_wconf 87' lang='lat' dir='ltr'><strong>Augustinus,</strong></span> <span class='ocrx_word' id='word_1_332' title='bbox 1681 2512 1737 2595; x_wconf 90' lang='lat' dir='ltr'><strong>qui</strong></span> <span class='ocrx_word' id='word_1_333' title='bbox 1747 2513 1919 2579; x_wconf 89' lang='lat' dir='ltr'><strong>nobiseum</strong></span> <span class='ocrx_word' id='word_1_334' title='bbox 1930 2522 1981 2580; x_wconf 89' lang='lat' dir='ltr'><strong>est</strong></span> <span class='ocrx_word' id='word_1_335' title='bbox 2002 2516 2037 2579; x_wconf 88' lang='lat' dir='ltr'><strong>iu</strong></span> <span class='ocrx_word' id='word_1_336' title='bbox 2060 2517 2161 2582; x_wconf 89' lang='lat' dir='ltr'><strong>verbo</strong></span> 
     </span>
    </p>

    <p class='ocr_par' dir='ltr' id='par_1_25' title="bbox 157 2593 2160 2683">
     <span class='ocr_line' id='line_1_25' title="bbox 157 2593 2160 2683; baseline 0.002 -19"><span class='ocrx_word' id='word_1_337' title='bbox 157 2599 229 2664; x_wconf 88' lang='lat' dir='ltr'><strong>lore</strong></span> <span class='ocrx_word' id='word_1_338' title='bbox 249 2598 376 2665; x_wconf 89' lang='lat' dir='ltr'><strong>indnoit</strong></span> <span class='ocrx_word' id='word_1_339' title='bbox 397 2597 555 2683; x_wconf 86' lang='lat' dir='ltr'><strong>quidquid</strong></span> <span class='ocrx_word' id='word_1_340' title='bbox 576 2608 675 2663; x_wconf 88' lang='lat' dir='ltr'><strong>antea</strong></span> <span class='ocrx_word' id='word_1_341' title='bbox 696 2595 834 2673; x_wconf 83' lang='lat' dir='ltr'><strong>dixerat,</strong></span> <span class='ocrx_word' id='word_1_342' title='bbox 867 2615 986 2678; x_wconf 87' lang='lat' dir='ltr'><strong>eorpus</strong></span> <span class='ocrx_word' id='word_1_343' title='bbox 1008 2593 1135 2662; x_wconf 88' lang='lat' dir='ltr'><strong>Christi</strong></span> <span class='ocrx_word' id='word_1_344' title='bbox 1186 2616 1259 2662; x_wconf 93' lang='lat' dir='ltr'><strong>suo:</strong></span> <span class='ocrx_word' id='word_1_345' title='bbox 1282 2619 1320 2664; x_wconf 86' lang='lat' dir='ltr'><strong>aa</strong></span> <span class='ocrx_word' id='word_1_346' title='bbox 1341 2618 1513 2681; x_wconf 86' lang='lat' dir='ltr'><strong>perperam</strong></span> <span class='ocrx_word' id='word_1_347' title='bbox 1535 2598 1572 2663; x_wconf 89' lang='lat' dir='ltr'><strong>in</strong></span> <span class='ocrx_word' id='word_1_348' title='bbox 1603 2597 1771 2664; x_wconf 87' lang='lat' dir='ltr'><strong>absentiae</strong></span> <span class='ocrx_word' id='word_1_349' title='bbox 1798 2607 1833 2664; x_wconf 91' lang='lat' dir='ltr'><strong>et</strong></span> <span class='ocrx_word' id='word_1_350' title='bbox 1857 2601 2063 2683; x_wconf 83' lang='lat' dir='ltr'><strong>praesentiae</strong></span> <span class='ocrx_word' id='word_1_351' title='bbox 2093 2601 2160 2668; x_wconf 70' lang='lat' dir='ltr'><strong>dis</strong></span> 
     </span>
    </p>

    <p class='ocr_par' dir='ltr' id='par_1_26' title="bbox 158 2679 2163 2769">
     <span class='ocr_line' id='line_1_26' title="bbox 158 2679 2163 2769; baseline -0 -17"><span class='ocrx_word' id='word_1_352' title='bbox 158 2684 281 2752; x_wconf 91' lang='lat' dir='ltr'><strong>visibili</strong></span> <span class='ocrx_word' id='word_1_353' title='bbox 302 2686 409 2750; x_wconf 82' lang='lat' dir='ltr'><strong>forma</strong></span> <span class='ocrx_word' id='word_1_354' title='bbox 434 2686 470 2751; x_wconf 90' lang='lat' dir='ltr'><strong>in</strong></span> <span class='ocrx_word' id='word_1_355' title='bbox 498 2682 588 2751; x_wconf 82' lang='lat' dir='ltr'><strong>ooelo</strong></span> <span class='ocrx_word' id='word_1_356' title='bbox 606 2684 739 2748; x_wconf 87' lang='lat' dir='ltr'><strong>finitum</strong></span> <span class='ocrx_word' id='word_1_357' title='bbox 768 2702 839 2747; x_wconf 88' lang='lat' dir='ltr'><strong>esse</strong></span> <span class='ocrx_word' id='word_1_358' title='bbox 866 2681 988 2759; x_wconf 91' lang='lat' dir='ltr'><strong>dioens,</strong></span> <span class='ocrx_word' id='word_1_359' title='bbox 1018 2679 1134 2747; x_wconf 88' lang='lat' dir='ltr'><strong>invisi·</strong></span> <span class='ocrx_word' id='word_1_360' title='bbox 1186 2683 1324 2748; x_wconf 90' lang='lat' dir='ltr'><strong>orimine</strong></span> <span class='ocrx_word' id='word_1_361' title='bbox 1352 2703 1470 2766; x_wconf 89' lang='lat' dir='ltr'><strong>eorpus</strong></span> <span class='ocrx_word' id='word_1_362' title='bbox 1496 2683 1598 2748; x_wconf 88' lang='lat' dir='ltr'><strong>verbo</strong></span> <span class='ocrx_word' id='word_1_363' title='bbox 1621 2694 1811 2768; x_wconf 90' lang='lat' dir='ltr'><strong>opponeret.</strong></span> <span class='ocrx_word' id='word_1_364' title='bbox 1860 2684 2081 2769; x_wconf 82' lang='lat' dir='ltr'><strong>Quasounque</strong></span> <span class='ocrx_word' id='word_1_365' title='bbox 2102 2708 2163 2752; x_wconf 90' lang='lat' dir='ltr'><strong>ne-</strong></span> 
     </span>
    </p>

    <p class='ocr_par' dir='ltr' id='par_1_27' title="bbox 158 2765 2163 2856">
     <span class='ocr_line' id='line_1_27' title="bbox 158 2765 2163 2856; baseline 0.001 -19"><span class='ocrx_word' id='word_1_366' title='bbox 158 2770 269 2837; x_wconf 88' lang='lat' dir='ltr'><strong>bilitor</strong></span> <span class='ocrx_word' id='word_1_367' title='bbox 289 2770 350 2836; x_wconf 91' lang='lat' dir='ltr'><strong>snb</strong></span> <span class='ocrx_word' id='word_1_368' title='bbox 372 2791 458 2854; x_wconf 89' lang='lat' dir='ltr'><strong>pane</strong></span> <span class='ocrx_word' id='word_1_369' title='bbox 483 2769 595 2835; x_wconf 86' lang='lat' dir='ltr'><strong>latere.</strong></span> <span class='ocrx_word' id='word_1_370' title='bbox 641 2772 749 2852; x_wconf 88' lang='lat' dir='ltr'><strong>Atque</strong></span> <span class='ocrx_word' id='word_1_371' title='bbox 775 2768 824 2833; x_wconf 85' lang='lat' dir='ltr'><strong>ita</strong></span> <span class='ocrx_word' id='word_1_372' title='bbox 848 2765 967 2833; x_wconf 91' lang='lat' dir='ltr'><strong>debere</strong></span> <span class='ocrx_word' id='word_1_373' title='bbox 987 2765 1135 2851; x_wconf 44' lang='lat' dir='ltr'><strong>,intelligi</strong></span> <span class='ocrx_word' id='word_1_374' title='bbox 1186 2769 1281 2844; x_wconf 87' lang='lat' dir='ltr'><strong>bulas</strong></span> <span class='ocrx_word' id='word_1_375' title='bbox 1307 2768 1448 2835; x_wconf 84' lang='lat' dir='ltr'><strong>ebduoat</strong></span> <span class='ocrx_word' id='word_1_376' title='bbox 1475 2768 1706 2853; x_wconf 87' lang='lat' dir='ltr'><strong>Westphalus,</strong></span> <span class='ocrx_word' id='word_1_377' title='bbox 1731 2772 1838 2856; x_wconf 87' lang='lat' dir='ltr'><strong>magis</strong></span> <span class='ocrx_word' id='word_1_378' title='bbox 1861 2772 1924 2838; x_wconf 91' lang='lat' dir='ltr'><strong>hoo</strong></span> <span class='ocrx_word' id='word_1_379' title='bbox 1951 2774 2163 2855; x_wconf 86' lang='lat' dir='ltr'><strong>perspiouum</strong></span> 
     </span>
    </p>

    <p class='ocr_par' dir='ltr' id='par_1_28' title="bbox 159 2851 2163 2941">
     <span class='ocr_line' id='line_1_28' title="bbox 159 2851 2163 2941; baseline 0.001 -19"><span class='ocrx_word' id='word_1_380' title='bbox 159 2877 242 2940; x_wconf 89' lang='lat' dir='ltr'><strong>qnae</strong></span> <span class='ocrx_word' id='word_1_381' title='bbox 264 2856 359 2923; x_wconf 90' lang='lat' dir='ltr'><strong>dooet</strong></span> <span class='ocrx_word' id='word_1_382' title='bbox 384 2857 593 2940; x_wconf 80' lang='lat' dir='ltr'><strong>Augustinus</strong></span> <span class='ocrx_word' id='word_1_383' title='bbox 619 2864 688 2919; x_wconf 91' lang='lat' dir='ltr'><strong>tam</strong></span> <span class='ocrx_word' id='word_1_384' title='bbox 716 2853 754 2918; x_wconf 93' lang='lat' dir='ltr'><strong>in</strong></span> <span class='ocrx_word' id='word_1_385' title='bbox 775 2852 925 2936; x_wconf 85' lang='lat' dir='ltr'><strong>Epistola</strong></span> <span class='ocrx_word' id='word_1_386' title='bbox 946 2851 988 2918; x_wconf 87' lang='lat' dir='ltr'><strong>ad</strong></span> <span class='ocrx_word' id='word_1_387' title='bbox 1004 2851 1134 2918; x_wconf 87' lang='lat' dir='ltr'><strong>Darda·</strong></span> <span class='ocrx_word' id='word_1_388' title='bbox 1186 2867 1237 2921; x_wconf 89' lang='lat' dir='ltr'><strong>est</strong></span> <span class='ocrx_word' id='word_1_389' title='bbox 1257 2876 1357 2938; x_wconf 89' lang='lat' dir='ltr'><strong>quam</strong></span> <span class='ocrx_word' id='word_1_390' title='bbox 1379 2868 1417 2920; x_wconf 89' lang='lat' dir='ltr'><strong>nt</strong></span> <span class='ocrx_word' id='word_1_391' title='bbox 1433 2855 1571 2921; x_wconf 88' lang='lat' dir='ltr'><strong>lautores</strong></span> <span class='ocrx_word' id='word_1_392' title='bbox 1588 2854 1744 2940; x_wconf 91' lang='lat' dir='ltr'><strong>nugando</strong></span> <span class='ocrx_word' id='word_1_393' title='bbox 1762 2855 2005 2940; x_wconf 77' lang='lat' dir='ltr'><strong>obstupeiaoiat</strong></span> <span class='ocrx_word' id='word_1_394' title='bbox 2049 2857 2163 2941; x_wconf 80' lang='lat' dir='ltr'><strong>Quam</strong></span> 
     </span>
    </p>

    <p class='ocr_par' dir='ltr' id='par_1_29' title="bbox 159 2936 2162 3026">
     <span class='ocr_line' id='line_1_29' title="bbox 159 2936 2162 3026; baseline 0.002 -19"><span class='ocrx_word' id='word_1_395' title='bbox 159 2963 241 3008; x_wconf 90' lang='lat' dir='ltr'><strong>num</strong></span> <span class='ocrx_word' id='word_1_396' title='bbox 262 2963 361 3025; x_wconf 88' lang='lat' dir='ltr'><strong>quam</strong></span> <span class='ocrx_word' id='word_1_397' title='bbox 383 2942 457 3009; x_wconf 85' lang='lat' dir='ltr'><strong>aliis</strong></span> <span class='ocrx_word' id='word_1_398' title='bbox 477 2942 626 3026; x_wconf 87' lang='lat' dir='ltr'><strong>pluribus</strong></span> <span class='ocrx_word' id='word_1_399' title='bbox 647 2940 734 3007; x_wconf 86' lang='lat' dir='ltr'><strong>loeis.</strong></span> <span class='ocrx_word' id='word_1_400' title='bbox 780 2936 849 3004; x_wconf 84' lang='lat' dir='ltr'><strong>Sed</strong></span> <span class='ocrx_word' id='word_1_401' title='bbox 870 2939 988 3022; x_wconf 90' lang='lat' dir='ltr'><strong>quihus</strong></span> <span class='ocrx_word' id='word_1_402' title='bbox 1009 2938 1134 3004; x_wconf 91' lang='lat' dir='ltr'><strong>maohi·</strong></span> <span class='ocrx_word' id='word_1_403' title='bbox 1185 2941 1288 3007; x_wconf 81' lang='lat' dir='ltr'><strong>fauete</strong></span> <span class='ocrx_word' id='word_1_404' title='bbox 1315 2961 1395 3006; x_wconf 89' lang='lat' dir='ltr'><strong>vero</strong></span> <span class='ocrx_word' id='word_1_405' title='bbox 1423 2938 1503 3006; x_wconf 91' lang='lat' dir='ltr'><strong>dnm</strong></span> <span class='ocrx_word' id='word_1_406' title='bbox 1530 2941 1706 3025; x_wconf 82' lang='lat' dir='ltr'><strong>perplexus</strong></span> <span class='ocrx_word' id='word_1_407' title='bbox 1733 2953 1880 3018; x_wconf 82' lang='lat' dir='ltr'><strong>tenetur,</strong></span> <span class='ocrx_word' id='word_1_408' title='bbox 1906 2944 2064 3009; x_wconf 76' lang='lat' dir='ltr'><strong>nsitatm</strong></span> <span class='ocrx_word' id='word_1_409' title='bbox 2090 2966 2162 3011; x_wconf 87' lang='lat' dir='ltr'><strong>esse</strong></span> 
     </span>
    </p>

    <p class='ocr_par' dir='ltr' id='par_1_30' title="bbox 158 3023 2163 3110">
     <span class='ocr_line' id='line_1_30' title="bbox 158 3023 2163 3110; baseline 0.002 -17"><span class='ocrx_word' id='word_1_410' title='bbox 158 3029 213 3094; x_wconf 90' lang='lat' dir='ltr'><strong>nis</strong></span> <span class='ocrx_word' id='word_1_411' title='bbox 230 3027 273 3093; x_wconf 88' lang='lat' dir='ltr'><strong>ad</strong></span> <span class='ocrx_word' id='word_1_412' title='bbox 294 3049 394 3093; x_wconf 92' lang='lat' dir='ltr'><strong>snum</strong></span> <span class='ocrx_word' id='word_1_413' title='bbox 415 3036 635 3094; x_wconf 77' lang='lat' dir='ltr'><strong>oeramentum</strong></span> <span class='ocrx_word' id='word_1_414' title='bbox 655 3024 782 3110; x_wconf 86' lang='lat' dir='ltr'><strong>aptabit</strong></span> <span class='ocrx_word' id='word_1_415' title='bbox 796 3024 882 3107; x_wconf 89' lang='lat' dir='ltr'><strong>quod</strong></span> <span class='ocrx_word' id='word_1_416' title='bbox 900 3023 1046 3108; x_wconf 86' lang='lat' dir='ltr'><strong>disputat</strong></span> <span class='ocrx_word' id='word_1_417' title='bbox 1062 3026 1135 3089; x_wconf 87' lang='lat' dir='ltr'><strong>Au·</strong></span> <span class='ocrx_word' id='word_1_418' title='bbox 1186 3026 1421 3109; x_wconf 86' lang='lat' dir='ltr'><strong>expositionem</strong></span> <span class='ocrx_word' id='word_1_419' title='bbox 1444 3025 1531 3107; x_wconf 88' lang='lat' dir='ltr'><strong>dioit,</strong></span> <span class='ocrx_word' id='word_1_420' title='bbox 1554 3026 1595 3092; x_wconf 93' lang='lat' dir='ltr'><strong>de</strong></span> <span class='ocrx_word' id='word_1_421' title='bbox 1617 3027 1814 3095; x_wconf 85' lang='lat' dir='ltr'><strong>euoharistia</strong></span> <span class='ocrx_word' id='word_1_422' title='bbox 1834 3031 1867 3094; x_wconf 94' lang='lat' dir='ltr'><strong>A</strong></span> <span class='ocrx_word' id='word_1_423' title='bbox 1934 3032 2060 3095; x_wconf 91' lang='lat' dir='ltr'><strong>stinum</strong></span> <span class='ocrx_word' id='word_1_424' title='bbox 2085 3052 2163 3097; x_wconf 89' lang='lat' dir='ltr'><strong>sen·</strong></span> 
     </span>
    </p>

    <p class='ocr_par' dir='ltr' id='par_1_31' title="bbox 159 3111 2164 3199">
     <span class='ocr_line' id='line_1_31' title="bbox 159 3111 2164 3199; baseline 0.001 -18"><span class='ocrx_word' id='word_1_425' title='bbox 159 3118 319 3199; x_wconf 83' lang='lat' dir='ltr'><strong>gostinus,</strong></span> <span class='ocrx_word' id='word_1_426' title='bbox 342 3114 470 3180; x_wconf 91' lang='lat' dir='ltr'><strong>nullum</strong></span> <span class='ocrx_word' id='word_1_427' title='bbox 491 3115 701 3196; x_wconf 79' lang='lat' dir='ltr'><strong>toreoorpus</strong></span> <span class='ocrx_word' id='word_1_428' title='bbox 723 3111 852 3179; x_wconf 89' lang='lat' dir='ltr'><strong>sublate</strong></span> <span class='ocrx_word' id='word_1_429' title='bbox 880 3111 941 3176; x_wconf 91' lang='lat' dir='ltr'><strong>looi</strong></span> <span class='ocrx_word' id='word_1_430' title='bbox 964 3111 1079 3194; x_wconf 89' lang='lat' dir='ltr'><strong>spatio,</strong></span> <span class='ocrx_word' id='word_1_431' title='bbox 1101 3118 1136 3173; x_wconf 92' lang='lat' dir='ltr'><strong>et</strong></span> <span class='ocrx_word' id='word_1_432' title='bbox 1185 3112 1247 3178; x_wconf 91' lang='lat' dir='ltr'><strong>tire</strong></span> <span class='ocrx_word' id='word_1_433' title='bbox 1269 3112 1355 3196; x_wconf 90' lang='lat' dir='ltr'><strong>quod</strong></span> <span class='ocrx_word' id='word_1_434' title='bbox 1374 3112 1500 3180; x_wconf 79' lang='lat' dir='ltr'><strong>Christi</strong></span> <span class='ocrx_word' id='word_1_435' title='bbox 1521 3114 1645 3179; x_wconf 88' lang='lat' dir='ltr'><strong>veritas</strong></span> <span class='ocrx_word' id='word_1_436' title='bbox 1671 3114 1792 3197; x_wconf 92' lang='lat' dir='ltr'><strong>ubique</strong></span> <span class='ocrx_word' id='word_1_437' title='bbox 1819 3116 1864 3180; x_wconf 89' lang='lat' dir='ltr'><strong>sit</strong></span> <span class='ocrx_word' id='word_1_438' title='bbox 1908 3115 2011 3181; x_wconf 84' lang='lat' dir='ltr'><strong>&#39;ffusa</strong></span> <span class='ocrx_word' id='word_1_439' title='bbox 2058 3115 2164 3198; x_wconf 79' lang='lat' dir='ltr'><strong>Quasi</strong></span> 
     </span>
    </p>

    <p class='ocr_par' dir='ltr' id='par_1_32' title="bbox 159 3194 2165 3286">
     <span class='ocr_line' id='line_1_32' title="bbox 159 3194 2165 3286; baseline 0.001 -21"><span class='ocrx_word' id='word_1_440' title='bbox 159 3199 326 3283; x_wconf 89' lang='lat' dir='ltr'><strong>requirere</strong></span> <span class='ocrx_word' id='word_1_441' title='bbox 349 3201 456 3266; x_wconf 88' lang='lat' dir='ltr'><strong>earnis</strong></span> <span class='ocrx_word' id='word_1_442' title='bbox 478 3207 632 3265; x_wconf 90' lang='lat' dir='ltr'><strong>naturam</strong></span> <span class='ocrx_word' id='word_1_443' title='bbox 653 3207 692 3263; x_wconf 93' lang='lat' dir='ltr'><strong>ut</strong></span> <span class='ocrx_word' id='word_1_444' title='bbox 712 3198 820 3281; x_wconf 89' lang='lat' dir='ltr'><strong>aliquo</strong></span> <span class='ocrx_word' id='word_1_445' title='bbox 837 3195 1047 3262; x_wconf 88' lang='lat' dir='ltr'><strong>inooeliloeo</strong></span> <span class='ocrx_word' id='word_1_446' title='bbox 1068 3194 1133 3260; x_wconf 79' lang='lat' dir='ltr'><strong>sit?</strong></span> <span class='ocrx_word' id='word_1_447' title='bbox 1186 3199 1443 3282; x_wconf 84' lang='lat' dir='ltr'><strong>veroquisquam</strong></span> <span class='ocrx_word' id='word_1_448' title='bbox 1451 3197 2165 3286; x_wconf 85' lang='lat' dir='ltr'><strong>nisiphrenetiousaliotrahereverbapossit</strong></span> 
     </span>
    </p>

    <p class='ocr_par' dir='ltr' id='par_1_33' title="bbox 158 3281 2337 3374">
     <span class='ocr_line' id='line_1_33' title="bbox 158 3281 2337 3374; baseline 0.001 -20"><span class='ocrx_word' id='word_1_449' title='bbox 158 3286 245 3354; x_wconf 89' lang='lat' dir='ltr'><strong>Nam</strong></span> <span class='ocrx_word' id='word_1_450' title='bbox 267 3288 296 3351; x_wconf 85' lang='lat' dir='ltr'><strong>si</strong></span> <span class='ocrx_word' id='word_1_451' title='bbox 324 3295 418 3351; x_wconf 87' lang='lat' dir='ltr'><strong>extra</strong></span> <span class='ocrx_word' id='word_1_452' title='bbox 446 3286 553 3352; x_wconf 87' lang='lat' dir='ltr'><strong>looum</strong></span> <span class='ocrx_word' id='word_1_453' title='bbox 581 3292 688 3368; x_wconf 91' lang='lat' dir='ltr'><strong>potest</strong></span> <span class='ocrx_word' id='word_1_454' title='bbox 716 3281 881 3349; x_wconf 89' lang='lat' dir='ltr'><strong>invisibile</strong></span> <span class='ocrx_word' id='word_1_455' title='bbox 908 3302 980 3348; x_wconf 88' lang='lat' dir='ltr'><strong>esse</strong></span> <span class='ocrx_word' id='word_1_456' title='bbox 1007 3302 1133 3364; x_wconf 89' lang='lat' dir='ltr'><strong>eorpus,</strong></span> <span class='ocrx_word' id='word_1_457' title='bbox 1184 3283 1504 3369; x_wconf 90' lang='lat' dir='ltr'><strong>quamadevangelii</strong></span> <span class='ocrx_word' id='word_1_458' title='bbox 1514 3285 1707 3363; x_wconf 88' lang='lat' dir='ltr'><strong>doetrinam,</strong></span> <span class='ocrx_word' id='word_1_459' title='bbox 1715 3288 1766 3351; x_wconf 92' lang='lat' dir='ltr'><strong>eui</strong></span> <span class='ocrx_word' id='word_1_460' title='bbox 1778 3287 1998 3354; x_wconf 88' lang='lat' dir='ltr'><strong>reverentiam</strong></span> <span class='ocrx_word' id='word_1_461' title='bbox 2010 3287 2165 3356; x_wconf 82' lang='lat' dir='ltr'><strong>illiodata</strong></span> <span class='ocrx_word' id='word_1_462' title='bbox 2330 3365 2337 3374; x_wconf 32' lang='lat'>¹</span> 
     </span>
    </p>

    <p class='ocr_par' dir='ltr' id='par_1_34' title="bbox 157 3366 2339 3455">
     <span class='ocr_line' id='line_1_34' title="bbox 157 3366 2339 3455; baseline 0.002 -17"><span class='ocrx_word' id='word_1_463' title='bbox 157 3372 240 3439; x_wconf 78' lang='lat' dir='ltr'><strong>falsa</strong></span> <span class='ocrx_word' id='word_1_464' title='bbox 270 3379 358 3438; x_wconf 89' lang='lat' dir='ltr'><strong>esset</strong></span> <span class='ocrx_word' id='word_1_465' title='bbox 394 3371 653 3455; x_wconf 81' lang='lat' dir='ltr'><strong>argumentatio,</strong></span> <span class='ocrx_word' id='word_1_466' title='bbox 684 3370 750 3435; x_wconf 91' lang='lat' dir='ltr'><strong>nisi</strong></span> <span class='ocrx_word' id='word_1_467' title='bbox 782 3389 843 3435; x_wconf 85' lang='lat' dir='ltr'><strong>sua</strong></span> <span class='ocrx_word' id='word_1_468' title='bbox 875 3366 1136 3434; x_wconf 83' lang='lat' dir='ltr'><strong>oiroumferentia</strong></span> <span class='ocrx_word' id='word_1_469' title='bbox 1186 3391 1285 3453; x_wconf 89' lang='lat' dir='ltr'><strong>opera</strong></span> <span class='ocrx_word' id='word_1_470' title='bbox 1294 3371 1670 3455; x_wconf 71' lang='lat' dir='ltr'><strong>Augustinusoonoiliat.</strong></span> <span class='ocrx_word' id='word_1_471' title='bbox 1692 3369 1861 3446; x_wconf 86' lang='lat' dir='ltr'><strong>Obtendit,</strong></span> <span class='ocrx_word' id='word_1_472' title='bbox 1874 3373 2165 3444; x_wconf 86' lang='lat' dir='ltr'><strong>similisensualibi</strong></span> <span class='ocrx_word' id='word_1_473' title='bbox 2302 3385 2339 3425; x_wconf 61' lang='grc' dir='ltr'><strong><em>Δ</em></strong></span> 
     </span>
    </p>

    <p class='ocr_par' dir='ltr' id='par_1_35' title="bbox 160 3454 2338 3539">
     <span class='ocr_line' id='line_1_35' title="bbox 160 3454 2338 3539; baseline 0.002 -16"><span class='ocrx_word' id='word_1_474' title='bbox 160 3463 234 3538; x_wconf 80' lang='lat' dir='ltr'><strong>[pag.</strong></span> <span class='ocrx_word' id='word_1_475' title='bbox 259 3462 314 3536; x_wconf 82' lang='lat' dir='ltr'><strong>et]</strong></span> <span class='ocrx_word' id='word_1_476' title='bbox 336 3458 467 3523; x_wconf 90' lang='lat' dir='ltr'><strong>finitum</strong></span> <span class='ocrx_word' id='word_1_477' title='bbox 488 3458 541 3533; x_wconf 86' lang='lat' dir='ltr'><strong>sit,</strong></span> <span class='ocrx_word' id='word_1_478' title='bbox 563 3456 693 3521; x_wconf 87' lang='lat' dir='ltr'><strong>nullum</strong></span> <span class='ocrx_word' id='word_1_479' title='bbox 715 3454 857 3539; x_wconf 89' lang='lat' dir='ltr'><strong>amplius</strong></span> <span class='ocrx_word' id='word_1_480' title='bbox 879 3457 957 3520; x_wconf 82' lang='lat' dir='ltr'><strong>fore.</strong></span> <span class='ocrx_word' id='word_1_481' title='bbox 1006 3454 1136 3519; x_wconf 82' lang='lat' dir='ltr'><strong>Vitiosa</strong></span> <span class='ocrx_word' id='word_1_482' title='bbox 1186 3456 1383 3523; x_wconf 84' lang='lat' dir='ltr'><strong>saorifioium</strong></span> <span class='ocrx_word' id='word_1_483' title='bbox 1405 3457 1550 3539; x_wconf 87' lang='lat' dir='ltr'><strong>eorporis</strong></span> <span class='ocrx_word' id='word_1_484' title='bbox 1559 3457 1687 3522; x_wconf 83' lang='lat' dir='ltr'><strong>Christi</strong></span> <span class='ocrx_word' id='word_1_485' title='bbox 1698 3456 1771 3535; x_wconf 88' lang='lat' dir='ltr'><strong>diei,</strong></span> <span class='ocrx_word' id='word_1_486' title='bbox 1785 3461 1821 3523; x_wconf 93' lang='lat' dir='ltr'><strong>in</strong></span> <span class='ocrx_word' id='word_1_487' title='bbox 1843 3460 2085 3526; x_wconf 84' lang='lat' dir='ltr'><strong>totoorbeosse</strong></span> <span class='ocrx_word' id='word_1_488' title='bbox 2100 3462 2165 3528; x_wconf 78' lang='lat' dir='ltr'><strong>dif-</strong></span> <span class='ocrx_word' id='word_1_489' title='bbox 2303 3480 2338 3495; x_wconf 76' lang='lat'><strong><em>⁴</em></strong></span> 
     </span>
    </p>

    <p class='ocr_par' dir='ltr' id='par_1_36' title="bbox 161 3539 2338 3631">
     <span class='ocr_line' id='line_1_36' title="bbox 161 3539 2338 3631; baseline 0.002 -23"><span class='ocrx_word' id='word_1_490' title='bbox 161 3545 262 3609; x_wconf 71' lang='lat' dir='ltr'><strong>etiarm</strong></span> <span class='ocrx_word' id='word_1_491' title='bbox 284 3556 371 3608; x_wconf 91' lang='lat' dir='ltr'><strong>esset</strong></span> <span class='ocrx_word' id='word_1_492' title='bbox 391 3543 553 3628; x_wconf 84' lang='lat' dir='ltr'><strong>generalis</strong></span> <span class='ocrx_word' id='word_1_493' title='bbox 575 3544 747 3619; x_wconf 84' lang='lat' dir='ltr'><strong>sententia,</strong></span> <span class='ocrx_word' id='word_1_494' title='bbox 770 3542 902 3625; x_wconf 86' lang='lat' dir='ltr'><strong>exigere</strong></span> <span class='ocrx_word' id='word_1_495' title='bbox 929 3539 1000 3606; x_wconf 91' lang='lat' dir='ltr'><strong>veri</strong></span> <span class='ocrx_word' id='word_1_496' title='bbox 1021 3560 1135 3622; x_wconf 87' lang='lat' dir='ltr'><strong>eorpo-</strong></span> <span class='ocrx_word' id='word_1_497' title='bbox 1187 3542 1307 3606; x_wconf 66' lang='lat' dir='ltr'><strong>fnsum„</strong></span> <span class='ocrx_word' id='word_1_498' title='bbox 1351 3540 1455 3623; x_wconf 81' lang='lat' dir='ltr'><strong>Quasi</strong></span> <span class='ocrx_word' id='word_1_499' title='bbox 1477 3564 1554 3608; x_wconf 91' lang='lat' dir='ltr'><strong>vero</strong></span> <span class='ocrx_word' id='word_1_500' title='bbox 1576 3543 1605 3608; x_wconf 92' lang='lat' dir='ltr'><strong>si</strong></span> <span class='ocrx_word' id='word_1_501' title='bbox 1626 3542 1746 3626; x_wconf 90' lang='lat' dir='ltr'><strong>ubique</strong></span> <span class='ocrx_word' id='word_1_502' title='bbox 1768 3554 1884 3628; x_wconf 88' lang='lat' dir='ltr'><strong>gentes</strong></span> <span class='ocrx_word' id='word_1_503' title='bbox 1902 3542 1944 3610; x_wconf 92' lang='lat' dir='ltr'><strong>ad</strong></span> <span class='ocrx_word' id='word_1_504' title='bbox 1963 3546 2166 3631; x_wconf 87' lang='lat' dir='ltr'><strong>partieipan·</strong></span> <span class='ocrx_word' id='word_1_505' title='bbox 2291 3563 2338 3579; x_wconf 68' lang='lat'><strong>⁶·</strong></span> 
     </span>
    </p>

    <p class='ocr_par' dir='ltr' id='par_1_37' title="bbox 160 3625 2339 3715">
     <span class='ocr_line' id='line_1_37' title="bbox 160 3625 2339 3715; baseline 0.003 -22"><span class='ocrx_word' id='word_1_506' title='bbox 160 3631 207 3694; x_wconf 92' lang='lat' dir='ltr'><strong>ris</strong></span> <span class='ocrx_word' id='word_1_507' title='bbox 228 3628 361 3695; x_wconf 88' lang='lat' dir='ltr'><strong>modum</strong></span> <span class='ocrx_word' id='word_1_508' title='bbox 384 3638 423 3694; x_wconf 90' lang='lat' dir='ltr'><strong>ut</strong></span> <span class='ocrx_word' id='word_1_509' title='bbox 449 3629 591 3712; x_wconf 89' lang='lat' dir='ltr'><strong>aliquem</strong></span> <span class='ocrx_word' id='word_1_510' title='bbox 612 3627 694 3693; x_wconf 89' lang='lat' dir='ltr'><strong>ooeli</strong></span> <span class='ocrx_word' id='word_1_511' title='bbox 715 3626 822 3693; x_wconf 90' lang='lat' dir='ltr'><strong>looum</strong></span> <span class='ocrx_word' id='word_1_512' title='bbox 843 3634 986 3709; x_wconf 87' lang='lat' dir='ltr'><strong>oeoupet</strong></span> <span class='ocrx_word' id='word_1_513' title='bbox 1031 3625 1135 3690; x_wconf 91' lang='lat' dir='ltr'><strong>Deni·</strong></span> <span class='ocrx_word' id='word_1_514' title='bbox 1186 3627 1266 3692; x_wconf 92' lang='lat' dir='ltr'><strong>dnm</strong></span> <span class='ocrx_word' id='word_1_515' title='bbox 1289 3631 1363 3707; x_wconf 78' lang='lat' dir='ltr'><strong>[pag.</strong></span> <span class='ocrx_word' id='word_1_516' title='bbox 1382 3631 1437 3707; x_wconf 83' lang='lat'><strong>94]</strong></span> <span class='ocrx_word' id='word_1_517' title='bbox 1460 3628 1610 3694; x_wconf 87' lang='lat' dir='ltr'><strong>saorifloii</strong></span> <span class='ocrx_word' id='word_1_518' title='bbox 1627 3629 1678 3694; x_wconf 92' lang='lat' dir='ltr'><strong>sui</strong></span> <span class='ocrx_word' id='word_1_519' title='bbox 1696 3631 1838 3696; x_wconf 85' lang='lat' dir='ltr'><strong>fruetum</strong></span> <span class='ocrx_word' id='word_1_520' title='bbox 1861 3632 1980 3697; x_wconf 84' lang='lat' dir='ltr'><strong>invitet</strong></span> <span class='ocrx_word' id='word_1_521' title='bbox 1997 3631 2167 3715; x_wconf 88' lang='lat' dir='ltr'><strong>Christus,</strong></span> <span class='ocrx_word' id='word_1_522' title='bbox 2289 3661 2339 3691; x_wconf 66' lang='lat' dir='ltr'><em>o</em></span> 
     </span>
    </p>

    <p class='ocr_par' dir='ltr' id='par_1_38' title="bbox 162 3711 2371 3804">
     <span class='ocr_line' id='line_1_38' title="bbox 162 3711 2371 3804; baseline 0.004 -26"><span class='ocrx_word' id='word_1_523' title='bbox 162 3716 276 3798; x_wconf 90' lang='lat' dir='ltr'><strong>quein</strong></span> <span class='ocrx_word' id='word_1_524' title='bbox 305 3713 362 3780; x_wconf 87' lang='lat' dir='ltr'><strong>illa</strong></span> <span class='ocrx_word' id='word_1_525' title='bbox 379 3723 449 3779; x_wconf 85' lang='lat' dir='ltr'><strong>tota</strong></span> <span class='ocrx_word' id='word_1_526' title='bbox 468 3714 688 3797; x_wconf 89' lang='lat' dir='ltr'><strong>disputatione</strong></span> <span class='ocrx_word' id='word_1_527' title='bbox 709 3732 882 3797; x_wconf 87' lang='lat' dir='ltr'><strong>perperam</strong></span> <span class='ocrx_word' id='word_1_528' title='bbox 903 3713 1062 3777; x_wconf 88' lang='lat' dir='ltr'><strong>omissum</strong></span> <span class='ocrx_word' id='word_1_529' title='bbox 1083 3711 1135 3775; x_wconf 82' lang='lat' dir='ltr'><strong>fu·</strong></span> <span class='ocrx_word' id='word_1_530' title='bbox 1186 3713 1258 3778; x_wconf 93' lang='lat' dir='ltr'><strong>ideo</strong></span> <span class='ocrx_word' id='word_1_531' title='bbox 1280 3722 1438 3795; x_wconf 89' lang='lat' dir='ltr'><strong>sequatur</strong></span> <span class='ocrx_word' id='word_1_532' title='bbox 1459 3734 1576 3797; x_wconf 89' lang='lat' dir='ltr'><strong>eorpus</strong></span> <span class='ocrx_word' id='word_1_533' title='bbox 1597 3715 1668 3781; x_wconf 87' lang='lat' dir='ltr'><strong>eius</strong></span> <span class='ocrx_word' id='word_1_534' title='bbox 1695 3737 1767 3781; x_wconf 91' lang='lat' dir='ltr'><strong>esse</strong></span> <span class='ocrx_word' id='word_1_535' title='bbox 1793 3719 2000 3783; x_wconf 90' lang='lat' dir='ltr'><strong>immensum.</strong></span> <span class='ocrx_word' id='word_1_536' title='bbox 2052 3721 2168 3804; x_wconf 83' lang='lat' dir='ltr'><strong>Atque</strong></span> <span class='ocrx_word' id='word_1_537' title='bbox 2280 3714 2340 3760; x_wconf 54' lang='grc' dir='ltr'><strong>ε</strong></span> <span class='ocrx_word' id='word_1_538' title='bbox 2368 3754 2371 3760; x_wconf 91' lang='grc'><em>·</em></span> 
     </span>
    </p>

    <p class='ocr_par' dir='ltr' id='par_1_39' title="bbox 165 3795 2341 3886">
     <span class='ocr_line' id='line_1_39' title="bbox 165 3795 2341 3886; baseline 0.003 -21"><span class='ocrx_word' id='word_1_539' title='bbox 165 3800 247 3865; x_wconf 91' lang='lat' dir='ltr'><strong>isset</strong></span> <span class='ocrx_word' id='word_1_540' title='bbox 280 3800 492 3883; x_wconf 84' lang='lat' dir='ltr'><strong>praeeipuam</strong></span> <span class='ocrx_word' id='word_1_541' title='bbox 526 3811 638 3883; x_wconf 87' lang='lat' dir='ltr'><strong>eaput,</strong></span> <span class='ocrx_word' id='word_1_542' title='bbox 661 3798 831 3865; x_wconf 80' lang='lat' dir='ltr'><strong>Christum</strong></span> <span class='ocrx_word' id='word_1_543' title='bbox 852 3796 1009 3864; x_wconf 85' lang='lat' dir='ltr'><strong>invisibili</strong></span> <span class='ocrx_word' id='word_1_544' title='bbox 1040 3795 1136 3862; x_wconf 90' lang='lat' dir='ltr'><strong>modo</strong></span> <span class='ocrx_word' id='word_1_545' title='bbox 1186 3810 1223 3863; x_wconf 90' lang='lat' dir='ltr'><strong>ut</strong></span> <span class='ocrx_word' id='word_1_546' title='bbox 1233 3797 1370 3865; x_wconf 90' lang='lat' dir='ltr'><strong>verbum</strong></span> <span class='ocrx_word' id='word_1_547' title='bbox 1388 3797 1596 3865; x_wconf 86' lang='lat' dir='ltr'><strong>diffimdendi</strong></span> <span class='ocrx_word' id='word_1_548' title='bbox 1613 3800 1655 3865; x_wconf 86' lang='lat' dir='ltr'><strong>ad</strong></span> <span class='ocrx_word' id='word_1_549' title='bbox 1672 3822 1791 3867; x_wconf 89' lang='lat' dir='ltr'><strong>ooenae</strong></span> <span class='ocrx_word' id='word_1_550' title='bbox 1807 3804 1966 3868; x_wconf 88' lang='lat' dir='ltr'><strong>aetionem</strong></span> <span class='ocrx_word' id='word_1_551' title='bbox 1988 3808 2168 3886; x_wconf 88' lang='lat' dir='ltr'><strong>pertineat,</strong></span> <span class='ocrx_word' id='word_1_552' title='bbox 2286 3823 2341 3880; x_wconf 62' lang='grc' dir='ltr'><strong>ς.</strong></span> 
     </span>
    </p>

    <p class='ocr_par' dir='ltr' id='par_1_40' title="bbox 160 3882 2345 3971">
     <span class='ocr_line' id='line_1_40' title="bbox 160 3882 2345 3971; baseline 0.005 -22"><span class='ocrx_word' id='word_1_553' title='bbox 160 3905 221 3969; x_wconf 91' lang='lat' dir='ltr'><strong>per</strong></span> <span class='ocrx_word' id='word_1_554' title='bbox 246 3885 373 3950; x_wconf 88' lang='lat' dir='ltr'><strong>eoelum</strong></span> <span class='ocrx_word' id='word_1_555' title='bbox 401 3896 435 3952; x_wconf 90' lang='lat' dir='ltr'><strong>et</strong></span> <span class='ocrx_word' id='word_1_556' title='bbox 461 3896 583 3951; x_wconf 84' lang='lat' dir='ltr'><strong>terram</strong></span> <span class='ocrx_word' id='word_1_557' title='bbox 606 3883 749 3949; x_wconf 79' lang='lat' dir='ltr'><strong>diffundi</strong></span> <span class='ocrx_word' id='word_1_558' title='bbox 781 3882 961 3951; x_wconf 86' lang='lat' dir='ltr'><strong>seeundum</strong></span> <span class='ocrx_word' id='word_1_559' title='bbox 993 3903 1133 3960; x_wconf 86' lang='lat' dir='ltr'><strong>earnem,</strong></span> <span class='ocrx_word' id='word_1_560' title='bbox 1185 3886 1238 3951; x_wconf 90' lang='lat' dir='ltr'><strong>oui</strong></span> <span class='ocrx_word' id='word_1_561' title='bbox 1261 3894 1370 3949; x_wconf 65' lang='lat' dir='ltr'><strong>umen</strong></span> <span class='ocrx_word' id='word_1_562' title='bbox 1394 3885 1589 3968; x_wconf 87' lang='lat' dir='ltr'><strong>persuadeat</strong></span> <span class='ocrx_word' id='word_1_563' title='bbox 1610 3885 1696 3969; x_wconf 91' lang='lat' dir='ltr'><strong>quod</strong></span> <span class='ocrx_word' id='word_1_564' title='bbox 1717 3887 1873 3966; x_wconf 89' lang='lat' dir='ltr'><strong>intendit,</strong></span> <span class='ocrx_word' id='word_1_565' title='bbox 1897 3909 2014 3971; x_wconf 87' lang='lat' dir='ltr'><strong>eorpus</strong></span> <span class='ocrx_word' id='word_1_566' title='bbox 2037 3890 2182 3959; x_wconf 74' lang='lat' dir='ltr'><strong>Christi.</strong></span> <span class='ocrx_word' id='word_1_567' title='bbox 2274 3883 2345 3934; x_wconf 68' lang='lat'><strong>¹¹</strong></span> 
     </span>
    </p>

    <p class='ocr_par' dir='ltr' id='par_1_41' title="bbox 161 3965 2347 4057">
     <span class='ocr_line' id='line_1_41' title="bbox 161 3965 2347 4057; baseline 0.005 -21"><span class='ocrx_word' id='word_1_568' title='bbox 161 3971 311 4055; x_wconf 87' lang='lat' dir='ltr'><strong>quamvis</strong></span> <span class='ocrx_word' id='word_1_569' title='bbox 333 3991 398 4037; x_wconf 91' lang='lat' dir='ltr'><strong>uno</strong></span> <span class='ocrx_word' id='word_1_570' title='bbox 420 3972 455 4037; x_wconf 91' lang='lat' dir='ltr'><strong>in</strong></span> <span class='ocrx_word' id='word_1_571' title='bbox 476 3972 546 4038; x_wconf 92' lang='lat' dir='ltr'><strong>looo</strong></span> <span class='ocrx_word' id='word_1_572' title='bbox 566 3973 610 4037; x_wconf 85' lang='lat' dir='ltr'><strong>sit</strong></span> <span class='ocrx_word' id='word_1_573' title='bbox 638 3969 784 4036; x_wconf 86' lang='lat' dir='ltr'><strong>visibilis.</strong></span> <span class='ocrx_word' id='word_1_574' title='bbox 834 3969 991 4050; x_wconf 79' lang='lat' dir='ltr'><strong>Quaestio</strong></span> <span class='ocrx_word' id='word_1_575' title='bbox 1017 3981 1068 4034; x_wconf 88' lang='lat' dir='ltr'><strong>est</strong></span> <span class='ocrx_word' id='word_1_576' title='bbox 1093 3968 1136 4033; x_wconf 88' lang='lat' dir='ltr'><strong>da</strong></span> <span class='ocrx_word' id='word_1_577' title='bbox 1186 3993 1257 4036; x_wconf 88' lang='lat' dir='ltr'><strong>esse</strong></span> <span class='ocrx_word' id='word_1_578' title='bbox 1285 3970 1471 4054; x_wconf 86' lang='lat' dir='ltr'><strong>ubieunque</strong></span> <span class='ocrx_word' id='word_1_579' title='bbox 1498 3993 1600 4038; x_wconf 89' lang='lat' dir='ltr'><strong>ooena</strong></span> <span class='ocrx_word' id='word_1_580' title='bbox 1627 3973 1820 4057; x_wconf 76' lang='lat' dir='ltr'><strong>peragitur?</strong></span> <span class='ocrx_word' id='word_1_581' title='bbox 1855 3973 1950 4056; x_wconf 80' lang='lat' dir='ltr'><strong>Quod</strong></span> <span class='ocrx_word' id='word_1_582' title='bbox 1980 3985 2096 4042; x_wconf 63' lang='lat' dir='ltr'><strong>umen</strong></span> <span class='ocrx_word' id='word_1_583' title='bbox 2127 3979 2182 4045; x_wconf 73' lang='lat' dir='ltr'><strong>de</strong></span> <span class='ocrx_word' id='word_1_584' title='bbox 2270 3965 2347 4015; x_wconf 51' lang='grc' dir='ltr'><strong><em>ὃ</em></strong></span> 
     </span>
    </p>

    <p class='ocr_par' dir='ltr' id='par_1_42' title="bbox 161 4049 2349 4144">
     <span class='ocr_line' id='line_1_42' title="bbox 161 4049 2349 4144; baseline 0.004 -22"><span class='ocrx_word' id='word_1_585' title='bbox 161 4057 323 4122; x_wconf 86' lang='lat' dir='ltr'><strong>essentiae</strong></span> <span class='ocrx_word' id='word_1_586' title='bbox 345 4059 540 4139; x_wconf 89' lang='lat' dir='ltr'><strong>praesentia.</strong></span> <span class='ocrx_word' id='word_1_587' title='bbox 590 4057 749 4122; x_wconf 85' lang='lat' dir='ltr'><strong>Divinam</strong></span> <span class='ocrx_word' id='word_1_588' title='bbox 778 4065 936 4123; x_wconf 66' lang='lat' dir='ltr'><strong>naturam.</strong></span> <span class='ocrx_word' id='word_1_589' title='bbox 959 4054 1136 4139; x_wconf 87' lang='lat' dir='ltr'><strong>respondet</strong></span> <span class='ocrx_word' id='word_1_590' title='bbox 1186 4057 1296 4122; x_wconf 88' lang='lat' dir='ltr'><strong>fruatu</strong></span> <span class='ocrx_word' id='word_1_591' title='bbox 1328 4057 1445 4122; x_wconf 89' lang='lat' dir='ltr'><strong>mertis</strong></span> <span class='ocrx_word' id='word_1_592' title='bbox 1484 4068 1597 4142; x_wconf 90' lang='lat' dir='ltr'><strong>aperte</strong></span> <span class='ocrx_word' id='word_1_593' title='bbox 1634 4061 1829 4141; x_wconf 89' lang='lat' dir='ltr'><strong>pronunoiat</strong></span> <span class='ocrx_word' id='word_1_594' title='bbox 1862 4060 2091 4144; x_wconf 84' lang='lat' dir='ltr'><strong>Augustinus,</strong></span> <span class='ocrx_word' id='word_1_595' title='bbox 2127 4065 2183 4133; x_wconf 67' lang='lat' dir='ltr'><strong>de</strong></span> <span class='ocrx_word' id='word_1_596' title='bbox 2272 4049 2349 4102; x_wconf 59' lang='lat'><strong><em>⁶</em></strong></span> 
     </span>
    </p>

    <p class='ocr_par' dir='ltr' id='par_1_43' title="bbox 162 4133 2352 4228">
     <span class='ocr_line' id='line_1_43' title="bbox 162 4133 2352 4228; baseline 0.005 -20"><span class='ocrx_word' id='word_1_597' title='bbox 162 4143 371 4226; x_wconf 84' lang='lat' dir='ltr'><strong>Augustinus</strong></span> <span class='ocrx_word' id='word_1_598' title='bbox 390 4143 511 4227; x_wconf 88' lang='lat' dir='ltr'><strong>ubique</strong></span> <span class='ocrx_word' id='word_1_599' title='bbox 531 4163 617 4208; x_wconf 89' lang='lat' dir='ltr'><strong>esse:</strong></span> <span class='ocrx_word' id='word_1_600' title='bbox 640 4142 821 4207; x_wconf 86' lang='lat' dir='ltr'><strong>humanam</strong></span> <span class='ocrx_word' id='word_1_601' title='bbox 847 4150 937 4207; x_wconf 89' lang='lat' dir='ltr'><strong>oerto</strong></span> <span class='ocrx_word' id='word_1_602' title='bbox 963 4141 1034 4207; x_wconf 90' lang='lat' dir='ltr'><strong>loeo</strong></span> <span class='ocrx_word' id='word_1_603' title='bbox 1056 4160 1134 4207; x_wconf 89' lang='lat' dir='ltr'><strong>oon·</strong></span> <span class='ocrx_word' id='word_1_604' title='bbox 1186 4164 1288 4209; x_wconf 89' lang='lat' dir='ltr'><strong>ooena</strong></span> <span class='ocrx_word' id='word_1_605' title='bbox 1309 4143 1374 4209; x_wconf 90' lang='lat' dir='ltr'><strong>diei</strong></span> <span class='ocrx_word' id='word_1_606' title='bbox 1395 4143 1613 4227; x_wconf 86' lang='lat' dir='ltr'><strong>Westphalus</strong></span> <span class='ocrx_word' id='word_1_607' title='bbox 1635 4142 1817 4210; x_wconf 90' lang='lat' dir='ltr'><strong>oontendit:</strong></span> <span class='ocrx_word' id='word_1_608' title='bbox 1852 4157 1886 4211; x_wconf 90' lang='lat' dir='ltr'><strong>et</strong></span> <span class='ocrx_word' id='word_1_609' title='bbox 1913 4145 1998 4228; x_wconf 91' lang='lat' dir='ltr'><strong>quod</strong></span> <span class='ocrx_word' id='word_1_610' title='bbox 2027 4161 2182 4218; x_wconf 75' lang='lat' dir='ltr'><strong>sanatus</strong></span> <span class='ocrx_word' id='word_1_611' title='bbox 2269 4133 2352 4187; x_wconf 55' lang='lat' dir='ltr'>a</span> 
     </span>
    </p>

    <p class='ocr_par' dir='ltr' id='par_1_44' title="bbox 162 4226 2355 4317">
     <span class='ocr_line' id='line_1_44' title="bbox 162 4226 2355 4317; baseline 0.005 -24"><span class='ocrx_word' id='word_1_612' title='bbox 162 4228 269 4294; x_wconf 90' lang='lat' dir='ltr'><strong>tineri.</strong></span> <span class='ocrx_word' id='word_1_613' title='bbox 314 4226 417 4294; x_wconf 85' lang='lat' dir='ltr'><strong>Cuius</strong></span> <span class='ocrx_word' id='word_1_614' title='bbox 439 4226 605 4296; x_wconf 90' lang='lat' dir='ltr'><strong>soeordiae</strong></span> <span class='ocrx_word' id='word_1_615' title='bbox 622 4229 745 4307; x_wconf 83' lang='lat' dir='ltr'><strong>fuisset,</strong></span> <span class='ocrx_word' id='word_1_616' title='bbox 767 4229 796 4293; x_wconf 91' lang='lat' dir='ltr'><strong>si</strong></span> <span class='ocrx_word' id='word_1_617' title='bbox 817 4226 932 4293; x_wconf 90' lang='lat' dir='ltr'><strong>eodem</strong></span> <span class='ocrx_word' id='word_1_618' title='bbox 953 4227 1135 4304; x_wconf 91' lang='lat' dir='ltr'><strong>modo,hoo</strong></span> <span class='ocrx_word' id='word_1_619' title='bbox 1186 4229 1241 4294; x_wconf 91' lang='lat' dir='ltr'><strong>ille</strong></span> <span class='ocrx_word' id='word_1_620' title='bbox 1262 4230 1316 4294; x_wconf 88' lang='lat' dir='ltr'><strong>vir</strong></span> <span class='ocrx_word' id='word_1_621' title='bbox 1342 4227 1499 4295; x_wconf 90' lang='lat' dir='ltr'><strong>oelebrari</strong></span> <span class='ocrx_word' id='word_1_622' title='bbox 1527 4231 1649 4313; x_wconf 90' lang='lat' dir='ltr'><strong>ubique</strong></span> <span class='ocrx_word' id='word_1_623' title='bbox 1677 4230 1769 4297; x_wconf 87' lang='lat' dir='ltr'><strong>doeet</strong></span> <span class='ocrx_word' id='word_1_624' title='bbox 1795 4232 1991 4297; x_wconf 88' lang='lat' dir='ltr'><strong>saorifieium</strong></span> <span class='ocrx_word' id='word_1_625' title='bbox 2021 4254 2089 4317; x_wconf 92' lang='lat' dir='ltr'><strong>quo</strong></span> <span class='ocrx_word' id='word_1_626' title='bbox 2112 4235 2190 4303; x_wconf 76' lang='lat' dir='ltr'><strong>do-</strong></span> <span class='ocrx_word' id='word_1_627' title='bbox 2266 4229 2355 4260; x_wconf 63' lang='lat'><strong>‘⁶</strong></span> 
     </span>
    </p>

    <p class='ocr_par' dir='ltr' id='par_1_45' title="bbox 161 4312 2189 4397">
     <span class='ocr_line' id='line_1_45' title="bbox 161 4312 2189 4397; baseline 0.004 -16"><span class='ocrx_word' id='word_1_628' title='bbox 161 4324 221 4393; x_wconf 89' lang='lat' dir='ltr'><strong>est,</strong></span> <span class='ocrx_word' id='word_1_629' title='bbox 250 4312 421 4392; x_wconf 88' lang='lat' dir='ltr'><strong>invisibili,</strong></span> <span class='ocrx_word' id='word_1_630' title='bbox 449 4335 567 4397; x_wconf 86' lang='lat' dir='ltr'><strong>eorpus</strong></span> <span class='ocrx_word' id='word_1_631' title='bbox 599 4314 711 4379; x_wconf 90' lang='lat' dir='ltr'><strong>omnia</strong></span> <span class='ocrx_word' id='word_1_632' title='bbox 736 4313 852 4396; x_wconf 88' lang='lat' dir='ltr'><strong>implet</strong></span> <span class='ocrx_word' id='word_1_633' title='bbox 878 4334 943 4396; x_wconf 93' lang='lat' dir='ltr'><strong>qno</strong></span> <span class='ocrx_word' id='word_1_634' title='bbox 971 4313 1135 4388; x_wconf 87' lang='lat' dir='ltr'><strong>divinitas,</strong></span> <span class='ocrx_word' id='word_1_635' title='bbox 1187 4317 1318 4381; x_wconf 82' lang='lat' dir='ltr'><strong>functus</strong></span> <span class='ocrx_word' id='word_1_636' title='bbox 1340 4321 1392 4380; x_wconf 91' lang='lat' dir='ltr'><strong>est</strong></span> <span class='ocrx_word' id='word_1_637' title='bbox 1403 4315 1565 4393; x_wconf 87' lang='lat' dir='ltr'><strong>Christus,</strong></span> <span class='ocrx_word' id='word_1_638' title='bbox 1588 4316 1630 4380; x_wconf 94' lang='lat' dir='ltr'><strong>ad</strong></span> <span class='ocrx_word' id='word_1_639' title='bbox 1651 4317 1821 4382; x_wconf 90' lang='lat' dir='ltr'><strong>eoolesiam</strong></span> <span class='ocrx_word' id='word_1_640' title='bbox 1842 4317 1992 4383; x_wconf 91' lang='lat' dir='ltr'><strong>alludens</strong></span> <span class='ocrx_word' id='word_1_641' title='bbox 2003 4328 2077 4384; x_wconf 88' lang='lat' dir='ltr'><strong>toto</strong></span> <span class='ocrx_word' id='word_1_642' title='bbox 2089 4324 2189 4391; x_wconf 69' lang='lat' dir='ltr'><strong>orbo</strong></span> 
     </span>
    </p>

    <p class='ocr_par' dir='ltr' id='par_1_46' title="bbox 161 4392 2360 4486">
     <span class='ocr_line' id='line_1_46' title="bbox 161 4392 2360 4486; baseline 0.003 -21"><span class='ocrx_word' id='word_1_643' title='bbox 161 4399 292 4467; x_wconf 85' lang='lat' dir='ltr'><strong>taoere?</strong></span> <span class='ocrx_word' id='word_1_644' title='bbox 332 4399 514 4466; x_wconf 85' lang='lat' dir='ltr'><strong>Contendit</strong></span> <span class='ocrx_word' id='word_1_645' title='bbox 552 4399 770 4483; x_wconf 89' lang='lat' dir='ltr'><strong>Westphalus</strong></span> <span class='ocrx_word' id='word_1_646' title='bbox 816 4399 1023 4465; x_wconf 84' lang='lat' dir='ltr'><strong>verissimam</strong></span> <span class='ocrx_word' id='word_1_647' title='bbox 1064 4419 1135 4463; x_wconf 91' lang='lat' dir='ltr'><strong>esse</strong></span> <span class='ocrx_word' id='word_1_648' title='bbox 1187 4400 1357 4476; x_wconf 82' lang='lat' dir='ltr'><strong>diffusam,</strong></span> <span class='ocrx_word' id='word_1_649' title='bbox 1385 4401 1472 4484; x_wconf 92' lang='lat' dir='ltr'><strong>quod</strong></span> <span class='ocrx_word' id='word_1_650' title='bbox 1495 4399 1536 4466; x_wconf 92' lang='lat' dir='ltr'><strong>de</strong></span> <span class='ocrx_word' id='word_1_651' title='bbox 1557 4400 1702 4468; x_wconf 83' lang='lat' dir='ltr'><strong>fidelium</strong></span> <span class='ocrx_word' id='word_1_652' title='bbox 1722 4423 1856 4486; x_wconf 76' lang='lat' dir='ltr'><strong>torpore</strong></span> <span class='ocrx_word' id='word_1_653' title='bbox 1884 4402 2018 4482; x_wconf 86' lang='lat' dir='ltr'><strong>dieitur,</strong></span> <span class='ocrx_word' id='word_1_654' title='bbox 2047 4406 2094 4472; x_wconf 88' lang='lat' dir='ltr'><strong>ad</strong></span> <span class='ocrx_word' id='word_1_655' title='bbox 2117 4431 2197 4476; x_wconf 63' lang='lat' dir='ltr'><strong>aaa</strong></span> <span class='ocrx_word' id='word_1_656' title='bbox 2257 4392 2360 4481; x_wconf 63' lang='lat' dir='ltr'><strong>T‘T</strong></span> 
     </span>
    </p>

    <p class='ocr_par' dir='ltr' id='par_1_47' title="bbox 162 4471 2360 4656">
     <span class='ocr_line' id='line_1_47' title="bbox 162 4471 2360 4656; baseline 0.005 -19"><span class='ocrx_word' id='word_1_657' title='bbox 162 4482 1135 4655; x_wconf 52' lang='lat' dir='ltr'><strong>irritantibusattribuatur</strong></span> <span class='ocrx_word' id='word_1_658' title='bbox 1186 4485 2197 4656; x_wconf 49' lang='lat' dir='ltr'><strong>rtabbatissuarum,latrat</strong></span> <span class='ocrx_word' id='word_1_659' title='bbox 2252 4471 2360 4605; x_wconf 63' lang='lat'><strong>1⁴³³</strong></span> 
     </span>
     <span class='ocr_line' id='line_1_48' title="bbox 767 4606 2198 4652; baseline 0.001 -1"><span class='ocrx_word' id='word_1_660' title='bbox 767 4624 775 4651; x_wconf 80' lang='lat' dir='ltr'><strong>r</strong></span> <span class='ocrx_word' id='word_1_661' title='bbox 1799 4625 1807 4652; x_wconf 83' lang='lat' dir='ltr'><strong>r</strong></span> <span class='ocrx_word' id='word_1_662' title='bbox 2148 4606 2198 4648; x_wconf 73' lang='lat' dir='ltr'><strong>l‘</strong></span> 
     </span>
    </p>

    <p class='ocr_par' dir='ltr' id='par_1_48' title="bbox 161 4647 2356 4745">
     <span class='ocr_line' id='line_1_49' title="bbox 161 4647 2356 4745; baseline 0.001 -22"><span class='ocrx_word' id='word_1_663' title='bbox 161 4658 198 4723; x_wconf 93' lang='lat' dir='ltr'><strong>in</strong></span> <span class='ocrx_word' id='word_1_664' title='bbox 230 4657 367 4723; x_wconf 91' lang='lat' dir='ltr'><strong>mundo:</strong></span> <span class='ocrx_word' id='word_1_665' title='bbox 408 4658 538 4739; x_wconf 88' lang='lat' dir='ltr'><strong>(Ioann.</strong></span> <span class='ocrx_word' id='word_1_666' title='bbox 576 4663 625 4737; x_wconf 86' lang='lat'><strong>16,</strong></span> <span class='ocrx_word' id='word_1_667' title='bbox 660 4660 716 4741; x_wconf 83' lang='grc'><strong>28)</strong></span> <span class='ocrx_word' id='word_1_668' title='bbox 748 4679 852 4740; x_wconf 87' lang='lat' dir='ltr'><strong>quum</strong></span> <span class='ocrx_word' id='word_1_669' title='bbox 884 4668 999 4722; x_wconf 85' lang='lat' dir='ltr'><strong>narrat</strong></span> <span class='ocrx_word' id='word_1_670' title='bbox 1025 4658 1135 4723; x_wconf 87' lang='lat' dir='ltr'><strong>Luoas</strong></span> <span class='ocrx_word' id='word_1_671' title='bbox 1187 4657 1245 4734; x_wconf 90' lang='lat' dir='ltr'><strong>dit,</strong></span> <span class='ocrx_word' id='word_1_672' title='bbox 1266 4659 1335 4723; x_wconf 91' lang='lat' dir='ltr'><strong>vim</strong></span> <span class='ocrx_word' id='word_1_673' title='bbox 1357 4659 1428 4724; x_wconf 88' lang='lat' dir='ltr'><strong>fieri</strong></span> <span class='ocrx_word' id='word_1_674' title='bbox 1447 4659 1627 4743; x_wconf 86' lang='lat' dir='ltr'><strong>Augustini</strong></span> <span class='ocrx_word' id='word_1_675' title='bbox 1650 4659 1759 4725; x_wconf 82' lang='lat' dir='ltr'><strong>verbis</strong></span> <span class='ocrx_word' id='word_1_676' title='bbox 1780 4660 1809 4726; x_wconf 87' lang='lat' dir='ltr'><strong>si</strong></span> <span class='ocrx_word' id='word_1_677' title='bbox 1831 4661 2197 4745; x_wconf 61' lang='lat' dir='ltr'><strong>privemnrpraosenae</strong></span> <span class='ocrx_word' id='word_1_678' title='bbox 2249 4647 2356 4692; x_wconf 70' lang='lat'><strong>‘¹&#39;</strong></span> 
     </span>
    </p>

    <p class='ocr_par' dir='ltr' id='par_1_49' title="bbox 163 4734 2352 4837">
     <span class='ocr_line' id='line_1_50' title="bbox 163 4734 2352 4837; baseline 0 -28"><span class='ocrx_word' id='word_1_679' title='bbox 163 4746 250 4825; x_wconf 86' lang='lat' dir='ltr'><strong>(Aet</strong></span> <span class='ocrx_word' id='word_1_680' title='bbox 277 4749 304 4821; x_wconf 93' lang='grc'><strong>1,</strong></span> <span class='ocrx_word' id='word_1_681' title='bbox 328 4745 363 4828; x_wconf 88' lang='grc'><strong>9)</strong></span> <span class='ocrx_word' id='word_1_682' title='bbox 386 4742 473 4809; x_wconf 87' lang='lat' dir='ltr'><strong>nube</strong></span> <span class='ocrx_word' id='word_1_683' title='bbox 494 4746 804 4827; x_wconf 84' lang='lat' dir='ltr'><strong>fuissesnsoeptum:</strong></span> <span class='ocrx_word' id='word_1_684' title='bbox 825 4765 927 4828; x_wconf 90' lang='lat' dir='ltr'><strong>quum</strong></span> <span class='ocrx_word' id='word_1_685' title='bbox 947 4741 1061 4808; x_wconf 88' lang='lat' dir='ltr'><strong>dieunt</strong></span> <span class='ocrx_word' id='word_1_686' title='bbox 1077 4762 1135 4806; x_wconf 91' lang='lat' dir='ltr'><strong>an·</strong></span> <span class='ocrx_word' id='word_1_687' title='bbox 1187 4745 1234 4808; x_wconf 92' lang='lat' dir='ltr'><strong>tia</strong></span> <span class='ocrx_word' id='word_1_688' title='bbox 1254 4745 1398 4826; x_wconf 88' lang='lat' dir='ltr'><strong>eorporis</strong></span> <span class='ocrx_word' id='word_1_689' title='bbox 1421 4744 1547 4810; x_wconf 90' lang='lat' dir='ltr'><strong>Christi</strong></span> <span class='ocrx_word' id='word_1_690' title='bbox 1567 4765 1665 4827; x_wconf 88' lang='lat' dir='ltr'><strong>quam</strong></span> <span class='ocrx_word' id='word_1_691' title='bbox 1686 4744 1764 4810; x_wconf 89' lang='lat' dir='ltr'><strong>alibi</strong></span> <span class='ocrx_word' id='word_1_692' title='bbox 1785 4748 1911 4813; x_wconf 85' lang='lat' dir='ltr'><strong>asserit</strong></span> <span class='ocrx_word' id='word_1_693' title='bbox 1943 4745 2012 4813; x_wconf 84' lang='lat' dir='ltr'><strong>Sed</strong></span> <span class='ocrx_word' id='word_1_694' title='bbox 2031 4749 2070 4814; x_wconf 91' lang='lat' dir='ltr'><strong>in</strong></span> <span class='ocrx_word' id='word_1_695' title='bbox 2094 4775 2197 4837; x_wconf 53' lang='grc' dir='ltr'><strong>ρων</strong></span> <span class='ocrx_word' id='word_1_696' title='bbox 2245 4734 2352 4809; x_wconf 57' lang='lat'><strong>‘⁴7</strong></span> 
     </span>
    </p>

    <p class='ocr_par' dir='ltr' id='par_1_50' title="bbox 163 4820 2345 4914">
     <span class='ocr_line' id='line_1_51' title="bbox 163 4820 2345 4914; baseline 0.004 -20"><span class='ocrx_word' id='word_1_697' title='bbox 163 4830 297 4914; x_wconf 85' lang='lat' dir='ltr'><strong>gelisia</strong></span> <span class='ocrx_word' id='word_1_698' title='bbox 319 4838 496 4896; x_wconf 89' lang='lat' dir='ltr'><strong>venturum</strong></span> <span class='ocrx_word' id='word_1_699' title='bbox 518 4829 752 4897; x_wconf 88' lang='lat' dir='ltr'><strong>eooelosiout</strong></span> <span class='ocrx_word' id='word_1_700' title='bbox 774 4829 1135 4895; x_wconf 85' lang='lat' dir='ltr'><strong>visuseetaseendere:</strong></span> <span class='ocrx_word' id='word_1_701' title='bbox 1187 4830 1316 4896; x_wconf 87' lang='lat' dir='ltr'><strong>batione</strong></span> <span class='ocrx_word' id='word_1_702' title='bbox 1342 4850 1446 4914; x_wconf 91' lang='lat' dir='ltr'><strong>quum</strong></span> <span class='ocrx_word' id='word_1_703' title='bbox 1472 4831 1631 4896; x_wconf 86' lang='lat' dir='ltr'><strong>haetenus</strong></span> <span class='ocrx_word' id='word_1_704' title='bbox 1658 4830 1873 4911; x_wconf 86' lang='lat' dir='ltr'><strong>laboraverit,</strong></span> <span class='ocrx_word' id='word_1_705' title='bbox 1904 4835 2010 4899; x_wconf 87' lang='lat' dir='ltr'><strong>instar</strong></span> <span class='ocrx_word' id='word_1_706' title='bbox 2037 4834 2195 4906; x_wconf 69' lang='lat' dir='ltr'><strong>limatis</strong></span> <span class='ocrx_word' id='word_1_707' title='bbox 2237 4820 2345 4881; x_wconf 49' lang='grc' dir='ltr'><strong>ΒΕ</strong></span> 
     </span>
    </p>

    <p class='ocr_par' dir='ltr' id='par_1_51' title="bbox 163 4907 2337 5002">
     <span class='ocr_line' id='line_1_52' title="bbox 163 4907 2337 5002; baseline 0.007 -24"><span class='ocrx_word' id='word_1_708' title='bbox 163 4914 255 4997; x_wconf 75' lang='lat' dir='ltr'><strong>(ibid</strong></span> <span class='ocrx_word' id='word_1_709' title='bbox 278 4938 309 4982; x_wconf 87' lang='lat' dir='ltr'><strong>v.</strong></span> <span class='ocrx_word' id='word_1_710' title='bbox 336 4918 389 4999; x_wconf 86' lang='lat' dir='ltr'><strong>ll)</strong></span> <span class='ocrx_word' id='word_1_711' title='bbox 412 4917 583 5002; x_wconf 91' lang='lat' dir='ltr'><strong>restringit</strong></span> <span class='ocrx_word' id='word_1_712' title='bbox 601 4916 681 4980; x_wconf 84' lang='lat' dir='ltr'><strong>haee</strong></span> <span class='ocrx_word' id='word_1_713' title='bbox 702 4916 812 4980; x_wconf 90' lang='lat' dir='ltr'><strong>omnia</strong></span> <span class='ocrx_word' id='word_1_714' title='bbox 830 4914 872 4980; x_wconf 87' lang='lat' dir='ltr'><strong>ad</strong></span> <span class='ocrx_word' id='word_1_715' title='bbox 889 4914 1051 4980; x_wconf 87' lang='lat' dir='ltr'><strong>visibilem</strong></span> <span class='ocrx_word' id='word_1_716' title='bbox 1072 4916 1136 4980; x_wconf 88' lang='lat' dir='ltr'><strong>for-</strong></span> <span class='ocrx_word' id='word_1_717' title='bbox 1186 4937 1378 4999; x_wconf 84' lang='lat' dir='ltr'><strong>progressus</strong></span> <span class='ocrx_word' id='word_1_718' title='bbox 1398 4923 1457 4980; x_wconf 86' lang='lat' dir='ltr'><strong>est</strong></span> <span class='ocrx_word' id='word_1_719' title='bbox 1501 4915 1645 4999; x_wconf 91' lang='lat' dir='ltr'><strong>Ideoque</strong></span> <span class='ocrx_word' id='word_1_720' title='bbox 1667 4928 1777 4983; x_wconf 90' lang='lat' dir='ltr'><strong>manet</strong></span> <span class='ocrx_word' id='word_1_721' title='bbox 1797 4917 1879 4983; x_wconf 90' lang='lat' dir='ltr'><strong>illud</strong></span> <span class='ocrx_word' id='word_1_722' title='bbox 1900 4921 2015 4998; x_wconf 84' lang='lat' dir='ltr'><strong>fixum,</strong></span> <span class='ocrx_word' id='word_1_723' title='bbox 2038 4921 2193 4993; x_wconf 81' lang='lat' dir='ltr'><strong>Filium</strong></span> <span class='ocrx_word' id='word_1_724' title='bbox 2232 4907 2337 4972; x_wconf 63' lang='lat'><strong>1¹¹</strong></span> 
     </span>
    </p>

    <p class='ocr_par' dir='ltr' id='par_1_52' title="bbox 163 4995 2327 5095">
     <span class='ocr_line' id='line_1_53' title="bbox 163 4995 2327 5095; baseline 0.004 -31"><span class='ocrx_word' id='word_1_725' title='bbox 163 5021 261 5066; x_wconf 88' lang='lat' dir='ltr'><strong>mam.</strong></span> <span class='ocrx_word' id='word_1_726' title='bbox 313 4999 411 5082; x_wconf 82' lang='lat' dir='ltr'><strong>Quod</strong></span> <span class='ocrx_word' id='word_1_727' title='bbox 444 5023 505 5088; x_wconf 89' lang='lat' dir='ltr'><strong>ego</strong></span> <span class='ocrx_word' id='word_1_728' title='bbox 532 5021 660 5085; x_wconf 90' lang='lat' dir='ltr'><strong>quoque</strong></span> <span class='ocrx_word' id='word_1_729' title='bbox 684 5000 802 5066; x_wconf 77' lang='lat' dir='ltr'><strong>fateor:</strong></span> <span class='ocrx_word' id='word_1_730' title='bbox 830 5000 926 5067; x_wconf 93' lang='lat' dir='ltr'><strong>modo</strong></span> <span class='ocrx_word' id='word_1_731' title='bbox 954 5000 1053 5065; x_wconf 92' lang='lat' dir='ltr'><strong>simul</strong></span> <span class='ocrx_word' id='word_1_732' title='bbox 1080 4998 1136 5066; x_wconf 89' lang='lat' dir='ltr'><strong>ad·</strong></span> <span class='ocrx_word' id='word_1_733' title='bbox 1187 5002 1267 5080; x_wconf 91' lang='lat' dir='ltr'><strong>Dei,</strong></span> <span class='ocrx_word' id='word_1_734' title='bbox 1295 5002 1373 5069; x_wconf 91' lang='lat' dir='ltr'><strong>lieet</strong></span> <span class='ocrx_word' id='word_1_735' title='bbox 1394 5002 1488 5067; x_wconf 89' lang='lat' dir='ltr'><strong>nobis</strong></span> <span class='ocrx_word' id='word_1_736' title='bbox 1516 5023 1574 5085; x_wconf 87' lang='lat' dir='ltr'><strong>per</strong></span> <span class='ocrx_word' id='word_1_737' title='bbox 1601 5003 1740 5068; x_wconf 89' lang='lat' dir='ltr'><strong>verbum</strong></span> <span class='ocrx_word' id='word_1_738' title='bbox 1768 5025 1865 5069; x_wconf 92' lang='lat' dir='ltr'><strong>suum</strong></span> <span class='ocrx_word' id='word_1_739' title='bbox 1895 5003 1997 5084; x_wconf 88' lang='lat' dir='ltr'><strong>adsit,</strong></span> <span class='ocrx_word' id='word_1_740' title='bbox 2027 5026 2188 5095; x_wconf 76' lang='lat' dir='ltr'><strong>torpore</strong></span> <span class='ocrx_word' id='word_1_741' title='bbox 2227 4995 2327 5079; x_wconf 68' lang='grc'><strong>99</strong></span> 
     </span>
    </p>

    <p class='ocr_par' dir='ltr' id='par_1_53' title="bbox 166 5065 2318 5177">
     <span class='ocr_line' id='line_1_54' title="bbox 237 5065 2318 5177; baseline 0.002 -24.835"><span class='ocrx_word' id='word_1_742' title='bbox 237 5125 367 5177; x_wconf 59' lang='lat'><strong>7—</strong></span> <span class='ocrx_word' id='word_1_743' title='bbox 1189 5108 1248 5153; x_wconf 92' lang='lat' dir='ltr'><strong>suo</strong></span> <span class='ocrx_word' id='word_1_744' title='bbox 1276 5109 1408 5154; x_wconf 90' lang='lat' dir='ltr'><strong>sursum</strong></span> <span class='ocrx_word' id='word_1_745' title='bbox 1435 5109 1515 5154; x_wconf 86' lang='lat' dir='ltr'><strong>esse.</strong></span> <span class='ocrx_word' id='word_1_746' title='bbox 1566 5088 1683 5174; x_wconf 86' lang='lat' dir='ltr'><strong>Pergit</strong></span> <span class='ocrx_word' id='word_1_747' title='bbox 1712 5100 1823 5155; x_wconf 89' lang='lat' dir='ltr'><strong>tamen</strong></span> <span class='ocrx_word' id='word_1_748' title='bbox 1851 5089 1973 5156; x_wconf 91' lang='lat' dir='ltr'><strong>adhue:</strong></span> <span class='ocrx_word' id='word_1_749' title='bbox 2010 5098 2088 5173; x_wconf 74' lang='lat' dir='ltr'><strong>[pag.</strong></span> <span class='ocrx_word' id='word_1_750' title='bbox 2113 5083 2182 5174; x_wconf 75' lang='lat'><strong>95&#39;1‘</strong></span> <span class='ocrx_word' id='word_1_751' title='bbox 2227 5065 2318 5157; x_wconf 72' lang='lat' dir='ltr'><strong>[J</strong></span> 
     </span>
    </p>

    <p class='ocr_par' dir='ltr' id='par_1_54' title="bbox 235 5171 2301 5268">
     <span class='ocr_line' id='line_1_55' title="bbox 235 5171 2301 5268; baseline 0.002 -29"><span class='ocrx_word' id='word_1_752' title='bbox 235 5190 263 5253; x_wconf 78' lang='lat'><strong>1)</strong></span> <span class='ocrx_word' id='word_1_753' title='bbox 280 5191 390 5246; x_wconf 83' lang='lat' dir='ltr'><strong>illualon</strong></span> <span class='ocrx_word' id='word_1_754' title='bbox 409 5207 444 5245; x_wconf 89' lang='lat' dir='ltr'><strong>ou</strong></span> <span class='ocrx_word' id='word_1_755' title='bbox 462 5189 624 5244; x_wconf 85' lang='lat' dir='ltr'><strong>soreelleris.</strong></span> <span class='ocrx_word' id='word_1_756' title='bbox 1188 5171 1275 5258; x_wconf 80' lang='lat' dir='ltr'><strong>quod</strong></span> <span class='ocrx_word' id='word_1_757' title='bbox 1301 5173 1511 5257; x_wconf 77' lang='lat' dir='ltr'><strong>Augustinus</strong></span> <span class='ocrx_word' id='word_1_758' title='bbox 1545 5182 1686 5242; x_wconf 81' lang='lat' dir='ltr'><strong>truetatu</strong></span> <span class='ocrx_word' id='word_1_759' title='bbox 1711 5176 1748 5240; x_wconf 83' lang='lat' dir='ltr'><strong>in</strong></span> <span class='ocrx_word' id='word_1_760' title='bbox 1774 5175 1934 5242; x_wconf 84' lang='lat' dir='ltr'><strong>Ioannem</strong></span> <span class='ocrx_word' id='word_1_761' title='bbox 1959 5179 2179 5268; x_wconf 74' lang='lat' dir='ltr'><strong>quinquago-</strong></span> <span class='ocrx_word' id='word_1_762' title='bbox 2194 5189 2301 5221; x_wconf 50' lang='grc' dir='ltr'><strong>κ·</strong></span> 
     </span>
    </p>
   </div>
   <div class='ocr_carea' id='block_1_3' title="bbox 0 0 2401 5844">
    <p class='ocr_par' dir='ltr' id='par_1_55' title="bbox 0 0 2401 5844">
     <span class='ocr_line' id='line_1_56' title="bbox 0 0 2401 5844; baseline 0 0"><span class='ocrx_word' id='word_1_763' title='bbox 0 0 2401 5844; x_wconf 95' lang='lat' dir='ltr'><strong> </strong></span> 
     </span>
    </p>
   </div>
  </div>
 </body>
</html>
