4776 5844
276 245 340 307 289
914 340 915 344 Ἰ
1039 236 1221 305 nnuma
1241 234 1506 305 ADMONI'HO
2221 238 2293 311 ato

277 437 384 515 potest
416 430 451 493 in
481 448 600 511 panem
634 433 816 508 competere
849 444 968 490 nomen
1002 426 1156 508 corporis,
1188 426 1252 491 nisi
1305 432 1338 489 et
1358 423 1575 490 irrebrtabiIia
1595 445 1676 500 esse,
1700 445 1783 508 quae
1804 423 1846 489 ad
1863 422 2098 491 stabiliendum
2115 445 2214 490 suum
2230 445 2287 488 er·

278 523 440 600 quatenus
450 512 636 600 symbolum
646 517 705 577 est
732 510 1037 576 Hancsententiam
1047 514 1252 595 satissuper-
1304 531 1412 576 rorem
1444 510 1642 590 obtendunt;
1674 511 1709 575 in
1742 529 1807 593 quo
1844 516 1883 575 ut
1913 530 2029 576 secure
2062 511 2291 593 acquiescant.

276 623 340 685 que
350 600 523 665 confirmat
533 619 616 682 quse
626 599 714 663 inter
724 596 855 680 signum
867 604 901 660 et
922 616 991 661 rem
1004 596 1030 662 s'
1056 605 1170 663 natam
1179 595 1252 662 ubi·
1303 596 1381 662 facit
1402 616 1514 661 eorum
1537 604 1667 680 stupor:
1691 602 1761 662 tuto
1782 603 1870 662 carte
1892 602 2069 679 nequeunt
2234 674 2235 677 Ἴ

276 687 403 771 quein
434 684 604 767 scripturis
637 681 779 749 occurrit
810 680 970 767 analogia
1054 704 1095 747 ur
1126 682 1190 766 ipsi
1217 684 1252 748 in
1390 680 1477 746 Nam
1494 681 1580 764 quod
1598 681 1757 748 obiiciunt
1773 683 1915 766 figuram
1934 681 2078 764 corporis
2096 702 2164 746 non
2183 682 2286 748 fuisse
2324 674 2332 693 ⁸

275 792 387 839 crassa
408 769 608 837 absurditate
629 766 792 835 literalem
813 787 851 834 ac
871 767 1010 833 crudum
1038 790 1170 835 sensum
1200 791 1252 834 ar·
1304 766 1470 846 traditam,
1489 788 1549 833 nec
1571 768 1702 852 signum
1724 767 1894 852 sangciinis
1913 768 2013 832 fuisse
2030 768 2182 846 effusum,
2205 767 2286 835 hinc

276 858 410 943 ripiant,
433 856 462 923 si
483 855 567 921 ratio
589 855 768 938 quaeritur,
790 853 990 936 respondent
1016 854 1078 921 hac
1106 854 1252 938 postula·
1304 853 1423 919 clarius
1451 854 1636 937 perspicere
1664 853 1750 933 lieet,
1777 874 1875 937 quam
1904 852 2061 919 audacter
2088 854 2143 918 isti
2172 862 2286 937 pater-

277 945 367 1010 ticne
384 942 469 1007 nihil
491 962 562 1007 esse
582 940 727 1024 iniquius
737 939 943 1006 velstultius.
989 939 1156 1021 Quorsum
1174 961 1252 1025 ergo
1304 938 1371 1003 culi
1398 960 1474 1005 cum
1502 940 1619 1005 umbra
1640 961 1701 1005 sua
1728 939 1959 1024 digladientur.
1994 938 2162 1020 Quorsum
2193 941 2287 1005 enim

276 1030 395 1097 attinet
422 1026 564 1112 quotidie
592 1047 648 1093 eos
676 1048 717 1091 ex
745 1031 901 1110 suggestu
934 1025 1117 1103 clamitare,
1150 1026 1180 1092 si
1210 1025 1252 1090 ab
1304 1023 1533 1108 tenditquaea
1549 1024 1644 1091 nobis
1661 1026 1795 1108 ponitur
1811 1031 1924 1091 meton
1949 1026 2023 1101 mia,
2044 1026 2109 1091 nisi
2127 1036 2167 1090 ut
2188 1026 2287 1107 panis

278 1115 415 1183 ecclesia
436 1119 566 1180 arcetur
576 1114 758 1195 scripturae
774 1111 1021 1194 interpretatio?
1064 1110 1132 1178 Sed
1143 1111 1252 1178 clarus
1303 1111 1532 1176 sacramentali
1564 1111 1661 1177 modo
1691 1132 1808 1177 verum
1840 1112 1886 1177 sit
1916 1047 2042 1178 Christi
2074 1132 2194 1195 corpus
2223 1132 2284 1195 pro

278 1208 389 1267 textus
415 1218 482 1266 non
518 1198 646 1283 indiget
676 1197 880 1281 probatione,
908 1197 1071 1281 inquiunt
1124 1197 1252 1281 Nempe
1303 1197 1397 1263 nobis
1419 1197 1633 1270 crucifixum?
1680 1198 1789 1281 Atque
1811 1198 1858 1262 ita
1879 1197 1940 1263 sub
1968 1203 2105 1262 externo
2132 1196 2285 1281 symbolo

277 1285 374 1352 modo
396 1285 608 1352 admitterent
629 1291 871 1351 sacramentum
899 1305 971 1349 esse
998 1294 1250 1350 sacramentum.
1303 1281 1397 1348 nobis
1419 1303 1496 1349 vere
1517 1283 1798 1350 communicetur?
1842 1282 1912 1348 Nec
1934 1283 2080 1367 physicis
2109 1283 2207 1349 modo
2231 1304 2285 1348 ar·

277 1371 369 1438 Dum
391 1371 586 1455 pronunciat
606 1369 734 1437 Paulus
761 1369 929 1435 ecclesiam
956 1369 1150 1434 mundatam
1178 1390 1251 1436 esse
1301 1369 1469 1452 gumentis
1479 1370 1625 1447 nitimur,
1637 1369 1695 1435 sed
1714 1368 1800 1453 quod
1811 1370 1974 1452 scriptura
1985 1368 2026 1433 de
2043 1389 2142 1434 carne
2154 1369 2284 1435 Christi

275 1458 408 1524 lavacro
429 1478 532 1540 aquae
555 1456 654 1539 (Eph.
678 1461 707 1535 5,
730 1456 796 1536 26),
814 1455 995 1520 sententiae
1013 1455 1111 1520 huius
1129 1457 1250 1521 veritas
1301 1463 1414 1537 aperte
1435 1452 1537 1534 docet,
1560 1455 1710 1521 volumus
1732 1456 1865 1520 firmum
1896 1465 1929 1519 et
1956 1454 2145 1520 inviolabile
2174 1465 2283 1521 stare:

275 1544 424 1610 omnium
445 1564 607 1608 censensu
628 1540 793 1624 recipitur.
836 1540 920 1605 Inde
947 1541 974 1606 si
1003 1541 1159 1624 colligant
1179 1562 1250 1608 cor·
1301 1540 1397 1607 acuti
1419 1541 1516 1623 paulo
1537 1551 1614 1606 ants
1636 1541 1792 1606 admonui
1814 1562 1880 1606 non
1902 1541 2060 1624 affingere
2077 1552 2139 1605 nos
2155 1539 2283 1607 Christi

276 1628 425 1714 ruptibili
445 1650 548 1711 aquae
569 1626 732 1693 elemento
753 1627 887 1711 purgari
909 1627 1038 1692 animae
1059 1626 1182 1706 sordes,
1201 1627 1249 1691 sol
1301 1624 1411 1692 verbis
1438 1627 1583 1692 alienum
1610 1647 1743 1693 sensum
1771 1625 1828 1693 sed
1862 1648 1960 1709 quem
1989 1627 2128 1711 exigunt
2156 1627 2283 1694 similes

276 1715 347 1799 ipse
367 1714 512 1780 iustitiae
539 1713 773 1780 obscurabitur.
824 1711 914 1776 Vere
942 1712 1042 1777 etiam
1068 1713 1109 1778 ab
1137 1711 1250 1777 eodem
1300 1710 1372 1778 loci.
1422 1712 1567 1780 Pulchre
1594 1734 1630 1778 se
1657 1711 1838 1796 expediunt
1866 1717 1940 1791 [pag.
1965 1718 2039 1790 294]
2070 1712 2281 1789 Bremenses,

276 1801 401 1867 dictum
422 1821 508 1879 esse,
536 1798 705 1866 Christum
727 1798 821 1863 indui
847 1799 882 1862 in
910 1797 1071 1881 baptismo
1099 1798 1190 1877 (Cal.
1220 1803 1249 1875 3,
1302 1798 1378 1881 quia
1399 1800 1558 1881 scriptum
1580 1808 1644 1865 est:
1667 1799 1809 1865 Frustra
1829 1820 1882 1863 me
1900 1798 2013 1866 colunt
2033 1797 2200 1865 mandatis
2222 1799 2282 1865 ho-

277 1885 342 1974 27),
365 1892 440 1967 [pag.
463 1891 538 1966 291]
560 1886 733 1952 conveniet
749 1885 837 1949 inter
858 1903 980 1949 omnes.
1025 1885 1137 1951 Iamsi
1150 1882 1250 1949 Chri·
1301 1883 1430 1948 minum
1456 1884 1590 1964 (Mattb.
1622 1889 1671 1963 15,
1700 1885 1743 1964 9),
1772 1885 1898 1950 cunctis
1925 1883 2106 1959 rationibus
2134 1885 2282 1952 clausam

276 1982 362 2039 stum
385 1973 421 2036 in
441 1979 568 2038 vestem
588 1973 827 2055 transfigurent
845 1970 1052 2048 Bremenses,
1071 1969 1184 2053 quales
1202 1979 1250 2035 te·
1302 1989 1373 2036 esse
1405 1970 1547 2035 ianuam.
1602 1970 1712 2052 Quam
1738 1991 1819 2036 vero
1850 1972 2081 2053 intempestive
2113 1970 2282 2054 plausibili

275 2059 394 2124 nebras
425 2079 484 2141 pro
516 2057 666 2124 claritate
698 2054 877 2121 inducent?
938 2055 1102 2120 Audimus
1138 2065 1250 2120 tamen
1300 2054 1356 2120 illo
1384 2056 1471 2124 dicto
1499 2078 1534 2121 se
1564 2063 1701 2134 arment,
1728 2056 1891 2123 humanae
1917 2056 2037 2121 rationi
2065 2076 2196 2140 semper
2217 2058 2282 2127 Dei

274 2144 351 2228 quid
379 2145 482 2211 verba
508 2151 634 2208 sonent
689 2141 732 2206 In
753 2142 826 2224 ipsa
859 2162 956 2224 porro
982 2142 1250 2224 interpretatione
1301 2142 1439 2207 verbum
1461 2143 1579 2226 opponi
1609 2141 1737 2220 debere,
1764 2144 1832 2208 iam
1862 2142 1991 2225 saepius
2017 2161 2072 2206 me
2094 2143 2206 2226 palam
2234 2145 2282 2208 fe-

274 2230 375 2298 velim
396 2230 518 2296 infesta
539 2230 634 2314 signa
655 2225 839 2306 ostendant,
861 2228 979 2310 quibus
1006 2249 1066 2293 nos
1087 2227 1251 2294 hostiliter
1301 2227 1383 2293 cisse
1411 2229 1572 2294 existimo.
1624 2227 1730 2294 Sicuti
1758 2228 1852 2294 enim‘
1869 2228 1988 2295 clausis
2010 2226 2111 2293 oculis
2138 2228 2283 2295 libenter

275 2317 362 2382 inter
400 2337 461 2380 nos
494 2334 689 2380 concurrere
726 2314 939 2380 mentiuntur.
996 2312 1194 2397 Quanquam
1222 2315 1250 2379 si
1301 2315 1470 2395 sequimur
1491 2334 1684 2398 quocunque
1706 2336 1785 2380 voce
1807 2335 1868 2380 sua
1896 2335 1956 2379 nos
1978 2314 2070 2379 Deus
2095 2322 2208 2395 rocat;
2236 2316 2282 2380 ita

273 2401 359 2485 quid
373 2400 428 2467 alii
451 2401 493 2467 ab
515 2400 587 2466 aliis
609 2399 773 2466 diversum
803 2397 1006 2477 tradiderint,
1035 2399 1118 2464 nihil
1146 2399 1180 2465 id
1208 2398 1248 2463 ad
1301 2399 1454 2464 nolumus
1475 2401 1571 2465 bruto
1600 2408 1731 2484 stupore
1759 2402 1897 2466 miscere
1925 2420 1985 2464 nos
2008 2398 2188 2466 immundis
2210 2403 2282 2466 ani-

273 2508 415 2554 causam.
460 2487 604 2551 'Pontum
627 2485 813 2569 expendant
833 2485 979 2562 lectores,
1003 2506 1045 2550 an
1063 2506 1249 2551 sacramen·
1301 2484 1442 2551 malibus
1464 2508 1547 2569 quae
1569 2486 1726 2570 ungulam
1749 2508 1815 2552 non
1836 2484 1974 2551 findunt

275 2573 350 2640 talis
371 2572 519 2656 loquutio
544 2573 579 2637 in
612 2571 777 2639 communi
804 2571 985 2653 scripturae
1013 2592 1075 2636 usu
1102 2571 1248 2650 fundata,
1345 2606 1352 2619 ·
1387 2572 1438 2637 Ne
1471 2571 1554 2638 haec
1586 2572 1806 2638 memorabilis
1838 2571 1976 2654 epistola
2014 2572 2099 2637 iusto
2133 2573 2282 2655 pondere

274 2658 597 2743 quiaBremensibns
612 2678 678 2723 ncn
690 2655 822 2736 arridet,
837 2676 973 2739 prorsus
983 2656 1185 2740 repudianda
1196 2658 1247 2723 sit.
1301 2667 1436 2737 careret,
1458 2678 1577 2723 nomen
1595 2681 1692 2724 suum
1714 2658 1849 2741 apponit
1866 2657 2075 2723 Christianus
2092 2658 2279 2724 Haveman.

361 2742 430 2811 Sed
451 2751 590 2827 quatuor
610 2744 753 2809 rationes
773 2742 965 2825 impediunt,
995 2765 1036 2808 ne
1070 2765 1090 2808 a
1117 2752 1249 2809 senten·
1301 2741 1438 2809 Accedit
1461 2744 1544 2810 alter
1572 2745 1773 2827 subscriptor
1800 2745 1942 2808 Ioannes
1970 2743 2007 2808 'a
2032 2746 2071 2809 A.
2102 2744 2160 2827 qui
2192 2767 2279 2811 unus

274 2831 321 2896 tia
343 2828 519 2896 discedant
562 2830 678 2896 Prima
689 2836 747 2907 est,
771 2827 858 2913 quod
867 2828 961 2893 Iesus
974 2828 1128 2896 Christus
1148 2850 1249 2894 verus
1299 2849 1360 2894 sua
1373 2829 1561 2896 celebritate
1578 2851 1735 2913 personas
1752 2850 1866 2895 omnes
1883 2829 2031 2894 sustinet
2075 2829 2171 2895 Haec
2189 2833 2279 2897 enim

274 2923 310 2982 et
329 2916 493 3000 perfectus
513 2917 607 2982 Deus
628 2924 662 2981 et
682 2914 779 2980 homo
800 2914 1061 2997 inseparabihter
1081 2916 1117 2980 in
1147 2936 1248 2979 unam
1299 2914 1400 2979 verba
1417 2925 1509 2982 snut:
1533 2917 1673 3000 Propter
1690 2916 1967 3000 opportunitatem
1985 2915 2131 2981 fidelium
2149 2917 2279 2984 Christi

315 3023 449 3069 rsonam
470 3002 582 3067 unitus
604 3002 655 3068 sit.
701 3000 803 3085 Atqui
823 3009 962 3066 naturae
983 3000 1147 3068 humanae
1174 3021 1248 3068 cum
1298 3002 1531 3081 membrorum,
1554 3023 1637 3086 quae
1659 3012 1755 3068 erant
1776 3000 1818 3067 ad
1840 3022 1897 3066 vos
1924 3000 2028 3067 obiter
2048 3000 2189 3082 abitura,
2211 3025 2280 3068 non

299 3088 386 3155 'vina
407 3088 484 3153 unio
506 3109 573 3152 non
594 3087 672 3153 facit
693 3087 860 3154 contrusam
881 3087 1050 3172 utriusque
1076 3087 1247 3162 unitatem,
1299 3089 1466 3169 potuimus
1486 3088 1606 3155 habere
1628 3089 1775 3153 omnium
1797 3089 1925 3171 piorum
1946 3088 2083 3153 hamum
2114 3089 2187 3154 suis
2207 3110 2279 3154 ma-

273 3197 334 3242 neo
355 3195 513 3257 personae
534 3174 644 3239 unitas
665 3179 819 3238 naturam
840 3170 987 3237 divinam
1009 3175 1061 3242 sic·
1076 3174 1250 3258 permiscet
1301 3176 1398 3242 nibus
1418 3173 1581 3259 descripta
1602 3175 1804 3240 testimonia:
1827 3173 1927 3258 aliqui
1945 3173 2032 3238 enim
2049 3173 2279 3244 aivitatsabe·

273 3283 349 3327 cum
371 3260 525 3338 humana,
548 3260 628 3342 quin
649 3259 780 3343 utrique
798 3260 891 3325 salva
907 3268 1041 3327 maneat
1057 3260 1248 3345 proprietas.
1300 3270 1384 3341 rant,
1413 3261 1515 3346 aliqui
1543 3261 1690 3328 aedibus:
1719 3261 1853 3326 interim
1883 3267 1922 3324 ut
1950 3265 2024 3339 [pag.
2052 3264 2128 3339 aas]
2158 3261 2192 3328 in
2222 3281 2279 3326 ore

274 3348 373 3415 Certe
400 3345 526 3412 Christi
560 3345 670 3411 anima
694 3350 829 3429 propius
859 3348 932 3424 [pag.
962 3354 1036 3425 292]
1063 3348 1106 3414 ad
1131 3346 1249 3413 divini-
1301 3347 1439 3413 duorum
1461 3350 1595 3414 testium
1624 3349 1748 3413 veritas
1769 3347 1813 3411 sit
1840 3354 1920 3424 rata,
1948 3355 2059 3423 testor,
2090 3358 2151 3411 etc.
2203 3346 2278 3412 Iam

274 3441 377 3500 tatem
406 3453 506 3515 quam
539 3452 658 3514 corpus
684 3435 830 3500 accessit.
884 3433 1000 3517 Neque
1032 3442 1141 3500 tamen
1175 3431 1249 3499 ideo
1299 3455 1379 3510 vero
1400 3441 1573 3518 praetextu
1585 3436 1760 3502 verborum
1772 3432 1898 3499 Christi
1920 3439 1988 3497 tam
2006 3435 2150 3499 fastuose
2161 3432 2278 3499 cristas

275 3519 442 3586 confessus
469 3523 521 3583 est
545 3517 717 3582 liutherus
744 3516 929 3599 Christum,
958 3528 1119 3605 quatenus
1150 3517 1250 3584 homo
1300 3521 1426 3605 erigere
1448 3521 1533 3586 nihil
1555 3522 1655 3586 miror
1677 3522 1733 3605 qui
1755 3519 1871 3606 primis
1893 3519 2063 3584 nominum
2089 3517 2196 3584 literis
2225 3541 2276 3584 or-

275 3614 355 3685 erat,
377 3624 490 3670 rerum
512 3603 659 3668 omnium
680 3623 811 3689 semper
829 3605 1012 3688 praescium
1033 3607 1143 3672 fuisse.
1188 3603 1250 3671 Se·
1300 3607 1373 3673 bem
1406 3615 1571 3673 terrarum
1604 3607 1644 3674 ad
1677 3605 1876 3675 credendum
1909 3604 2126 3688 obstringunt
2183 3604 2277 3670 Idem

276 3690 384 3758 cunda
411 3711 524 3755 eorum
552 3688 637 3754 ratio
669 3701 734 3770 est,
761 3690 849 3775 quod
876 3690 992 3757 dextra
1020 3691 1095 3770 Dei,
1123 3693 1159 3757 in
1186 3712 1250 3775 qua
1300 3703 1412 3759 tamen
1439 3692 1516 3759 alibi
1537 3696 1561 3777 ¹)
1590 3714 1656 3760 non
1684 3703 1812 3759 tantum
1838 3694 1873 3758 in
1902 3688 2115 3775 exprimendo
2144 3692 2277 3756 nomine
2311 3718 2332 3750 ι

275 3776 368 3843 sedet
378 3775 540 3854 Christus,
563 3775 682 3859 ubique
700 3779 751 3845 sit
796 3776 900 3858 Quasi
910 3798 1069 3862 negemus
1078 3778 1249 3844 Christum
1299 3779 1468 3846 liberalior
1490 3789 1549 3856 est,
1572 3779 1750 3846 sedetiam
1770 3781 1805 3844 in
1827 3777 1948 3863 frigida
1969 3786 2004 3841 et
2029 3775 2156 3842 insulsa
2185 3774 2277 3842 addi·
2295 3811 2332 3823 -

275 3859 488 3927 mediatorem
508 3860 574 3927 Dei
595 3868 629 3926 et
651 3861 823 3930 hominnm
844 3865 953 3929 omnia
974 3864 1133 3929 ineffabili
1153 3863 1251 3930 modo
1299 3867 1390 3934 tione
1410 3868 1536 3934 facetus
1552 3867 1628 3932 vult
1656 3865 1767 3931 haberi
1795 3886 1920 3933 scurra:
1948 3864 2021 3948 Ego
2048 3862 2192 3928 Ioannes
2222 3863 2276 3928 ui-
2291 3897 2332 3910 -

276 3945 424 4030 implere,
453 3955 491 4012 ut
517 3956 605 4013 totus
634 3947 755 4035 ubique
782 3950 839 4015 sit:
869 3956 902 4013 et
928 3957 1041 4016 tamen
1068 3951 1249 4016 seeundum
1300 3974 1442 4019 mannus
1464 3952 1734 4018 Amsterodamus
1755 3960 1869 4036 paster
1899 3949 2054 4016 ccclesiae
2083 3947 2332 4017 Bremensisae

275 4053 409 4101 carnem
429 4032 463 4096 in
491 4033 580 4099 coelo
607 4031 717 4101 sedem
744 4044 887 4119 occupet
938 4037 1050 4101 Tertia
1074 4036 1158 4102 ratio
1180 4043 1248 4116 est,
1299 4041 1335 4106 in
1351 4040 1486 4106 ecclesia
1502 4039 1716 4118 Martiniano,
1733 4039 1811 4117 sive,
1830 4037 1860 4104 si
1876 4033 2141 4104 sacramentariis
2160 4034 2332 4119 placett

275 4119 415 4186 verbum
436 4118 498 4182 Dei
528 4140 594 4184 non
620 4139 692 4187 esse
717 4121 837 4188 falsum
866 4121 921 4186 vel
947 4119 1098 4188 mendax.
1148 4123 1250 4206 Atqui
1299 4127 1336 4192 in
1357 4125 1494 4193 ecelesia
1511 4126 1616 4191 sancti
1627 4125 1766 4191 Martini
1786 4122 1929 4207 episcopi
1947 4120 2158 4187 Turonensis.
2204 4121 2332 4188 Har:

276 4228 343 4273 non
360 4203 469 4288 agitur
489 4201 530 4268 de
541 4204 680 4273 falsitate
701 4208 802 4286 verbi,
824 4208 882 4273 sed
895 4206 1127 4291 depraelracta
1137 4228 1250 4274 eorum
1301 4211 1473 4297 gravitatis
1495 4211 1660 4294 specimen
1688 4210 1728 4275 ad
1757 4207 1995 4277 conciliandum
2023 4205 2149 4271 homini
2177 4206 2332 4274 fidem

277 4288 490 4366 contumacia,
513 4309 577 4371 qua
597 4291 636 4354 fit
656 4303 694 4359 ut
714 4315 757 4358 ne
777 4294 894 4379 primis
916 4293 1047 4378 quidem
1068 4294 1250 4378 scripturae
1301 4298 1426 4364 scilicet
1445 4296 1576 4362 valebit.
1904 4321 1909 4349 τ

276 4376 471 4445 rudimentis
490 4373 598 4441 locum
618 4379 774 4446 tribuant.
819 4379 907 4445 Nam
924 4381 952 4446 si
974 4380 1028 4447 hic
1045 4400 1159 4446 eorum
1176 4402 1250 4464 per·
1386 4385 1450 4448 Tot
1476 4383 1675 4466 ineptiarum
1704 4390 1883 4466 pertaesus,
1913 4381 1979 4445 iam
2001 4375 2043 4443 ad
2064 4378 2146 4445 alios
2168 4387 2332 4446 osma

276 4466 380 4531 missu
401 4470 435 4527 et
455 4481 533 4543 pace
556 4460 662 4529 lecum
689 4466 833 4532 obtineat
859 4487 942 4550 qnae
967 4467 1082 4533 invitis
1108 4466 1188 4550 ipsis
1216 4473 1250 4533 et
1299 4471 1393 4549 irem,
1421 4470 1484 4535 nisi
1512 4491 1565 4534 me
1590 4468 1758 4552 paulisper
1785 4466 1892 4532 adhue
1919 4473 2048 4532 teneret
2071 4463 2139 4530 alia
2164 4479 2332 4532 sorun'

277 4545 536 4636 repugnantibus
558 4547 669 4630 rigere
690 4552 725 4614 in
746 4551 898 4618 omnibus
919 4553 1131 4618 sacramentis
1154 4552 1250 4619 debet
1301 4556 1470 4634 confessio,
1493 4575 1590 4638 quam
1619 4555 1681 4620 sibi
1708 4574 1837 4620 summa
1862 4553 2058 4618 necessitate
2086 4571 2131 4616 ex

276 4636 399 4722 regula,
422 4653 500 4698 mox
520 4633 633 4700 finitae
650 4646 871 4703 eruntomues
893 4638 976 4705 lites.
1021 4638 1149 4719 Quarta
1166 4640 1249 4704 ratio
1299 4642 1401 4708 fuisse
1422 4640 1536 4707 dicunt
1556 4641 1597 4706 cb
1625 4661 1730 4725 nugas
1756 4659 1847 4704 meas
1874 4637 1936 4703 sibi
1963 4635 2138 4703 dedicatas.
2192 4630 2332 4719 Quiu‘

275 4732 337 4806 est,
379 4719 444 4786 uod
466 4721 559 4786 Deus
572 4720 776 4804 multiplices
804 4733 838 4790 et
860 4725 969 4790 varios
995 4724 1117 4792 habeat
1137 4724 1249 4791 modos
1301 4735 1413 4793 autem
1435 4748 1502 4792 non
1522 4723 1851 4805 Bremensesmcdo,
1879 4723 1937 4790 sed
1957 4722 2099 4806 reliquos
2129 4722 2332 4790 eiusdem

277 4744 396 4876 alicuhi
418 4807 454 4871 in
482 4805 591 4891 aliquo
618 4807 689 4873 loco
716 4808 853 4874 essendi.
903 4808 971 4876 Sed
999 4810 1080 4876 haec
1107 4812 1250 4877 varietas
1300 4813 1452 4881 factionis
1478 4813 1622 4880 officium
1650 4832 1670 4877 a
1695 4832 1749 4877 me
1777 4811 1959 4877 exhibitum
1988 4815 2061 4889 [pag.
2090 4812 2167 4889 29⁰]
2198 4809 2332 4876 adse

278 4915 345 4961 non
366 4892 453 4973 facit,
476 4899 515 4958 ut
524 4892 651 4960 Christi
673 4914 791 4977 corpus
813 4916 913 4978 quum
933 4915 1069 4962 menum
1085 4900 1160 4977 [pag.
1175 4902 1250 4979 293]
1300 4899 1503 4966 stomachose
1524 4920 1679 4983 respuere
1702 4897 1806 4976 ridm,
1828 4896 1971 4964 breviter
1997 4893 2185 4962 admonitos
2207 4910 2332 4962 aaa!

276 4981 463 5047 institueret
484 5000 551 5044 uno
572 4984 608 5047 in
629 4980 700 5047 loco
720 4979 860 5059 visibile,
888 4980 1019 5046 finitum
1048 4990 1081 5048 et
1112 4983 1251 5048 mortulo

277 5067 385 5145 fuerit,
407 5064 554 5150 pluribus
575 5067 675 5133 simul
695 5066 731 5132 in
752 5066 832 5132 locis
853 5065 1029 5147 invisibile,
1051 5067 1251 5136 immensum

277 5158 311 5216 et
331 5151 522 5219 immortale.
573 5155 627 5218 En
649 5174 748 5238 quam
775 5172 855 5219 rere
874 5153 1005 5231 iactent,
1029 5162 1128 5233 certa,
1157 5158 1253 5223 firma
1374 5175 1401 5234 ιι
1422 5173 1485 5231 aaa.
1503 5173 1532 5227 tn
1550 5173 1748 5243 ommam
1768 5171 1960 5239 Maroae.

1307 5076 1506 5085 Μ
