4748 5798
982 194 1247 265 nassonem
1269 196 1460 295 masas
2154 191 2217 254 ne

296 563 392 631 Dens
411 562 497 631 velle
518 561 576 626 dat
595 559 809 645 operantibus
830 559 927 637 mala,
948 559 1048 624 otiam
1070 576 1191 641 sugge-
1244 557 1341 623 usati
1368 557 1406 621 in
1432 576 1503 621 uno.
1554 555 1600 620 Et
1625 556 1656 620 si
1684 576 1790 620 omnes
1813 556 1849 619 in
1871 554 1997 620 Adame
2024 552 2110 636 lapsi
2134 556 2219 631 sunt,

206 650 255 715 rit
275 670 396 734 pravos
425 648 561 713 affectus
589 657 624 714 ot
650 647 860 723 inhonestos,
889 666 956 710 non
982 644 1088 710 solum
1117 663 1191 726 per·
1244 662 1363 709 neeesse
1389 648 1436 708 est
1459 646 1496 706 ut
1522 661 1627 707 omnes
1653 642 1690 706 in
1716 641 1844 707 Adamo
1870 640 2024 718 steterint,
2058 639 2151 720 idque
2181 657 2221 702 ea

210 735 355 812 missive,
377 733 435 800 sed
456 733 642 814 efficaciter,
664 731 764 816 idque
782 739 1023 815 proptersuam
1040 727 1190 814 gloriam.
1244 728 1416 795 eorrditione
1436 749 1501 812 qua
1522 728 1678 793 Adamas.
1721 727 1817 793 Item:
1840 725 1921 792 Nolo
1938 729 2064 790 mertem
2079 727 2220 808 peccam·

1243 814 1299 880 ris.
1346 813 1443 879 Item:
1464 812 1554 879 Deus
1572 813 1813 879 neminemuutt
1828 813 1946 896 perire,
1974 812 2029 877 sed
2050 830 2154 875 annes
2175 809 2220 876 ad

264 951 268 963 .
661 868 758 935 m·
1243 899 1386 965 veritatis
1401 900 1606 984 eoqnitienem
1621 900 1792 981 peruenire.
1826 897 1921 963 Item:
1943 898 1981 962 Si
2001 897 2118 963 meavit
2127 895 2221 960 Deus

301 990 400 1074 Impii
412 990 448 1056 in
469 990 641 1075 impietate
660 991 769 1075 potius
791 1009 872 1073 opus
884 987 949 1054 Dei
971 1006 1071 1071 qoam
1093 1004 1189 1050 suum
1243 985 1418 1051 marimum
1439 985 1549 1050 nmndi
1566 991 1691 1067 partem
1712 986 1756 1051 ad
1771 985 1987 1066 perdiderim,
2019 983 2163 1064 sequitur
2184 985 2220 1045 ut

135 1084 138 1090 '
211 1077 348 1144 faciunt.
1108 1086 1112 1093 “
1243 1072 1286 1136 sit
1306 1071 1376 1135 eius
1396 1072 1451 1137 ira
1471 1071 1575 1136 maior
1595 1092 1691 1153 qnam
1699 1070 1926 1137 misericordia.
1963 1068 2010 1134 Et
2028 1074 2132 1134 tamus
2150 1073 2219 1132 tra·

1243 1157 1322 1222 dunt
1342 1158 1525 1240 scripturae,
1548 1177 1619 1222 eum
1641 1177 1706 1234 esse
1726 1156 2009 1235 tardumadiram,
2029 1172 2220 1238 propulsum

654 1211 754 1279 xm·
1243 1242 1287 1308 ad
1307 1244 1572 1322 mismiemdiam,
1599 1243 1646 1308 ita
1667 1248 1702 1306 ut
1729 1243 1798 1308 eius
1818 1243 1871 1308 ira
1893 1241 2077 1308 erendum
2097 1244 2221 1305 tantum

297 1333 491 1401 Necessario
517 1353 691 1417 monemus
718 1353 761 1398 ex
787 1353 886 1400 sensu
910 1330 990 1411 Dei,
1018 1349 1120 1414 quum
1148 1347 1190 1392 ex
1243 1348 1342 1410 usqne
1363 1328 1407 1394 ad
1427 1328 1553 1396 tertium
1575 1334 1632 1394 aut
1645 1334 1794 1411 partum
1812 1329 1937 1412 qeneris
1955 1328 2101 1412 pauni,
2123 1345 2221 1407 quum

210 1430 334 1505 nostro,
355 1420 426 1486 sire
447 1419 603 1500 fortuito„
617 1438 798 1503 mmor.
1171 1480 1173 1487 ,
1243 1413 1461 1482 misericordia
1476 1420 1588 1497 petent
1608 1415 1655 1481 vei
1677 1415 1720 1481 ad
1741 1415 1953 1481 millesimum.

651 1553 749 1623 XIV.

296 1674 393 1758 Quae
413 1697 518 1760 prava
539 1697 600 1742 sua
620 1662 794 1742 voluntate
816 1656 1008 1760 perpetrant
1029 1673 1188 1752 homines,
1548 1670 1692 1726 CONTRA
1712 1670 1917 1727 SECUNDUM.

210 1762 270 1828 illa
291 1763 390 1827 stiam
411 1761 635 1846 procedunto
656 1762 826 1830 voluntate
847 1763 922 1828 Dei.
1541 1827 1547 1841 ,
1663 1827 1669 1841 ,
1947 1827 1954 1840 ,
2081 1828 2087 1841 ,
2138 1826 2172 1841 Α

693 1905 695 1909 ¹
1334 1824 1513 1927 Seerrndum
1533 1831 1607 1892 item
1633 1826 1743 1929 drnmt
1768 1846 1835 1892 esse
1856 1827 2030 1893 doctrinam
2051 1825 2172 1927 imboli
2192 1831 2222 1925 et

217 2070 284 2136 aa
299 2052 364 2135 ἰη
417 2069 581 2138 arasse
599 2069 730 2138 sene
753 1995 994 2136 seersum
1054 2067 1181 2134 rrum
1240 1913 1526 2081 wml'llbll’
1539 1910 1774 2070 ‘wlff'
1799 1913 1996 1979 omum
2024 1911 2156 2055 m
2185 1910 2228 1977 ul

253 2117 256 2122 ⁴
298 2071 429 2240 ouda
449 2155 640 2223 conans
658 2153 913 2223 ascranae
934 2118 1117 2221 ederes.
1184 2119 1192 2149 '

542 2326 688 2382 cossas
706 2325 859 2381 smnus.
1312 2274 1314 2281 ’
1367 2287 1370 2297 ’
1562 2292 1899 2364 connaissance.

303 2451 425 2527 [pepi]
443 2445 592 2512 Primum
612 2447 785 2513 murelum
806 2448 914 2513 dieunt
929 2467 995 2513 esse
1010 2451 1117 2512 eontra
1133 2435 1200 2511 na·¹
1335 2442 1459 2510 Contra
1478 2444 1604 2508 tertium
1630 2445 1668 2510 ele
1694 2444 1871 2527 differentia
1897 2445 2067 2511 uduntatis
2095 2450 2124 2510 et
2149 2465 2224 2527 per·

218 2538 334 2612 turam
356 2536 383 2598 et
404 2537 512 2599 cenna
539 2534 738 2615 scripturam.
795 2532 846 2599 De
864 2538 983 2598 natura
1003 2534 1049 2598 sie
1070 2532 1194 2598 dieunt:
1247 2531 1410 2596 missionis
1430 2529 1486 2596 loe
1502 2529 1625 2595 duum:
1649 2528 1801 2596 Caluinus
1812 2531 1888 2596 dicit
1908 2552 1942 2596 se
1950 2551 2019 2596 esse
2033 2530 2224 2614 proplietam

220 2617 318 2707 Omne
339 2618 464 2695 animal
489 2618 680 2685 naturaliter
707 2622 796 2684 amat
816 2639 911 2685 suum
925 2619 1061 2699 foetum.r
1092 2617 1195 2699 Atqui
1248 2616 1312 2682 Dei
1333 2622 1361 2682 et
1381 2635 1438 2681 nos
1459 2615 1596 2681 dinmus
1619 2615 1784 2682 Caluam
1805 2636 1871 2682 esse
1886 2616 2072 2699 propnetam
2092 2616 2222 2683 diaboli.

217 2703 293 2770 iace
313 2709 430 2769 natura
450 2709 537 2770 esta
559 2702 642 2770 Deo:
670 2725 709 2769 ea
736 2724 805 2787 quo,
817 2705 1025 2788 consequitur,
1046 2707 1082 2769 ut
1103 2702 1194 2770 Deus
1247 2701 1348 2784 Atqui
1369 2721 1488 2768 neeesse
1514 2706 1560 2766 est
1585 2706 1621 2766 ut
1648 2702 1741 2768 atari
1766 2702 1889 2784 sanum
1915 2703 2031 2769 dmunt.
2082 2703 2171 2768 Nam
2192 2702 2223 2767 si

217 2794 300 2856 amet
319 2810 413 2856 suum
431 2790 557 2873 foetum
602 2789 713 2871 Neque
734 2790 818 2856 enim
838 2790 971 2890 efficeret
986 2794 1021 2854 ut
1036 2788 1194 2854 animalia
1246 2794 1291 2855 est
1306 2786 1461 2873 propheta
1472 2786 1544 2866 Dei,
1565 2806 1621 2852 nos
1641 2789 1823 2854 mentimur:
1843 2789 1897 2854 sin
1917 2794 1962 2854 est
1975 2788 2226 2958 ppido&

2059 2897 2097 2942 u.

221 2880 363 2941 amarent
389 2896 464 2943 uros
489 2877 605 2959 foetus,
632 2875 699 2941 nisi
725 2880 847 2941 ornaret
872 2895 940 2959 ipse
964 2895 1084 2958 quoque
1112 2894 1194 2940 suos.
1246 2874 1315 2956 boli,
1337 2875 1405 2956 ipse
1424 2873 1581 2954 mentina,
1603 2874 1660 2955 qui
1674 2874 1759 2940 duat
1778 2895 1812 2940 se
1829 2872 2014 2956 proplietam

221 2961 325 3044 Atque
346 2960 400 3028 loe
416 2962 553 3046 produnt
562 2961 766 3028 lucratione:
785 2961 1067 3028 DiaitDominus:
1087 2958 1195 3045 lipom
1247 2962 1278 3027 si
1299 2962 1343 3044 sit
1363 2965 1532 3044 tetrumque
1552 2960 1665 3026 edente
1685 2959 1763 3039 Deo,
1789 2959 1844 3026 loe
1864 2962 1970 3040 estjsi
1989 2962 2055 3027 aar
2076 2961 2170 3026 Deus
2190 2964 2226 3025 ut

212 3067 330 3132 parere
356 3047 489 3130 fudam,
523 3051 552 3113 et
582 3067 645 3114 non
671 3047 831 3130 pariam?
884 3047 985 3130 Quasi
1015 3045 1070 3113 doc
1096 3047 1195 3112 dieat:
1248 3046 1400 3116 &trinus
1420 3046 1504 3111 dieat
1523 3065 1557 3110 se
1577 3064 1643 3111 esse
1657 3046 1844 3129 proplietam
1860 3045 1934 3127 Dei,
1956 3052 1985 3111 et
2002 3068 2059 3114 nos
2079 3048 2226 3113 duamur

222 3132 312 3215 Quod
333 3153 386 3217 eqo
405 3135 489 3214 facio
508 3133 613 3216 facere
639 3132 733 3214 alios,
760 3132 843 3199 idon
868 3134 936 3216 ipse
963 3153 1080 3216 quoque
1099 3133 1193 3215 fane.
1248 3154 1320 3201 eum
1341 3151 1406 3198 esse
1422 3131 1606 3214 proplietam
1625 3132 1757 3211 sumti,
1779 3133 1962 3217 puqnanm
1983 3134 2056 3214 urit,
2082 3134 2119 3199 id
2140 3131 2225 3215 qiud

221 3218 324 3301 Atqui
343 3218 430 3301 faeie
446 3238 564 3300 parere
590 3218 687 3284 alios:
719 3239 789 3303 erqo
821 3238 873 3304 eqo
905 3238 1024 3302 quoque
1048 3218 1194 3303 pariam.
1248 3225 1293 3286 est
1313 3217 1513 3302 impossibiie.
1565 3217 1653 3283 Nam
1672 3218 1703 3284 si
1723 3215 1814 3284 Deus
1834 3219 1900 3285 nult
1920 3220 2133 3298 mendacium
2163 3238 2226 3284 non

220 3305 307 3370 Hinc
329 3326 351 3370 a
376 3305 479 3371 simili
500 3306 616 3371 ducunt
638 3309 871 3389 arqnmentum:
903 3305 994 3372 Deus
1023 3305 1102 3387 facit
1127 3304 1198 3370 ani·
1247 3305 1313 3371 uult
1333 3305 1505 3371 ueritatem:
1525 3308 1582 3368 unt
1602 3304 1633 3369 si
1652 3304 1904 3386 uult-veritatem,
1925 3324 1990 3370 non
2008 3305 2076 3370 urdt
2096 3305 2226 3371 menda-

218 3391 438 3463 maliaamare
457 3391 561 3473 foetus
581 3411 671 3458 aros:
691 3412 726 3455 er
746 3411 763 3455 o
784 3396 871 3457 amat
890 3392 959 3474 ipse
978 3411 1061 3458 suos.
1095 3390 1197 3472 Atqui
1249 3393 1339 3457 cium.
1373 3389 1430 3455 Ea
1451 3410 1510 3471 quo
1526 3389 1733 3472 consequitur,
1755 3394 1792 3454 ut
1810 3393 1842 3455 si
1862 3390 1928 3455 uult
1947 3396 1982 3455 nt
2002 3391 2094 3457 ederi
2115 3410 2226 3456 omnm

223 3481 298 3541 sunt
319 3496 424 3542 omnes
445 3475 585 3567 homines
600 3476 701 3558 foetus
713 3411 790 3541 'dei
840 3475 931 3544 Deus
946 3477 1029 3542 enim
1046 3482 1091 3543 cst
1100 3481 1197 3560 puter
1250 3483 1324 3557 [pag.
1343 3479 1377 3556 s]
1400 3476 1513 3554 dieunt,
1530 3475 1610 3541 nolit
1629 3480 1664 3540 ut
1684 3475 1778 3541 alteri
1797 3478 1995 3542 mentientur.
2039 3477 2144 3560 Atqui
2161 3497 2234 3542 orn·

226 3562 365 3640 Adami,
393 3583 415 3627 a
435 3582 496 3644 quo
517 3582 623 3628 omnm
643 3560 783 3627 homines
803 3563 871 3627 nati
897 3562 986 3628 nent:
1017 3583 1087 3645 erqo
1111 3565 1197 3627 amat
1247 3565 1324 3629 nino
1345 3562 1438 3628 alteri
1458 3562 1658 3626 mentiuntur.
1702 3560 1790 3644 Erqo
1800 3563 2004 3645 perinittente,
2025 3583 2088 3628 non
2109 3563 2234 3627 solede

223 3667 327 3713 annes
347 3647 496 3713 nomines.
539 3647 642 3731 Atqui
662 3663 766 3713 creare
786 3647 829 3712 ad
843 3649 1051 3730 perditionem
1070 3669 1133 3714 uon
1154 3652 1198 3713 est
1249 3649 1317 3715 Deo
1339 3648 1537 3714 mentiuntur.
1586 3643 1648 3714 asi
1669 3667 1740 3731 erqo
1766 3647 1943 3730 diffumtia
1971 3650 2065 3714 diam
2087 3649 2123 3713 in
2144 3648 2236 3727 Deo,

224 3733 353 3812 amuis
376 3734 431 3798 sed
452 3734 532 3799 odii:
553 3754 697 3818 erqonon
718 3733 834 3799 necuit
854 3753 1042 3817 quemquam
1063 3735 1106 3803 ad
1122 3754 1198 3818 per·
1249 3737 1333 3801 inter
1354 3733 1594 3817 permissionem
1621 3738 1651 3799 et
1676 3732 1871 3818 voluntatem.
1925 3735 2098 3801 Adducunt
2130 3735 2231 3800 diam

220 3817 380 3884 ditionem.
404 3818 525 3884 'Itemss
559 3818 676 3889 creare
703 3823 748 3884 est
774 3839 854 3902 opus
873 3820 1007 3899 amoris,
1034 3840 1096 3886 nen
1117 3820 1198 3885 odii:
1244 3821 1418 3905 perspicua
1445 3819 1585 3902 erempla
1611 3821 1711 3885 multa
1738 3819 1777 3883 de
1803 3821 1988 3886 discrimine
2007 3821 2178 3886 veluntatis
2197 3824 2231 3886 et

224 3923 296 3986 erqo
324 3902 415 3969 Deus
436 3926 541 3971 omnes
567 3905 706 3974 homines
734 3906 849 3970 creant
875 3925 997 3985 amore,
1029 3926 1091 3970 nen
1117 3906 1196 3971 edio.
1244 3906 1481 3989 permissionis:
1501 3905 1687 3970 nominatim
1705 3926 1744 3970 ea
1761 3904 1930 3987 Ereeliele
1951 3927 2016 3989 cap.
2028 3911 2076 3970 20
2099 3910 2145 3989 (v.
2160 3907 2224 3992 39),

224 3988 322 4054 Item:
352 3990 454 4055 Nulla
484 3996 549 4056 tam
574 3992 726 4056 immanis
753 3990 851 4056 bestia
874 3996 920 4055 est
946 3991 1074 4074 (nedum
1095 3989 1197 4075 mmo)
1249 3992 1305 4058 ubi
1322 3991 1421 4071 Deus,
1437 3996 1606 4073 postquam
1626 3991 1734 4057 multis
1754 3991 1856 4057 undu
1877 3992 2072 4076 exprobrant
2093 4012 2152 4069 sira
2168 4012 2224 4072 po-

224 4096 305 4158 quae
322 4076 395 4141 uelit
416 4096 521 4142 neore
536 4076 664 4159 pullum
685 4077 729 4142 ad
748 4077 926 4141 misniam:
954 4083 1070 4159 quanto
1091 4078 1198 4141 minus
1244 4078 1326 4162 puio
1351 4077 1433 4161 qnod
1460 4078 1594 4144 notauit
1628 4069 1749 4144 odedire
1780 4078 1851 4142 suis
1871 4080 2067 4160 praeceptis,
2100 4079 2224 4143 tonderi

222 4162 324 4228 Deus.
360 4161 472 4226 Nonne
493 4168 576 4233 esset¹
590 4164 640 4229 uel
661 4164 735 4245 lupo
756 4163 914 4229 deterior?
960 4161 1014 4229 Sic
1031 4183 1199 4247 arpnmen-
1250 4166 1297 4230 ito
1318 4163 1488 4230 concludit:
1514 4160 1581 4242 Ite,
1607 4166 1721 4229 servite
1741 4160 1798 4228 siro
1825 4164 1957 4246 quisque
1977 4169 2125 4228 stercorea
2148 4163 2223 4243 Deo,

222 4251 312 4312 tatur
337 4244 500 4330 dionisius:
527 4248 566 4313 Si
587 4270 650 4324 eos,
678 4247 824 4331 quamuis
850 4247 945 4328 mali,
978 4252 1081 4314 tamen
1100 4249 1199 4314 mdis
1245 4255 1414 4333 postquam
1435 4249 1515 4314 milei
1542 4270 1603 4315 nen
1625 4248 1762 4315 obeditis
1820 4249 1920 4330 Quasi
1940 4249 1995 4315 loe
2015 4250 2115 4314 dieat:
2149 4248 2225 4315 Per·

226 4333 305 4398 lena
327 4333 410 4398 dena
431 4333 508 4398 dare
528 4333 609 4415 tiliis
629 4335 757 4413 restris,
785 4335 937 4416 quntum
958 4336 1061 4418 napis
1082 4322 1197 4401 Deus?
1251 4337 1337 4401 mitto
1357 4355 1414 4400 uos
1440 4340 1559 4401 uestrae
1585 4334 1727 4414 libidini,
1750 4339 1919 4418 postquam
1945 4335 2024 4411 neeis
2044 4336 2227 4417 praeceptis

162 4417 164 4425 '
227 4417 281 4483 Sic
312 4422 341 4484 et
372 4418 421 4482 tui
453 4419 632 4485 adversarii
664 4422 938 4503 arqumentantur:
971 4418 1010 4484 Si
1039 4418 1198 4498 Caluinus,
1250 4421 1372 4488 meane
1395 4441 1457 4485 non
1483 4421 1588 4486 oultm.
1643 4420 1689 4485 Et
1715 4416 1771 4485 hoe
1793 4421 1917 4486 oiddia
1940 4422 2024 4486 idem
2050 4422 2226 4503 essequod

224 4504 372 4587 quamvis
393 4503 507 4583 maius,
535 4509 638 4570 tamen
659 4505 752 4570 nollet
769 4506 895 4590 qiqnere
914 4505 1019 4586 fitium
1041 4507 1085 4570 ad
1105 4507 1198 4571 mne·
1244 4507 1344 4591 paulo
1365 4511 1436 4571 ante
1457 4507 1580 4573 dnerat
1597 4507 1634 4571 in
1654 4506 1757 4571 eodem
1773 4506 1874 4588 capite
1894 4508 1940 4592 (v.
1961 4511 2001 4571 24
2020 4509 2119 4590 seq.):
2147 4508 2229 4588 Quo·

224 4592 319 4670 mam,
342 4595 458 4672 quanta
480 4591 587 4656 minus
603 4590 719 4657 Deus?
767 4591 854 4657 Hace
882 4596 911 4655 et
932 4592 1012 4657 talia
1033 4591 1142 4658 dicunt
1162 4591 1200 4656 de
1250 4593 1340 4658 niam
1361 4612 1432 4657 mea
1453 4594 1598 4658 instituta
1613 4592 1831 4674 repudiarunt,
1853 4594 1975 4659 tradidi
1992 4593 2039 4657 eis
2054 4597 2226 4675 praeoepta

222 4682 350 4741 nature.
405 4674 457 4740 De
477 4676 636 4757 scriptura
665 4681 769 4742 autem
790 4677 836 4743 sic
856 4677 979 4744 donet:
1010 4677 1100 4745 Dens
1120 4677 1200 4742 uidit
1250 4699 1312 4745 nen
1334 4677 1422 4743 bona.
1467 4679 1569 4760 Atqui
1595 4698 1656 4742 non
1683 4678 1816 4744 natue
1836 4677 1927 4744 Deus
1948 4678 2110 4745 Israelitis
2126 4699 2229 4761 prae·

223 4763 331 4828 orinia
351 4783 432 4844 quae
450 4763 567 4844 fecuat
588 4782 655 4827 esse
683 4762 773 4828 ualde
793 4763 894 4828 bura:
925 4782 998 4847 erqo
1024 4768 1093 4828 erat
1111 4762 1200 4828 darno
1251 4770 1337 4847 cepta
1357 4783 1420 4830 non
1440 4764 1535 4830 bona:
1555 4768 1630 4828 ssent
1650 4762 1734 4827 enim
1754 4765 1860 4829 omnia
1871 4762 1936 4830 Dei
1952 4769 2121 4847 praecepta
2138 4763 2229 4831 dona

224 4867 314 4929 pum
333 4847 449 4929 fecerat
469 4847 560 4913 ualde
581 4848 689 4914 donus.
736 4849 825 4931 Quod
845 4849 964 4916 sieum
980 4853 1136 4915 ueaumat
1157 4850 1200 4913 ad
1253 4849 1315 4916 Sed
1345 4852 1423 4932 quia
1449 4849 1530 4917 iona
1556 4850 1621 4916 Dei
1640 4855 1809 4932 praecepta
1834 4851 2061 4934 repudiarunt,
2088 4851 2234 4917 deseruit

218 4934 399 5014 perniciem
421 4933 756 5002 creaueratlonumad
773 4935 954 5017 puniam
977 4941 1006 5000 et
1025 4940 1114 5001 amat
1129 4955 1200 5017 per-
1250 4957 1318 5002 eas:
1339 4941 1367 5002 et
1387 4936 1439 5002 illi
1456 4935 1558 5002 aDeo
1579 4935 1703 5015 deserti,
1720 4935 1867 5019 prolapsi
1886 4937 2005 5021 suntin
2022 4936 2112 5001 mala
2129 4957 2234 5019 prae-

224 5019 298 5082 dere
329 5017 459 5085 tonum
489 5020 525 5084 id
557 5021 640 5102 qnod
666 5021 714 5086 uel
735 5021 868 5105 eeqitatu
897 5024 972 5100 [pig.
997 5025 1030 5099 s]
1063 5022 1200 5102 impium
1251 5027 1353 5104 cepta:
1373 5023 1456 5087 sicut
1475 5023 1616 5087 deorse
1636 5041 1658 5086 a
1673 5025 1779 5105 patre,
1798 5022 1845 5086 nel
1864 5024 1970 5106 potius
1989 5023 2107 5088 deserto
2123 5029 2232 5105 patre,

114 5133 119 5150 ν
225 5107 280 5167 est.
324 5102 419 5170 Item:
439 5105 530 5171 Deus
550 5106 670 5171 meavit
691 5126 792 5172 unum
812 5105 965 5172 torninem
992 5111 1028 5170 ut
1048 5127 1119 5172 eum
1139 5106 1199 5172 eol·
1223 5091 1228 5169 l
1246 5109 1401 5193 prodique
1422 5107 1585 5188 itle'pilins
1598 5107 1828 5189 prolapsusest
1845 5109 1880 5173 in
1901 5108 2080 5174 luxuriam:
2101 5115 2131 5174 et
2148 5110 2234 5180 nait
