4724 5886
148 317 224 386 XII
733 318 1318 390 uunounwszuuuouoolol
1336 319 1556 390 monus,

149 507 236 590 duur,
256 513 292 575 ut
311 508 342 574 si
358 507 516 590 placnnit
536 512 626 574 accat
646 507 682 573 in
697 508 874 592 publicum,
902 510 955 576 sin
972 510 1101 590 minus,
1128 510 1259 576 intereat
1279 508 1373 591 (Ood.
1397 508 1523 576 Gener.
1546 509 1614 575 eod.
1637 509 1691 574 lol.
1716 508 1781 591 73).
1831 506 2144 594 Similia'leguntur

148 621 188 684 in
208 618 346 704 epistola
367 618 498 686 Onlriui
519 618 561 685 ad
582 617 757 686 Sulcsrum
779 618 892 687 eodem
915 620 967 686 die
988 621 1111 704 scripta
1133 642 1216 704 quae
1237 627 1346 687 exstat
1365 620 1401 684 in
1424 621 1600 704 impressis.
2119 624 2122 630 '
2191 642 2195 650 ·

301 731 435 811 Interea
457 731 498 797 ab
519 730 590 814 ipso
612 731 811 816 Wsstphalo
832 732 929 798 tertio
949 733 1019 798 loco
1041 730 1128 797 edita
1147 739 1365 799 accesserunt:
1413 730 1601 799 &dedomo
1621 732 1842 798 sententiarum
1862 731 1907 798 D.
1930 730 2059 797 Amulii
2075 731 2144 797 Au-

147 842 271 926 gustini
291 863 336 925 ep.
359 842 574 923 Hipponensis
595 843 632 909 de
655 840 756 909 Οοιιια
777 842 918 908 Domirri.
960 842 1086 910 Addita
1107 849 1151 908 est
1171 844 1337 926 mutatorio
1358 844 1523 909 vindicans
1544 864 1565 908 a
1585 843 1770 923 corruptelis
1785 843 1951 924 plerosque
1970 843 2049 908 locos
2066 863 2144 925 auos

141 973 209 1035 pro
229 974 263 1020 se
284 973 323 1019 ea
344 952 524 1037 Amasim
544 952 628 1036 falso
653 954 750 1020 citam
779 955 966 1021 advmsmii.
1016 953 1081 1020 Per
1101 953 1148 1021 M
1171 955 1367 1022 locabimum
1402 954 1615 1035 Westpbalum
1635 974 1678 1020 eo.
1703 952 1821 1019 Christi
1842 954 2090 1035 praedicatorem
2108 954 2144 1019 in

150 1064 278 1132 cadomo
299 1064 549 1148 Hamlurpensi,
577 1086 652 1132 cum
680 1064 859 1149 epigraphe
880 1085 922 1130 ex
943 1065 1025 1132 Luc.
1052 1071 1066 1129 1
1092 1068 1165 1151 (37)
1188 1073 1222 1130 et
1242 1067 1383 1150 August.
1398 1087 1502 1132 serm.
1531 1065 1572 1131 de
1600 1071 1746 1148 tempore
1768 1064 1868 1130 cxl:
1910 1064 2036 1131 Sinon
2063 1066 2144 1132 nosti

149 1176 217 1240 uisi
243 1176 324 1257 quod
349 1177 451 1258 indes,
482 1176 538 1241 uli
570 1182 614 1242 est
644 1175 747 1258 fides?
793 1175 918 1257 Ratisp.
945 1197 985 1242 ea
1012 1177 1140 1259 offirma
1162 1177 1208 1243 Io.
1233 1175 1384 1244 Carbonis
1410 1197 1492 1244 auno
1514 1177 1586 1243 LV.
1610 1183 1757 1260 quatern.
1783 1183 1864 1242 octo.
1908 1177 2073 1243 Praelatio
2091 1177 2144 1243 in·

152 1286 277 1370 scripta
297 1294 348 1352 est
368 1287 434 1356 Iac.
447 1287 616 1373 Burdingc
637 1287 817 1355 medicinae
834 1287 1009 1371 professori
1019 1288 1249 1355 Rostochiensi
1265 1310 1378 1355 mense
1394 1287 1581 1372 Septembri
1594 1292 1685 1367 1554,
1707 1288 1744 1352 in
1763 1309 1828 1371 qua
1848 1294 1981 1354 saonae
2000 1288 2147 1355 vindicet

149 1404 186 1463 et
206 1399 324 1464 asserit
351 1399 548 1466 sententiam
575 1419 673 1482 quam
705 1399 740 1464 in
773 1398 983 1482 praecedenti
1009 1398 1118 1465 libello
1139 1400 1304 1483 protessus
1326 1407 1413 1479 erat,
1447 1400 1563 1484 dignas
1584 1399 1708 1466 scilicet
1729 1420 1800 1465 esse
1817 1400 2145 1466 sacramentariorum

150 1509 371 1593 blasphemias
398 1531 482 1593 quae
502 1520 631 1594 sceptro
651 1511 759 1594 potius
780 1511 993 1595 magistratus
1014 1530 1115 1593 quam
1135 1510 1211 1577 stilo
1237 1512 1428 1578 relidantur.
1475 1511 1614 1577 Constat
1640 1509 1701 1576 hoo
1732 1511 1891 1596 scriptum
1917 1510 2023 1576 tribus
2044 1510 2145 1593 parti-

147 1620 220 1688 bus.
263 1621 377 1686 Primo
398 1621 468 1687 loco
490 1619 688 1687 exhibentur
709 1622 893 1687 sententiae
913 1621 1093 1706 Augustini
1114 1642 1198 1704 quae
1218 1622 1393 1688 formulam
1414 1622 1623 1688 lutheranam
1639 1628 1751 1705 aperte
1769 1623 1962 1688 confirmare
1979 1620 2146 1701 dicuntur;

148 1738 334 1816 sequuntur
354 1732 431 1798 illas
452 1753 534 1815 ques
554 1753 614 1816 pro
635 1753 671 1799 se
692 1732 817 1817 perfide
838 1739 872 1798 et
893 1732 1071 1816 depravate
1092 1732 1239 1817 allegant
1261 1734 1518 1813 sacramentarii,
1547 1733 1686 1817 denique
1714 1732 1883 1817 speciatim
1910 1732 2071 1797 refellitur
2091 1753 2146 1798 eo·

149 1842 292 1909 randum
312 1850 544 1928 argumentum
571 1843 655 1909 illud
688 1844 774 1927 quod
801 1850 961 1909 enatura
994 1864 1167 1927 corporum
1188 1865 1214 1909 s.
1236 1846 1393 1912 materiae
1414 1844 1623 1930 desumptum
1645 1844 1820 1928 ubiquitati
1846 1844 2028 1927 opponitur.
2073 1843 2146 1909 Hoc

148 1957 307 2039 scriptum
330 1954 488 2021 Calvinus
509 1954 657 2021 nondum
678 1955 802 2021 vidisse
823 1953 957 2021 videtur
984 1975 1022 2020 eo
1049 1962 1195 2039 tempora
1224 1977 1288 2039 quo
1309 1956 1377 2021 iam
1404 1955 1580 2023 secundam
1607 1977 1701 2021 suam
1721 1955 1954 2022 Defensionem
1975 1953 2144 2022 scribebat.

148 2067 271 2133 Postea
291 2087 369 2134 vero
391 2067 461 2132 cius
482 2067 683 2132 mentionem
708 2066 786 2133 fecit
812 2066 848 2131 in
876 2066 994 2132 ultima
1021 2088 1083 2132 sua
1103 2065 1344 2134 Admonitions.
1393 2068 1534 2135 Duobus
1563 2068 1665 2152 igitur
1696 2076 1824 2133 tantum
1853 2066 2014 2150 prioribus
2035 2066 2146 2132 Wcst·

149 2177 241 2262 phali
258 2178 351 2245 libris
361 2198 579 2263 responsurus
591 2178 731 2262 primam
752 2199 830 2244 suae
852 2177 1018 2244 doctrinas
1035 2178 1070 2242 in
1083 2178 1255 2245 Consensu
1271 2179 1418 2263 tigurino
1435 2180 1602 2264 expositas
1619 2179 1802 2263 apologiam
1818 2177 1922 2244 literis
1932 2177 2145 2263 consignavit.

303 2288 413 2371 Quam
434 2289 567 2355 tandem
589 2289 704 2355 eodem
724 2310 838 2356 mense
853 2287 1047 2373 Septembre
1069 2297 1228 2376 vergente
1250 2289 1428 2357 absolvisse
1449 2290 1613 2374 putandus
1626 2299 1685 2356 est.
1719 2288 1924 2372 Opusculum
1945 2297 2017 2354 erat
2037 2289 2145 2372 biper-

147 2400 258 2480 titum,
281 2401 406 2468 scilicet
426 2401 606 2485 praemissa
627 2408 698 2466 erat
718 2400 868 2484 Epistola
889 2401 932 2467 sd
952 2401 1119 2469 ministros
1138 2402 1349 2470 ecclesiarum
1371 2402 1623 2480 helveticsmm,
1651 2401 1847 2484 sequebatur
1873 2398 2041 2467 doctrinae
2067 2421 2145 2467 con·

149 2512 292 2579 firmatio
313 2512 393 2578 satis
414 2512 605 2579 succincta.
632 2512 732 2577 Hunc
753 2512 803 2578 ita
824 2512 1017 2596 dispositum
1038 2512 1187 2580 libellum
1209 2513 1314 2597 pridie
1334 2534 1440 2580 nonas
1463 2512 1614 2580 Octobris
1635 2513 1828 2596 Bullingaro
1854 2511 2046 2591 transmisit,
2069 2533 2145 2577 cum

148 2623 285 2706 epistola
306 2645 349 2689 ex
370 2645 435 2707 qua
454 2623 615 2689 nonnulla
636 2622 810 2707 decerpere
831 2645 900 2690 uon
927 2624 985 2690 abs
1006 2646 1043 2690 re
1071 2626 1136 2692 erit
1157 2625 1251 2711 (cod.
1275 2625 1401 2692 Genea.
1427 2630 1487 2691 107
1510 2645 1538 2706 a,
1566 2624 1619 2690 fol.
1643 2627 1683 2688 75
1706 2623 1863 2708 autogr.):
1908 2622 1952 2688 In
1972 2622 2145 2705 ddauione

150 2734 324 2802 Oonsnuus
342 2736 450 2815 nostri,
473 2755 569 2817 quam
589 2735 684 2816 mitto,
704 2736 736 2800 si
755 2735 932 2802 munaum
952 2736 1090 2816 mireris,
1108 2738 1262 2803 rationem
1281 2757 1378 2820 auam
1398 2737 1529 2819 αίῖιναιιι
1549 2756 1610 2802 non
1626 2735 1728 2816 labeo,
1749 2736 1816 2801 nisi
1836 2735 1917 2817 quod
1938 2753 2038 2800 causa
2058 2734 2145 2800 toties

147 2851 261 2912 ettam
276 2846 402 2929 proliee
424 2845 552 2912 enulae
572 2851 708 2914 nodam
723 2847 801 2929 puts
821 2848 983 2913 varmum
1010 2849 1130 2932 etiarm
1164 2850 1235 2914 cisa
1267 2869 1329 2915 non
1355 2853 1408 2914 est.
1458 2847 1542 2914 Erat
1565 2847 1645 2931 forte
1671 2847 1775 2913 rudia
1807 2845 1916 2927 aliqua
1940 2845 2029 2911 ratio.
2082 2844 2145 2911 Sed

148 2959 235 3040 aprtd
253 2978 307 3023 vos
327 2957 419 3022 amba
437 2957 582 3040 facturis
602 2958 702 3024 amaia
722 2979 782 3040 quo
802 2959 926 3041 pudore
951 2959 1004 3040 fui
1030 2960 1210 3026 restrictior.
1264 2960 1450 3047 Quanquam
1472 2980 1583 3043 presse
1612 2959 1760 3042 toprrendo
1792 2962 1888 3024 totam
1913 2958 1962 3023 rei
1988 2976 2145 3023 smnmam

147 3069 325 3152 muretensis
344 3068 425 3134 milri
444 3069 558 3135 cidem
606 3067 691 3135 Certe
710 3069 793 3136 nibil
813 3070 894 3152 quod
915 3070 993 3136 utile
1013 3071 1098 3138 dictu
1116 3072 1196 3153 foret
1216 3072 1316 3138 sciens
1334 3072 1435 3136 omisi.
1483 3070 1619 3153 Operam
1644 3090 1715 3136 cero
1736 3071 1814 3136 dore
1839 3069 1947 3135 ardui
1973 3073 2010 3134 ut
2029 3069 2145 3153 nulum

139 3182 184 3247 in
198 3187 320 3263 pancos
341 3181 478 3247 homines
498 3181 634 3247 indoctos
656 3181 834 3265 stirpando
855 3181 1008 3248 nerninem
1029 3183 1228 3264 offenderem
1254 3204 1292 3249 ec
1313 3203 1419 3249 sorum
1439 3203 1567 3248 numero
1595 3203 1671 3264 arms
1697 3181 1827 3248 retineri
1855 3181 1971 3246 amicos
1993 3179 2069 3244 utile
2089 3184 2144 3245 est.

150 3291 237 3378 Certe
256 3293 323 3359 nisi
341 3312 456 3374 aequos
477 3297 505 3356 et
525 3291 677 3358 tumauos
698 3294 823 3359 adores
843 3292 930 3358 nobis
951 3294 1117 3375 conciliem,
1144 3314 1232 3362 nenro
1253 3299 1288 3360 ut
1308 3314 1399 3375 spero
1420 3294 1617 3360 alienabitur.
1664 3293 1792 3359 Rursus
1813 3294 1849 3357 in
1868 3292 1941 3358 ilios
1962 3292 2076 3356 amin
2096 3291 2144 3356 iu·

147 3409 249 3470 cedrus
270 3425 349 3484 mun,
370 3404 463 3468 utin
482 3424 589 3470 eorum
603 3425 742 3487 persam
763 3405 883 3488 oblique
903 3405 1016 3472 mullos
1041 3406 1226 3473 materen.
1279 3405 1382 3472 Unum
1402 3412 1515 3488 metm,
1543 3426 1583 3471 ne
1607 3425 1656 3472 me
1680 3404 1839 3470 interdum
1852 3403 1930 3485 plus
1956 3422 2053 3484 aram
2078 3401 2146 3470 illis

146 3515 299 3600 implum
319 3536 385 3582 esse
403 3515 531 3582 iudices.
576 3517 645 3583 Hoc
663 3521 767 3583 tomm
786 3517 882 3582 etiam
902 3517 1038 3583 marullo
1058 3517 1120 3601 feci
1147 3523 1189 3599 ut,
1211 3517 1242 3582 si
1268 3517 1324 3600 qui
1349 3517 1451 3584 adbuc
1477 3517 1687 3601 refragantur,
1713 3516 1816 3599 magis
1840 3514 1948 3581 odiosa
1970 3516 2015 3580 sit
2041 3534 2147 3581 eorum

147 3628 320 3707 morosius,
341 3628 422 3694 docti
441 3647 512 3693 cero
533 3629 589 3710 qui
609 3628 697 3693 notis
717 3629 941 3709 assentiamur,
970 3648 1049 3710 quos
1070 3629 1158 3695 video
1178 3629 1285 3694 minus
1307 3628 1447 3695 mrdatm
1468 3648 1533 3695 esso
1553 3648 1650 3711 quom
1670 3628 1788 3707 eleuat,
1815 3626 1920 3710 magis
1942 3625 2147 3708 formabilem

147 3737 280 3804 tmbmnt
295 3744 501 3819 maranum.
549 3740 738 3823 &anquam
757 3739 832 3806 baec
852 3745 962 3806 cestro·
973 3741 1104 3808 ardinio
1125 3741 1284 3807 ammitte.
1331 3740 1419 3822 aare
1438 3740 1471 3805 si
1486 3739 1570 3804 nobb
1584 3737 1770 3820 probabitur
1788 3757 1877 3804 meus
1892 3737 1988 3816 lotor,
2010 3758 2080 3804 eum
2100 3758 2146 3803 re·

148 3848 247 3931 liquis
268 3851 447 3934 transagite,
468 3850 535 3916 nisi
556 3849 635 3932 forte
655 3851 781 3934 aliqum
799 3851 880 3917 milri
894 3855 1005 3935 partes
1024 3853 1176 3919 mandme
1193 3853 1296 3918 visum
1314 3852 1419 3933 fuerit.
1461 3849 1530 3934 Epo
1547 3855 1658 3930 tamen,
1677 3851 1770 3916 ἅοιιιι
1785 3849 1865 3915 mibi
1883 3850 2051 3930 smirrseris
2068 3849 2147 3931 auid

148 3959 230 4025 milri
250 3961 404 4044 mnndum
419 3967 520 4043 protea
542 3963 665 4046 quietus
684 3963 869 4046 suspectata.
912 3962 967 4029 Ad
987 3984 1070 4046 quas
1091 3963 1306 4048 Bullingerus
1333 3961 1451 4028 deinde
1479 3962 1509 4027 d.
1532 3966 1583 4027 25.
1607 3959 1760 4029 Octobris
1786 3961 1874 4027 inter
1901 3961 1966 4027 alia
1988 3959 2071 4025 haso
2092 3978 2146 4024 re·

149 4071 295 4154 spondit:
340 4072 494 4157 Μαριαιιι
515 4075 618 4139 iniisti
638 4076 776 4158 maiam
797 4075 885 4157 aptod
905 4095 1009 4140 omncs
1031 4079 1152 4141 nostros
1172 4076 1289 4158 scripta
1310 4074 1516 4155 responsione.
1560 4073 1770 4158 Agnoscimus
1790 4092 1893 4140 onmes
1913 4091 1970 4136 nos
1991 4069 2047 4135 tibi
2068 4070 2147 4136 mul-

150 4189 217 4248 tum
235 4184 348 4249 debat
393 4184 439 4250 Et
455 4185 578 4267 quidem
592 4206 655 4267 pro
676 4187 736 4252 illa
755 4192 862 4253 nostra
883 4186 919 4252 in
940 4186 1106 4268 teriducia
1126 4185 1206 4253 bona
1226 4187 1380 4251 mittimus
1399 4185 1443 4251 ad
1462 4189 1491 4250 te
1511 4186 1707 4270 mpitotimes
1723 4189 1855 4263 maras,
1876 4187 1999 4248 manus
2020 4186 2055 4246 ut
2075 4181 2147 4249 borni

150 4293 305 4361 consulas.
350 4294 477 4362 Sinone
497 4297 581 4361 enim
602 4297 707 4364 animo
727 4297 894 4366 scribimus
914 4296 989 4363 laec
1009 4299 1205 4379 quaeadm.
1250 4296 1408 4364 Maiorem
1423 4301 1548 4379 parum
1575 4317 1627 4382 epo
1647 4317 1686 4362 ec
1705 4295 1855 4360 sanctia
1875 4314 1972 4375 quma
1991 4314 2062 4361 mea
2080 4299 2147 4359 tum

150 4405 288 4472 aliorum
308 4408 447 4473 maraci.
490 4406 615 4475 Eadem
636 4414 681 4474 est
701 4411 785 4476 enim
804 4409 944 4476 omnium
964 4414 1105 4475 nostrmn
1130 4411 1287 4475 sententia.
1337 4407 1426 4473 Iurit
1445 4429 1495 4475 me
1514 4408 1558 4476 D.
1583 4408 1761 4474 Tumens
1787 4426 1826 4471 eu
1851 4406 2006 4471 communi
2030 4426 2149 4490 auoque

150 4517 304 4584 sedentia
324 4520 460 4585 scalers
481 4540 561 4603 quae
582 4522 669 4587 eides
690 4522 759 4588 eim
774 4541 873 4587 manu
891 4525 1034 4587 onorata.
1078 4519 1134 4586 Ita
1153 4541 1224 4587 cero
1242 4520 1463 4604 festmaaimus
1482 4527 1517 4586 ut
1533 4518 1733 4586 conticuerit
1749 4517 1924 4583 monae.
1966 4517 2063 4584 Valde
2079 4538 2150 4603 erpo

149 4634 178 4696 te
200 4649 256 4695 oro
276 4634 311 4695 ut
325 4635 494 4712 nmmuom
512 4653 547 4699 eo
567 4634 683 4715 scripto
704 4653 782 4699 rusus
801 4634 905 4715 fueris
924 4633 1073 4699 remittas.
1106 4632 1249 4699 Placeret
1266 4631 1512 4698 bonet'abulam
1532 4651 1631 4696 manu
1655 4628 1808 4695 Theodori
1828 4633 1991 4695 sacratam
2011 4635 2040 4695 et
2055 4630 2149 4714 alios,

150 4740 182 4807 si
201 4740 249 4807 ito
270 4741 327 4807 tibi
347 4741 499 4824 uideam
515 4745 689 4829 praefigere
708 4744 914 4811 Martum
933 4749 1056 4811 nostrae
1079 4741 1307 4826 demersionis,
1329 4764 1402 4814 moe
1417 4749 1492 4828 post
1512 4741 1673 4838 epistolem
1694 4740 1737 4807 ad
1763 4741 1925 4807 ministros
1952 4740 2150 4808 marciarum

151 4851 377 4934 barenorum,
398 4855 465 4920 nisi
485 4856 572 4922 alius
590 4857 647 4922 tibi
667 4856 810 4921 rideatm
830 4855 915 4920 maes
936 4856 1146 4938 opportunior.
1183 4854 1277 4923 Forte
1297 4855 1355 4922 sub
1373 4857 1476 4939 linem,
1490 4858 1565 4936 post
1585 4852 1806 4934 eremmon
1826 4852 1988 4918 culmum
2006 4850 2149 4917 Domini.

161 4962 266 5043 Vides,
286 4984 344 5030 nos
364 4985 404 5030 ee
425 4967 532 5032 animo
553 4987 679 5049 apuam
699 4972 841 5034 nostram
856 4964 915 5031 tibi
936 4968 1126 5051 coniungere.
1173 4967 1225 5033 Tu
1245 4969 1315 5035 eide
1335 4989 1374 5034 ne
1394 4969 1452 5035 din
1470 4965 1601 5047 differas
1621 4965 1676 5030 sed
1696 4964 1803 5030 omnia
1821 4968 1939 5047 parato
1959 4967 2082 5028 mature
2102 4982 2151 5029 rs·

152 5073 268 5140 midos.
314 5074 502 5143 CmoMmur
523 5079 611 5160 apoc
631 5077 808 5145 Beruenses
823 5078 984 5160 primum,
998 5078 1108 5144 ᾱιίιιάι
1129 5080 1218 5162 apud
1238 5081 1324 5147 alias
1340 5079 1482 5147 molesios
1499 5075 1633 5158 fideliter
1650 5096 1747 5160 apere
1784 5074 1953 5153 Fortassis,
1975 5094 2073 5156 guum
2086 5094 2151 5157 pro

149 5186 304 5254 senecta
323 5193 435 5255 nostra
454 5190 677 5273 responderint,
697 5190 881 5274 tibipartes
901 5187 1059 5257 labamur
1079 5192 1193 5275 agendi
1213 5211 1284 5260 eum
1303 5193 1368 5260 tuis
1385 5196 1412 5258 et
1432 5189 1553 5256 nemis.
1588 5187 1763 5256 Metuimus
1782 5186 1989 5254 Baritienses.
2034 5183 2073 5251 st
2093 5184 2150 5266 out
