4724 5886
968 317 1336 387 PROLEGOMENA.
2064 326 2155 394 XXI

156 513 273 578 briam.
320 512 393 577 Non
410 511 466 592 qai
487 511 586 589 cadit,
609 509 663 574 ced
685 530 741 591 qai
735 506 839 589 facit
859 510 1032 574 muriciam
1053 507 1149 573 miser
1169 513 1222 573 est.
1266 508 1323 574 Ad
1344 507 1453 575 laudes
1474 529 1551 574 snas
1572 515 1606 575 ut
1627 530 1715 576 nenio
1742 511 1850 593 effemi
1866 513 1993 580 dcbetsi
2008 517 2156 639 amodum

156 626 326 702 1111111111,
348 620 836 701 tanecacprotrcncncere
858 619 1315 701 iactatcinaligaemdolere.

318 734 441 800 Paulas
460 734 556 816 euicit
576 738 611 797 at
631 734 794 814 episcopus
814 732 857 796 sit
877 731 1063 815 inculpatas,
1086 733 1138 796 cai
1162 733 1278 796 crimen
1308 732 1455 797 intentari
1483 734 1568 798 etde
1589 754 1648 815 pao
1676 735 1712 798 in
1732 735 1865 815 iudicio,
1893 737 1948 803 nbi
1976 759 2030 804 reo
2056 741 2155 806 datm

157 847 366 912 innocmticm
394 865 485 911 mmm
514 844 696 926 ddmdcndi
717 848 869 925 potestas,
902 843 1040 910 convinci
1067 863 1136 908 aere
1160 863 1222 908 non
1245 844 1356 923 possit.
1408 843 1464 908 Ad
1484 842 1565 910 lanc
1584 845 1715 926 apostoli
1736 846 1846 930 legem
1868 849 1937 915 Deo
1956 849 2154 933 9111111111,

156 979 209 1024 res
231 964 259 1022 et
279 960 413 1023 actiones
433 978 519 1022 naas
539 956 685 1022 11111111
705 954 842 1038 diripere
862 960 989 1021 conones
1006 974 1078 1019 amc
1099 959 1129 1019 et
1149 956 1193 1020 ad
1215 974 1285 1019 eam
1305 975 1431 1038 scopum
1450 975 1505 1020 ecs
1520 955 1650 1038 postbac
1665 957 1811 1039 reseram.
1861 959 1900 1024 Si
1926 962 2025 1044 ipdar
2045 964 2155 1029 adoa-

156 1069 242 1134 sarii
262 1090 325 1133 noa
346 1070 542 1134 intermtttent
560 1068 692 1150 pronitas
714 1087 862 1132 aocasmc
882 1086 938 1145 mo,
960 1067 1088 1146 suamc
1108 1067 1281 1131 mendaciis
1303 1072 1332 1131 et
1351 1067 1488 1149 conada
1503 1068 1688 1132 criminibus
1705 1069 1871 1151 infamare,
1892 1073 2042 1140 diabolico
2058 1075 2155 1156 plane

156 1181 285 1248 comitio
307 1200 340 1245 ec
361 1184 523 1262 spectcme,
544 1183 579 1244 at
600 1179 706 1245 odiam
727 1183 755 1243 et
775 1182 976 1259 contemptam
996 1179 1136 1258 emittent,
1162 1198 1224 1243 non
1245 1183 1308 1242 tam
1336 1180 1373 1244 in
1393 1199 1442 1244 me
1463 1199 1558 1260 quam
1585 1179 1621 1243 ia
1646 1200 1776 1246 ccasom
1797 1181 1861 1246 Dei
1886 1204 1967 1264 qaae
1988 1186 2105 1268 apitar,
2126 1191 2155 1252 et

158 1297 389 1360 sacrosanctam
410 1292 479 1356 eins
499 1291 727 1356 ministeriam.-
747 1295 814 1354 tam
829 1309 962 1370 prouoco
983 1294 1012 1354 et
1027 1288 1200 1371 provocabo
1220 1309 1341 1372 semper
1358 1290 1401 1354 ad
1420 1309 1532 1372 aequos
1554 1294 1582 1355 ct
1602 1291 1799 1372 incorruptos
1820 1294 1946 1375 iudices,
1967 1301 2031 1362 tam
2044 1297 2153 1377 politi·

156 1425 208 1471 eos
228 1425 323 1487 qaam
345 1404 569 1482 emlesicstieos,
590 1402 768 1467 mnstdatos
789 1400 853 1466 Dei
874 1400 1067 1466 ordinatione
1088 1405 1153 1465 1111
1178 1401 1215 1465 in
1235 1405 1343 1466 nostra
1369 1405 1435 1466 1111
1461 1403 1497 1466 in
1522 1402 1600 1468 aliis
1626 1404 1785 1469 scaonmis
1810 1406 1988 1472 amantur
2011 1413 2040 1473 et
2067 1409 2154 1475 ecele-

154 1518 226 1598 siis,
248 1536 353 1582 coram
373 1515 424 1580 lis
444 1534 669 1595 respuamus,
696 1513 788 1594 offero
808 1533 856 1576 nce
878 1512 921 1577 ad
941 1511 1147 1594 desmsionem
1169 1532 1206 1579 ac
1221 1516 1295 1592 peto
1317 1514 1470 1593 tantisper
1485 1533 1548 1594 pro
1568 1512 1663 1595 falcis
1690 1514 1800 1580 babai
1826 1537 2024 1601 quaecunque
2049 1521 2084 1584 in
2104 1541 2154 1586 me

152 1628 317 1710 conferant
338 1626 524 1705 adversarii,
546 1625 611 1690 siae
627 1625 738 1708 palam
760 1626 795 1689 in
813 1624 940 1704 scriptis
961 1623 1040 1704 sais,
1062 1624 1128 1690 siue
1148 1644 1171 1689 a
1192 1629 1274 1707 tergo
1295 1624 1376 1689 dam
1397 1623 1606 1702 obtredantes,
1634 1625 1727 1690 dmcc
1753 1629 1839 1693 veris
1863 1635 1892 1694 et
1912 1630 2153 1713 1111111111οό1-

154 1740 291 1806 tionibus
306 1738 545 1820 fidennfccerint,
567 1756 717 1802 oaomse
739 1737 776 1801 dc
796 1735 908 1817 quinus
928 1756 1001 1800 sam
1022 1740 1201 1801 accusatus:
1221 1737 1302 1817 quod
1319 1756 1482 1818 nunqnam
1497 1737 1637 1817 scalmos
1653 1736 1730 1817 dica
1750 1739 1850 1820 fretrus
1860 1742 2044 1807 commentia
2060 1748 2152 1825 recta,

154 1872 270 1918 causac
291 1850 429 1929 bonitate,
451 1849 624 1914 testimonio
645 1848 793 1913 bonnam
814 1853 843 1913 et
862 1846 928 1912 Dei
949 1847 1120 1929 deserueris
1140 1848 1288 1912 iminica

312 1961 458 2028 Feliciter
478 1961 514 2025 in
533 1960 669 2026 Domino
681 1959 756 2024 Iesu
766 1958 844 2024 1111.
866 1958 1047 2043 Harnbarpi
1070 1956 1217 2031 Calendis
1230 1956 1421 2041 Septeacbris
1440 1979 1523 2024 anno
1538 1964 1655 2041 partae
1672 1980 1732 2042 per
1744 1959 1903 2026 Christum
1923 1964 2151 2033 salutis1556.

1466 2070 1557 2136 Tnus
1580 2071 1761 2138 locabimus
1789 2072 1997 2155 Westplclas.

309 2187 418 2268 Atque
440 2185 522 2250 haec
545 2184 624 2248 sctis
646 2202 817 2266 superque.
862 2182 977 2248 Unum
998 2180 1117 2248 addere
1139 2182 1236 2248 liceat
1257 2182 1454 2248 urbanitatis
1475 2183 1702 2267 theologorum
1723 2183 1812 2250 illiue
1834 2186 1954 2251 saeculi
1976 2186 2153 2254 documen-

152 2306 239 2375 tum,
260 2297 347 2382 quod
367 2297 399 2363 J.
423 2297 462 2361 B.
484 2297 692 2361 Wisamerus
716 2293 980 2379 Hamburgensis
1002 2292 1116 2359 eodem
1143 2295 1211 2358 fere
1232 2303 1395 2378 tempore,
1424 2315 1541 2378 nempe
1563 2294 1594 2360 d.
1617 2299 1668 2361 20.
1690 2296 1835 2380 Augusti
1858 2295 1899 2361 cd
1920 2297 2152 2383 Bullingcrum

153 2411 300 2477 scribens
323 2409 438 2486 (Arch.
463 2409 572 2473 Turio.
596 2407 683 2473 Plut.
706 2406 768 2473 VI.
798 2415 865 2472 tom
896 2411 985 2471 ll'la.
1008 2407 1029 2471 l.
1057 2410 1120 2470 cat
1143 2406 1286 2490 autogr.)
1309 2407 1486 2472 memoriae
1507 2405 1658 2490 prodidit,
1686 2407 1924 2492 aWestphclc
1951 2431 2010 2475 cuc
2033 2431 2151 2478 uerna·

152 2521 227 2589 culo
249 2520 401 2585 idiomate
422 2520 557 2597 editum,
579 2519 702 2601 tibique
724 2517 1010 2602 interpretandum
1032 2518 1267 2601 permittimus:

456 2631 511 2696 De
530 2629 596 2696 Bol
622 2651 681 2695 non
710 2629 817 2695 Zdrolt
844 2630 910 2696 aad
937 2630 993 2695 dat
1016 2627 1094 2710 Oclf
1115 2650 1173 2694 oon
1196 2629 1285 2712 Gens
1302 2631 1359 2695 aie
1386 2630 1424 2695 oli
1451 2629 1489 2695 de
1509 2629 1637 2696 Bolicclc
1659 2628 1732 2695 Bar
1757 2630 1918 2696 Tlorittea
1946 2633 2000 2698 des
2027 2633 2151 2757 Horren

571 2741 749 2808 Weinbereb
766 2762 836 2825 par.

306 2855 412 2921 Multo
435 2855 568 2918 maioris
591 2855 747 2919 momenti
770 2854 833 2918 luit
854 2863 889 2918 et
910 2853 1078 2936 amplioris
1106 2850 1249 2918 ambitus
1277 2852 1361 2918 alius
1388 2853 1472 2919 liber
1493 2874 1513 2919 a
1534 2853 1729 2936 Westphalc
1755 2855 1947 2938 paulopost
1968 2855 2086 2936 editus,
2109 2856 2150 2924 de

148 2990 216 3052 quo
236 2989 324 3033 nunc
345 2988 384 3032 ea
405 2967 551 3049 accipias,
575 2965 732 3031 benevole
753 2966 870 3040 lector,
891 2984 973 3048 quae
995 2965 1037 3030 ad
1058 2966 1209 3048 proxime
1238 2972 1430 3048 sequentem
1451 2964 1583 3031 Caluini
1604 2967 1849 3047 responsionem
1874 2967 2006 3050 penitus
2027 2969 2149 3035 intelli-

147 3080 293 3167 gendam
314 3078 498 3156 utilissima,
520 3081 586 3142 imo
608 3078 740 3141 omnino
766 3078 950 3142 necessaria
971 3085 1076 3141 erunt.
1122 3075 1253 3141 Titulus
1275 3084 1340 3141 est:
1387 3075 1544 3158 Gmfessic
1569 3077 1645 3158 fidei
1666 3076 1704 3142 de
1730 3078 1938 3145 eucharistiae
1958 3086 2150 3147 scorammto

146 3195 185 3258 in
207 3212 273 3275 oua
292 3192 435 3256 ministri
455 3188 652 3256 emlesiaram
676 3187 835 3253 Senoniae
860 3188 971 3253 solidis
998 3189 1190 3272 argumentis
1217 3208 1383 3254 sacrarum
1411 3188 1576 3253 literarum
1602 3193 1751 3254 nutricant
1772 3193 1911 3273 corporis
1931 3197 1959 3255 et
1979 3193 2149 3276 sanguinis

147 3304 283 3370 Domini
304 3303 402 3366 nostri
424 3300 501 3366 lesa
525 3298 643 3366 Obristi
658 3301 876 3381 praesentiora
897 3300 933 3363 in
953 3318 1047 3366 coena
1068 3303 1190 3378 sancta,
1219 3305 1247 3363 et
1266 3301 1305 3366 de
1325 3299 1405 3365 libro
1429 3297 1554 3365 Galoird
1580 3300 1663 3381 ipsis
1686 3301 1824 3366 dedicato
1847 3303 2038 3383 respondent.
2082 3301 2148 3368 Im-

141 3435 293 3501 pressam
314 3412 546 3497 Mapdebnapae
562 3413 649 3495 apud
670 3412 814 3477 Ambrae.
838 3410 996 3476 Kirclncr
1017 3431 1046 3475 a.
1070 3408 1118 3475 ll
1140 3409 1183 3475 D.
1207 3410 1325 3477 LVII.
1346 3410 1552 3495 undeviginti
1574 3413 1849 3495 quaternionibus,
1872 3434 1948 3479 cnm
1969 3414 2158 3498 epigraphe·

146 3550 191 3594 ex
214 3527 300 3593 Phil.
327 3533 340 3590 1
366 3527 413 3610 (v.
437 3529 478 3588 27
501 3525 552 3610 a).
588 3523 745 3589 Continet
764 3523 827 3589 hoc
851 3522 1017 3589 volumen:

306 3644 333 3703 l.
355 3637 543 3720 Wcstphali
565 3634 800 3719 praelationem
822 3655 934 3699 mense
954 3633 1135 3700 Novembri
1159 3637 1240 3697 1556
1265 3633 1384 3712 datam,
1406 3654 1535 3718 exque
1560 3635 1720 3701 nonnulla
1745 3625 1918 3718 decerpere
1944 3658 2010 3701 non
2031 3637 2089 3703 abs
2110 3660 2146 3704 re

145 3752 228 3817 erit:
251 3798 384 3815 .....
432 3747 563 3813 Praeter
584 3747 668 3812 olias
684 3745 862 3827 probabiles
882 3750 910 3810 et
930 3745 1027 3810 bonas
1043 3745 1165 3810 silentii
1184 3745 1247 3810 mei
1268 3747 1418 3822 rationes,
1434 3748 1606 3828 prauam
1626 3746 1707 3811 mila
1727 3746 1848 3811 tamdia
1875 3748 1996 3813 tuendi
2017 3768 2146 3814 causam

139 3861 292 3946 pracbcoit
313 3861 432 3926 occasm
454 3879 549 3940 qnam
573 3858 734 3937 Odoinns,
756 3878 937 3940 quanquam
959 3856 1050 3922 aliud
1073 3877 1176 3940 opera,
1198 3838 1364 3939 bppcrtaac
1384 3857 1464 3923 mili
1485 3857 1604 3924 obtulit.
1652 3858 1755 3940 Quam
1776 3859 1858 3923 enim
1878 3860 2030 3939 scripaum
2052 3880 2145 3925 saum

138 3973 316 4058 posterius,
345 3973 379 4036 in
406 3991 467 4053 qao
488 3972 639 4034 vatatam
659 3988 793 4035 moram
814 3968 952 4035 enbibnit
971 3968 1134 4052 sinpalcre
1153 3969 1317 4050 specimen,
1340 3974 1418 4035 etse
1439 3975 1536 4035 totam
1552 3970 1635 4036 uicis
1649 3969 1800 4035 coloribrrs
1816 3989 1998 4051 expressam
2019 3976 2146 4038 1111111·

136 4084 302 4168 plcadam
323 4083 415 4161 dedit,
437 4082 616 4160 dedicasset,
639 4083 733 4163 guasi
754 4102 789 4146 re
806 4081 969 4163 praeclare
977 4084 1074 4163 pesta,
1096 4080 1233 4146 ecclesiis
1244 4079 1413 4160 Saronico,
1435 4085 1464 4146 et
1482 4081 1582 4146 verbm
1602 4081 1726 4163 guidem
1743 4082 1900 4147 videretur
1915 4102 2028 4148 causae
2044 4084 2146 4167 cogni·

142 4197 261 4263 nonan
281 4196 325 4260 ad
346 4213 400 4259 ecs
419 4193 546 4275 deferre,
562 4194 690 4277 prolinc
711 4194 806 4257 etiam
821 4194 1027 4272 promitteret,
1056 4212 1089 4257 se
1109 4211 1253 4257 memore
1273 4191 1369 4271 nolle,
1398 4212 1597 4275 quaecunque
1618 4193 1878 4259 reconciliationis
1904 4194 1986 4260 ratio
2007 4195 2144 4262 ostendo-

142 4312 243 4386 retur,
264 4325 418 4388 quamque
440 4326 502 4370 non
522 4305 687 4371 obscenam
706 4307 786 4368 esset
807 4305 885 4384 qaid
904 4303 967 4368 sibi
992 4303 1080 4369 celet
1106 4304 1171 4368 ista
1196 4303 1357 4382 dedicdic,
1390 4324 1487 4386 paone
1516 4307 1667 4384 1111111111
1699 4309 1760 4370 tota
1787 4305 1846 4370 illa
1872 4326 1936 4386 res,
1957 4307 2073 4387 pataoi
2098 4306 2143 4372 ibi

141 4439 263 4503 pirama
282 4417 362 4482 milri
382 4418 608 4483 consistentiam
637 4436 717 4495 esse,
744 4435 798 4479 noe
824 4415 916 4480 aliud
941 4416 1114 4497 qaidmmm
1141 4415 1367 4494 odmundum,
1399 4415 1465 4479 nisi
1486 4414 1541 4480 loc
1569 4434 1683 4496 anam,
1715 4421 1750 4480 ut
1771 4416 1814 4482 ad
1835 4417 2018 4483 1111111111
2036 4419 2142 4500 foram

142 4531 384 4597 eodemcsticam
405 4534 559 4611 receptam
577 4529 728 4608 11111111,
755 4526 845 4592 etab
866 4528 1056 4608 incorruptis
1076 4532 1104 4592 et
1128 4525 1258 4592 sinceris
1286 4527 1442 4592 iudicibus
1464 4546 1527 4609 pro
1553 4527 1729 4610 (1111111111
1755 4529 1857 4593 iactae
1883 4549 1997 4594 musae
2023 4529 2140 4594 iactam

141 4643 329 4710 smtentiam
350 4643 523 4708 obtmerem.
568 4639 635 4706 Hoc
656 4640 755 4724 igitar
780 4637 907 4704 eonsdio
932 4639 1049 4721 scripsi
1076 4639 1119 4704 ad
1145 4659 1196 4705 eos
1218 4640 1274 4722 pai
1289 4642 1445 4721 praemnt
1470 4639 1629 4705 sanoaids
1656 4640 1792 4705 mdesiis
1819 4645 1848 4705 et
1873 4639 1912 4706 ab
1936 4642 1988 4707 lis
2005 4685 2138 4705 .....

133 4753 242 4838 petivi
262 4758 298 4818 at
318 4755 356 4819 de
379 4752 508 4819 Caloirw
529 4758 558 4818 et
578 4754 658 4818 meis
678 4753 816 4835 scriptis,
838 4751 936 4832 depae
956 4754 1019 4816 tota
1046 4752 1253 4817 controversia
1274 4749 1485 4814 diiudicarent
1513 4755 1541 4815 et
1568 4771 1662 4816 suam
1680 4752 1717 4817 de
1744 4772 1837 4816 coena
1858 4751 1991 4818 Domini
2019 4751 2140 4816 neca

139 4864 371 4948 cmisamoann.
417 4864 526 4931 Facile
548 4864 715 4946 impetrari
733 4864 831 4944 petita
853 4911 987 4928 .....
1007 4863 1212 4929 exhibuerant
1231 4881 1309 4927 sans
1329 4861 1466 4944 scriptas
1486 4863 1701 4944 confessiones,
1723 4863 1783 4928 alii
1803 4862 1968 4942 1111111111,
1994 4861 2055 4927 alii
2077 4859 2141 4925 loa·

136 4978 255 5063 pieres,
273 4978 352 5042 mire
372 4982 475 5044 tamen
496 4977 544 5042 ita
565 4977 647 5041 inter
667 4995 701 5041 se
721 4974 936 5040 mmentientes
958 4980 1024 5039 tum
1045 4974 1146 5040 cerba
1166 4979 1232 5038 toan
1252 4974 1424 5052 1111111111,
1445 4975 1518 5039 item
1532 4973 1770 5055 probationibus
1790 4979 1818 5040 ct
1840 4973 2031 5058 argumentis
2044 4993 2139 5054 prcc-

138 5090 257 5173 cipais,
279 5092 314 5152 ut
333 5089 441 5155 nerias
461 5090 512 5169 sit,
535 5095 564 5154 et
584 5088 698 5154 rectius
719 5087 889 5168 appelletur
908 5084 1074 5168 0111111111,
1096 5105 1191 5169 quam
1207 5085 1411 5166 confessiones
1427 5084 1627 5152 caminam
1645 5084 1803 5152 Senoniae
1803 5131 1928 5150 .....
1947 5081 2050 5148 Habet
2067 5104 2138 5168 erpo

142 5199 300 5267 mamae
319 5199 382 5265 sibi
402 5219 587 5282 responsam
608 5199 651 5264 ad
671 5199 849 5265 dedicatam
869 5198 986 5265 noeais
1007 5199 1075 5280 ipso
1096 5197 1226 5281 dipnnm
1247 5195 1371 5277 libram,
1393 5197 1483 5264 labet
1504 5198 1567 5263 sibi
1586 5202 1741 5263 1111111111
1764 5198 1850 5261 mam
1869 5195 2137 5277 reconciliationis,
