4748 5798
192 255 269 322 ιιι
906 242 927 252 ’·
969 244 1451 316 ιιιιοιιιιιιιιιι
2157 252 2222 314 ιιι

198 443 311 509 dhisse
334 440 522 517 iniustum,
554 439 584 502 si
615 437 742 504 bonum
771 438 813 505 ad
845 438 1024 522 perniciem
1056 438 1187 507 creavit.
1229 436 1345 500 ¹luerit
1366 436 1482 515 homo,
1511 436 1598 502 haue
1619 435 1864 514 rectitudinem,
1892 458 1975 519 quae
1997 439 2088 503 fluxa
2113 449 2146 503 et
2165 461 2223 504 ca-

210 525 384 608 Quomodo
405 532 526 589 natura
540 531 653 590 reatus
670 524 772 589 luerit
792 524 900 603 homo,
923 524 1003 589 satis
1025 541 1188 606 superque
1243 521 1329 587 duca
1351 535 1432 600 erat,
1455 541 1530 587 oum
1551 522 1616 587 Dei
1630 522 1940 605 praedestinatione
1968 545 2034 588 non
2061 544 2221 608 pugnare,

198 613 323 677 “multis
344 612 425 675 loeis
448 609 593 692 exposui
645 609 744 676 Certe
771 631 838 675 non
865 609 982 675 melior
1001 609 1068 673 fuit
1089 627 1188 690 quam
1242 626 1309 690 qua
1331 608 1452 673 lactum
1477 616 1527 672 est
1548 619 1587 672 ut
1608 629 1668 673 sua
1689 609 1786 691 eulpa
1812 609 1936 692 periret
1957 610 2013 692 qui
2035 630 2137 692 purae
2160 631 2221 675 na·

209 696 359 762 diabolus
397 696 575 778 tamquam
615 717 635 759 a
672 712 747 761 sua*
769 695 961 779 integritate
1003 694 1186 759 excidisset
1241 702 1347 770 turae,
1370 693 1437 758 imo
1460 698 1534 773 [pag.
1554 700 1608 774 43]
1631 695 1701 758 eius
1722 714 1787 777 qua
1807 706 1942 760 ornatus
1959 704 2031 762 erat
2046 705 2219 778 praestan·

202 783 323 862 Nune,
350 782 381 848 si
402 788 486 845 tam·
501 780 656 852 homines
677 784 775 864 quam
801 781 935 866 angelos
956 790 1122 864 apostatas
1145 779 1188 845 ad
1242 779 1308 844 tiae
1331 780 1461 857 intuitu,
1484 778 1688 844 adsalutem
1714 788 1844 851 oreatus
1867 790 1952 845 erat:
1984 781 2123 865 ideoque
2142 802 2219 865 per·

199 868 350 936 ἰιιιιιιιι
373 875 507 932 creatos
523 884 595 932 esso
617 866 677 933 tibi
699 867 884 945 eouoedam,
912 879 946 931 et
967 877 1077 954 tamen
1098 867 1187 931 iutu-
1239 884 1352 949 peram
1375 874 1409 929 et
1430 865 1530 929 stulte
1552 866 1653 931 infers
1664 866 1764 932 fuisse
1774 874 1920 932 creatum
1941 875 1979 931 ut
2000 866 2105 932 bonus
2127 868 2217 951 peri-

209 975 282 1020 rae·
305 953 688 1035 delectacionem
722 953 825 1018 exitio
866 953 966 1018 brisso
997 951 1187 1030 destinatos,
1240 961 1307 1030 ret,
1335 972 1435 1033 quum
1466 970 1527 1015 sua
1554 951 1746 1016 infirmitate
1773 951 1928 1018 cecidisse
1954 953 2065 1034 palam
2096 955 2150 1031 sit,
2178 962 2218 1017 ut

234 1040 290 1105 uid
317 1055 354 1105 tu
380 1035 457 1103 inde
485 1037 618 1104 elicies?
669 1039 777 1105 scivit
812 1039 1003 1119 onim'*[pag.
1021 1044 1081 1115 40]·
1098 1036 1188 1102 haud
1241 1056 1308 1101 non
1327 1037 1393 1101 nisi
1414 1037 1520 1102 iustae
1538 1034 1740 1102 damnationi
1762 1036 1923 1103 obnoxius
1966 1039 2074 1104 oriret.
2108 1042 2217 1106 Porro

211 1061 318 1192 dubie·
337 1125 430 1190 Deus
455 1122 537 1206 quid
564 1123 712 1207 utrisque
736 1126 885 1189 futurum
913 1135 1014 1202 esset,
1048 1132 1082 1187 et
1109 1120 1188 1206 quid
1231 1131 1280 1186 ’ut
1296 1123 1384 1186 iuter
1405 1141 1441 1187 se
1462 1121 1526 1187 duo
1548 1121 1630 1188 haec
1652 1122 1860 1202 conveniant,
1883 1144 1925 1207 pa
1961 1135 2072 1207 opost
2093 1126 2216 1192 elarius

210 1211 284 1295 ipse
305 1212 452 1276 faoturus
474 1216 571 1288 esset,
593 1210 691 1275 simul
713 1208 866 1276 decrevit
899 1209 952 1290 De
972 1208 1188 1295 permissione
1236 1206 1434 1273 videbimus.-

211 1295 396 1363 videbimus
419 1303 531 1379 postea
547 1316 608 1361 suo
627 1295 707 1361 looo.
758 1296 856 1361 Nune
878 1296 907 1361 si
928 1294 1011 1361 mihi
1032 1296 1186 1378 excipias,
1258 1305 1261 1311 ’
1325 1291 1449 1359 Obiiois
1477 1294 1588 1359 Deum
1616 1293 1705 1357 nolle
1735 1304 1874 1359 mortem
1905 1297 2092 1376 peccatoris.
2144 1296 2213 1364 Sed

211 1383 463 1466 praescientiam
485 1381 550 1446 Dei
572 1402 639 1445 non
660 1401 732 1446 osse
760 1382 921 1446 malorum
945 1400 1086 1458 oausam,
1114 1391 1186 1447 tan·
1240 1377 1374 1443 attende
1396 1378 1476 1462 quid
1497 1387 1653 1461 sequatur
1675 1378 1761 1462 apud
1772 1380 1976 1463 prophetam,
1998 1401 2117 1466 nempe
2135 1386 2213 1466 quia

213 1475 286 1533 tum
308 1466 366 1533 abs
388 1477 423 1532 te
443 1487 582 1550 quaero,
610 1465 754 1532 siDeus
776 1476 843 1531 tam
866 1465 986 1532 diaboli
1007 1488 1106 1550 quam
1128 1465 1186 1531 ho·
1241 1472 1354 1531 omnes
1387 1465 1428 1529 ad
1460 1464 1720 1547 resipiscentiam
1750 1466 1878 1531 invitet
1932 1466 2023 1552 Ergo
2056 1468 2213 1536 omnibus

212 1553 314 1618 minis
334 1553 504 1618 interitum
515 1549 867 1636 praevidit'antequam
890 1573 946 1618 eos
969 1560 1105 1630 crearet,
1127 1573 1187 1617 eur
1239 1551 1296 1633 qui
1316 1551 1353 1615 in
1374 1551 1461 1617 viam
1486 1549 1640 1628 redeunt,
1670 1551 1807 1617 offertur
1829 1551 1933 1618 venia.
1961 1551 2074 1618 ΙΝιιι
2094 1553 2212 1621 viden-

212 1659 280 1705 non
302 1650 431 1704 mature
453 1637 641 1704 adhibuerit
659 1637 849 1717 remedium,
871 1658 914 1702 ne
933 1637 976 1703 ad
992 1637 1121 1721 lapsum
1138 1637 1187 1702 ιιι
1240 1634 1322 1700 dum
1347 1646 1397 1712 est
1423 1651 1467 1701 an
1496 1636 1531 1700 in
1559 1636 1661 1701 libero
1687 1635 1844 1719 cuiusque
1872 1637 2006 1703 arbitrio
2034 1638 2142 1721 posita
2168 1642 2212 1707 sit

213 1733 324 1791 essent
343 1722 530 1808 proclives?
560 1722 699 1790 -Statim
721 1725 761 1789 ab
786 1724 880 1788 initio
901 1723 1016 1789 mundi
1038 1722 1187 1788 diabolus
1238 1723 1407 1789 conversio
1433 1740 1533 1805 quam
1560 1721 1699 1805 requirit
1726 1721 1835 1802 Deus,
1863 1744 1905 1787 an
1928 1743 2009 1788 vero
2039 1724 2211 1809 singulare

212 1830 249 1876 ιι
267 1831 291 1875 a
307 1830 366 1892 spe
387 1809 502 1876 ιιιιιιι
522 1808 693 1875 alienavit:
716 1809 813 1874 homo
835 1808 935 1874 simul
955 1818 1054 1892 atque
1075 1808 1187 1874 conda
1239 1808 1282 1872 sit
1299 1809 1369 1873 sius
1391 1805 1522 1872 donum.
1554 1806 1726 1888 Quatenus
1747 1821 1824 1892 ergo
1841 1829 1953 1874 omnes
1974 1808 2016 1874 ad
2038 1812 2210 1893 poeniten·-

212 1903 268 1960 tus
289 1911 347 1973 est,
371 1916 405 1960 ae
423 1905 458 1960 et
471 1914 555 1960 suos
577 1894 703 1960 exitiali
724 1896 823 1960 ruina
844 1894 1002 1978 perdidit:
1021 1896 1049 1960 si
1070 1895 1106 1959 in
1121 1892 1187 1958 Dei
1238 1894 1319 1958 tiam
1342 1893 1501 1971 hortatur,
1524 1894 1640 1959 merito
1657 1901 1757 1976 negat
1777 1894 1939 1977 propheta
1959 1894 2045 1961 velle
2066 1908 2210 1964 mortem

210 2001 313 2050 manu
340 2002 454 2047 eorum
479 1981 729 2063 perseverantia
757 1991 843 2060 crat,
872 2000 931 2046 our
952 2001 1048 2046 ruere
1069 2001 1187 2064 passus
1238 1980 1426 2062 peccatoris.
1461 1978 1531 2044 Cur
1552 1987 1662 2044 autem
1684 2000 1752 2043 non
1773 1988 1887 2044 omnes
1908 1981 2087 2064 aequaliter
2108 1982 2151 2048 ad
2173 2005 2209 2049 se

194 2064 285 2132 vest?
317 2066 391 2132 Imc
407 2086 544 2133 curuon
556 2053 711 2132 mediocri
721 2066 838 2131 saltem
858 2067 1042 2131 constantia
1058 2078 1186 2131 utrum·
1238 2073 1418 2143 eonvertat,
1440 2085 1540 2148 penes
1561 2065 1670 2148 ipsum
1692 2063 1952 2132 abscondita'est
1973 2068 2066 2133 ratio.
2111 2066 2209 2150 Quod

73 2202 78 2209 ι
211 2173 274 2235 que
295 2151 476 2218 insuerit?
525 2150 581 2218 Ad
601 2172 812 2235 quoscunque
835 2152 990 2218 obtuitus
1012 2161 1045 2217 te
1066 2161 1185 2229 vertes,
1232 2151 1337 2216 citare
1363 2150 1476 2216 soletis
1502 2171 1544 2215 ex
1566 2151 1685 2228 Paulo,
1713 2150 1822 2215 Deum
1847 2171 1961 2218 omnes
1989 2153 2073 2218 velle
2099 2155 2209 2222 salvos

209 2236 487 2321 hoe-principium
504 2235 636 2303 tenebo:
660 2236 823 2320 Quamvis
833 2238 994 2316 infirmus,
1016 2249 1050 2303 ιι
1071 2236 1113 2302 ad
1130 2235 1186 2302 de-
1237 2236 1308 2301 fieri
1330 2236 1363 2320 (l
1384 2237 1467 2301 Tim.
1487 2240 1517 2314 2,
1536 2229 1583 2319 4),
1606 2256 1704 2320 quam
1726 2236 1809 2300 nihil
1831 2237 1935 2301 errori
1956 2245 2065 2304 vestro
2087 2241 2208 2306 suffra-

208 2323 384 2388 feotienem
406 2322 560 2389 flexibilis
581 2329 713 2388 oreatus
734 2323 832 2388 luerit
854 2323 961 2402 homo,
989 2323 1075 2389 hano
1096 2322 1186 2388 debi·
1239 2334 1346 2406 getur,
1369 2321 1446 2387 alibi
1467 2321 1603 2405 planum
1625 2322 1738 2389 fecisse
1759 2321 1843 2386 mihi
1865 2321 1985 2388 videor.
2028 2325 2117 2390 Nam
2135 2331 2210 2406 [pag.

208 2408 339 2474 litatem
361 2408 463 2474 ιιιιιι
483 2407 583 2473 valde
605 2408 740 2487 bouem,
769 2409 846 2492 quia
866 2409 962 2493 paulo
984 2418 1057 2492 post
1078 2408 1188 2474 docuit
1241 2413 1294 2488 44]
1317 2415 1407 2474 certo
1429 2408 1550 2474 certius
1572 2415 1631 2485 est,
1655 2407 1798 2473 Paulum
1824 2407 1893 2474 illio
1919 2415 1985 2474 hon
2008 2410 2048 2475 de
2070 2410 2211 2496 singulis

211 2495 286 2559 eius
306 2495 412 2571 ruina,
436 2500 582 2572 [psall]
600 2502 696 2559 extra
712 2493 824 2559 Deum
845 2494 930 2559 nihil
951 2496 1084 2560 firmum
1106 2515 1185 2572 esse,
1238 2492 1427 2559 hominibus
1448 2513 1560 2579 agere,
1594 2492 1651 2559 sed
1676 2492 1859 2577 lntelligere
1880 2493 2011 2560 ordines
2032 2506 2066 2560 et
2088 2519 2211 2580 genera

212 2577 267 2646 vel
289 2578 414 2645 stabile.
459 2575 557 2658 Unde
578 2579 678 2645 etiam
698 2580 884 2657 conficitur*
908 2579 996 2664 quod
1018 2579 1059 2646 de
1080 2580 1187 2645 homi-
1238 2580 1458 2645 vocationum.
1500 2578 1646 2644 Iusserat
1673 2599 1731 2662 pro
1754 2577 1884 2662 regibus
1907 2580 2045 2664 aliisquo
2064 2584 2211 2665 praefec-

211 2662 312 2729 nibus
333 2662 375 2730 ad
396 2664 536 2730 salutem
558 2665 677 2731 creatis
694 2665 811 2750 gerris,
832 2665 986 2731 mutilum
1004 2687 1075 2732 esse
1091 2673 1126 2731 et
1134 2667 1186 2730 in·
1237 2664 1290 2743 tis,
1313 2675 1347 2730 ιι
1366 2665 1552 2748 quicunque
1573 2664 1802 2749 magistratum
1813 2666 1980 2749 gerebant,
2002 2686 2118 2749 preces
2134 2688 2212 2735 oon-

213 2749 418 2835 oonsiderate
447 2750 600 2833 positum.
650 2750 738 2816 Nam
760 2759 799 2816 ut
824 2752 930 2817 fatear
958 2751 1043 2817 nihil
1069 2752 1105 2816 in
1127 2752 1187 2816 ho·-
1237 2750 1310 2833 oipi
1354 2749 1442 2832 Quia
1462 2758 1622 2835 quotquot
1642 2759 1722 2815 tuno
1743 2749 1850 2834 gladio
1872 2753 1989 2816 armati
2016 2763 2113 2819 erant
2133 2757 2212 2820 toti·

212 2835 304 2902 mine
324 2836 426 2902 inisse
446 2835 546 2902 saluti
567 2837 778 2916 ιιιιιιιιιιι,
805 2838 906 2920 proba
926 2837 1077 2904 omnibus
1099 2837 1186 2903 salu-
1240 2835 1316 2902 dem
1337 2837 1475 2920 professi
1504 2843 1600 2902 erant
1628 2834 1784 2903 eeclesiae
1804 2836 1931 2917 hostes,
1960 2837 2140 2904 absurdum
2163 2842 2213 2906 vi·-

212 2930 283 2985 tsm
304 2920 429 2988 occulto
439 2919 506 2987 Dei
517 2921 763 3003 oonsiliofuisse
784 2922 1068 3006 praedestinatam.
1103 2924 1187 2989 Bre-
1239 2922 1309 2987 deri
1336 2929 1466 3006 poterat
1498 2921 1668 2988 ecclesiam
1696 2921 1822 3004 precari
1854 2943 1914 3006 pro
1946 2944 2060 2988 eorum
2093 2926 2212 2994 salute

210 3007 300 3073 'viter
319 3006 407 3072 idem
429 3017 576 3090 repetem
599 3007 673 3074 aliis
694 3009 818 3075 verbis:
841 3007 880 3074 Si
902 3017 1039 3075 naturae
1062 3020 1187 3093 specte-
1237 3007 1365 3074 Paulus
1382 3015 1421 3073 ut
1441 3007 1676 3073 offendiculum
1697 3007 1896 3090 praeveniat,
1918 3006 1983 3073 Dei
2004 3006 2148 3094 qratiam
2170 3012 2214 3078 ad

213 3101 269 3158 tur
289 3094 465 3176 integritas
488 3113 555 3175 qua
581 3092 722 3160 donatus
748 3095 784 3159 in
810 3094 918 3177 prima
939 3094 1103 3160 creatione
1123 3095 1188 3160 fuit
1238 3094 1326 3176 ipsos
1354 3115 1481 3178 quoque
1508 3091 1664 3159 extendit
1712 3093 1795 3158 Plus
1827 3094 1911 3159 forte
1943 3095 2066 3161 eoloris
2092 3108 2145 3162 ιιι
2177 3099 2218 3164 ιι

211 3177 338 3257 Adam,
361 3178 407 3243 ad
427 3177 571 3245 ιιιιιιιι
590 3187 740 3246 creatum
760 3179 875 3259 briem,
902 3180 1093 3264 quia'nulla
1120 3181 1187 3248 illio
1237 3179 1332 3246 Petri
1354 3180 1472 3258 verbis,
1494 3179 1605 3245 Deum
1627 3179 1793 3244 neminem
1813 3178 1900 3246 velle
1920 3180 2037 3263 perire,
2060 3182 2119 3247 sed
2141 3204 2215 3249 om·

213 3264 398 3347 reperietur
418 3265 534 3334 mortis
555 3279 669 3332 eausa:
699 3267 728 3330 si
757 3263 798 3330 de
819 3266 945 3332 occulta
965 3266 1186 3350 praedestina-
1238 3286 1298 3330 nes
1319 3266 1463 3349 recipere
1484 3265 1526 3331 ad
1545 3265 1780 3348 poenitentiam
1807 3265 1841 3350 (2
1859 3265 1950 3330 Petr.
1974 3270 2003 3344 3,
2022 3267 2073 3350 9):
2096 3289 2216 3335 verum

212 3350 303 3415 tione
323 3354 502 3432 quaeritur,
521 3351 1002 3433 occurrereprofuudamillam
1021 3351 1061 3418 ab
1119 3374 1185 3430 um,
1239 3351 1268 3416 si
1289 3350 1367 3435 quid
1387 3351 1425 3415 in
1446 3351 1554 3434 priore
1574 3349 1722 3416 mmtro
1743 3350 1933 3502 ambiguum
1957 3360 2038 3430 erat,
2066 3354 2210 3437 explice-

210 3456 297 3518 ,quee
324 3436 360 3500 in
387 3435 639 3502 admirationem
671 3457 787 3519 rapere
814 3457 874 3502 nos
901 3436 1005 3517 debet.
1112 3460 1132 3504 o
1159 3440 1187 3503 si
1240 3437 1329 3502 tione
1356 3457 1435 3502 mox
1467 3434 1579 3501 addita
1610 3436 1770 3520 liquescit
1852 3457 1917 3501 ane
1932 3447 2123 3520 ¹quatenus
2140 3441 2210 3507 vult

203 3520 343 3600 Ιιιιιιιιι
362 3522 494 3604 pietatis
515 3528 616 3605 gustu
635 3519 783 3588 imbutus
799 3543 897 3601 esses,
918 3524 1011 3589 facile
1031 3544 1187 3609 agnosce·
1239 3523 1332 3588 Deus
1359 3523 1504 3606 recipere
1538 3542 1652 3587 ornnes
1686 3520 1728 3586 ad
1760 3522 2008 3606 poenitentiam,
2041 3526 2208 3591 neminem

173 3687 176 3692 ¹
211 3627 264 3672 ros
284 3627 433 3673 nonesse
455 3607 517 3673 hoo
536 3608 745 3690 perfectionis
767 3608 919 3692 elogium,
941 3610 1018 3675 acsi
1038 3631 1186 3693 pronun·
1238 3606 1312 3672 vult
1331 3607 1454 3691 perire:
1483 3607 1541 3673 sed
1561 3616 1601 3671 ut
1621 3607 1841 3690 recipiantur,
1862 3609 1975 3675 venire
1995 3628 2131 3676 necesse
2151 3621 2207 3677 est

77 3759 79 3766 ,
210 3692 312 3758 uiaret
334 3692 470 3776 spiritus
487 3700 622 3759 sanetus
643 3691 953 3760 nihilexcellentiae
976 3693 1089 3760 deesse
1112 3695 1187 3761 ullis
1238 3688 1433 3759 Praeveniri
1464 3699 1573 3759 eutem
1608 3713 1628 3757 a
1655 3691 1728 3758 Deo
1760 3693 1881 3777 ubique
1913 3693 2033 3760 elamat
2062 3697 2207 3779 spiritus,

211 3778 379 3857 creaturis,
401 3777 459 3844 ιιι
475 3779 590 3862 ¹potius
611 3778 671 3845 tibi
692 3780 789 3845 actui
800 3779 960 3845 similibus
978 3779 1187 3864 obstrependi
1238 3779 1295 3862 qui
1316 3778 1419 3845 donec
1438 3778 1636 3857 trahantur,
1656 3779 1765 3845 earnis
1791 3799 1869 3843 suae
1898 3781 2125 3847 contumaciae
2153 3782 2208 3847 ad·

212 3864 383 3928 materiam
406 3865 489 3929 tolli:
512 3864 592 3947 quia
613 3872 779 3948 utcunque
801 3866 926 3949 negetis
948 3865 1070 3931 bonum
1087 3867 1186 3933 luisse
1238 3864 1315 3930 dicti
1336 3868 1479 3930 manent
1524 3863 1564 3930 Si
1585 3863 1644 3928 tibi
1662 3863 1717 3929 vel
1737 3865 1911 3929 minimum
1932 3869 2007 3944 [pag.
2024 3872 2080 3947 45]
2104 3877 2209 3933 resta·

212 3948 317 4014 creari
340 3948 506 4015 hominem
529 3954 669 4031 [paen]
691 3949 753 4017 hae
773 3952 856 4035 lege,
879 3963 917 4016 ut
937 3973 997 4016 suo
1018 3951 1113 4036 lapsu
1135 3962 1186 4017 to·
1238 3958 1290 4015 ret
1310 3950 1430 4028 iudicii,
1453 3970 1565 4015 annon
1586 3970 1777 4034 agnosceres
1792 3950 1929 4033 longum
1950 3972 2020 4017 esse
2031 3949 2210 4020 discrimen

211 4041 284 4098 tum
302 4034 463 4100 mundum
485 4036 599 4100 statim
608 4045 842 4119 corrumperet,
864 4038 1058 4119 pronunciat
1074 4047 1186 4103 tamen
1237 4037 1324 4101 inter
1345 4036 1426 4102 haeo
1448 4035 1526 4101 duo:
1554 4035 1652 4102 corda
1672 4034 1843 4101 hominum
1865 4056 1908 4100 ex
1932 4035 2070 4118 lapideis
2090 4060 2211 4106 carnea

212 4118 305 4185 Deus
324 4119 589 4188 honorationem
610 4120 672 4188 sibi
682 4120 851 4204 placuisse,
873 4122 1009 4205 ideoque
1026 4144 1098 4188 esse
1115 4144 1185 4188 rec·
1236 4123 1318 4200 fieri,
1340 4131 1379 4186 ut
1398 4119 1461 4187 sibi
1482 4120 1684 4205 displiceant,
1708 4143 1745 4187 ac
1766 4121 1898 4187 veniam
1909 4122 2072 4205 supplices
2092 4123 2212 4208 depre-

213 4205 384 4270 tissimam.
439 4205 518 4287 Quo.
546 4207 664 4272 melius
697 4208 866 4292 intelligas
892 4208 1008 4274 Moisis
1040 4230 1184 4288 sensum,
1237 4216 1368 4274 centur:
1397 4206 1514 4272 deinde
1541 4205 1596 4272 ubi
1624 4208 1671 4272 ita
1692 4207 1809 4272 mutati
1832 4215 1922 4286 sunt,
1951 4207 2053 4291 recipi
2069 4210 2112 4272 in
2135 4233 2212 4295 gre-

211 4305 290 4355 non·
303 4291 423 4356 asserit
449 4311 549 4375 quam
575 4293 684 4358 iustus
710 4294 766 4359 vel
792 4295 922 4377 integer
947 4294 1047 4359 fuerit
1075 4294 1183 4374 homo,
1237 4294 1326 4358 tiam
1370 4292 1557 4376 Utrumque
1578 4293 1630 4359 sui
1652 4291 1801 4359 ιιιιιιιιι
1822 4292 1916 4358 Βιιι
1937 4314 2008 4358 ease
2030 4295 2211 4376 praedicat,

213 4375 287 4454 sed,
315 4384 354 4442 ut
374 4377 514 4443 latratus
542 4387 668 4444 vestros
692 4389 892 4462 compescat,
921 4378 1016 4445 docet
1036 4380 1185 4446 ordinem
1236 4378 1314 4444 dare
1334 4398 1390 4444 ιιι·
1412 4399 1534 4445 ιιιιιι
1555 4386 1595 4443 ιι
1610 4377 1848 4461 resipiscamus,
1870 4387 1905 4444 et
1925 4377 2129 4463 supplicibus
2146 4382 2212 4449 els-

211 4461 308 4527 illum
330 4462 377 4529 sio
399 4471 618 4546 temperatum
640 4486 661 4528 a
676 4461 750 4530 Deo
771 4465 880 4542 ιιιιιι,
903 4473 943 4530 ιι
958 4465 1045 4530 nihil
1065 4468 1184 4532 rectius
1236 4472 1367 4529 menter
1387 4463 1564 4547 ignoscere.
1609 4464 1681 4532 Nisi
1702 4465 1847 4547 recipere
1863 4471 1996 4547 paratus
2018 4469 2212 4534 essetDens

210 4549 292 4632 fingi
314 4559 420 4632 queat
465 4549 582 4632 Itaque
603 4566 704 4632 quum
727 4549 767 4616 de
788 4550 926 4635 singulis
946 4551 1011 4616 Dei
1032 4551 1185 4635 operibus
1237 4551 1293 4633 qui
1314 4549 1386 4614 eius
1403 4550 1659 4617 misericordiam
1676 4570 1753 4615 vere
1772 4550 1957 4632 implorant,
1980 4572 2047 4615 ιιι
2069 4550 2211 4621 diceret:

211 4636 424 4721 pronunciet,
452 4636 564 4701 Deum
591 4633 713 4702 vidisse
734 4636 821 4719 quod
841 4637 980 4715 iecerat,
1013 4648 1046 4702 et
1073 4638 1185 4703 omnia
1238 4635 1479 4702 convertimini
1496 4635 1538 4701 ad
1555 4656 1616 4714 me,
1640 4646 1673 4700 ιι
1689 4656 1749 4719 ego
1765 4645 1937 4701 convertar
1953 4634 1995 4700 ad
2015 4658 2073 4702 vos
2092 4640 2212 4722 (Zach

210 4719 311 4785 luisse
334 4720 436 4799 bona,
462 4720 503 4786 de
529 4720 662 4786 homine
689 4721 774 4785 nihil
797 4722 863 4787 tale
891 4722 1074 4806 specialiter
1096 4725 1185 4788 affir-
1241 4727 1268 4800 l,
1292 4719 1336 4822 3).
1380 4721 1507 4787 Verum
1536 4723 1565 4787 si
1587 4719 1793 4786 in‘hominis
1820 4720 1953 4786 arbitrio
1983 4732 2069 4788 esset
2096 4728 2213 4808 poeni·

207 4813 293 4871 mat:
323 4806 380 4871 sed
403 4817 538 4872 narrata
557 4808 628 4872 eius
649 4806 827 4886 creatione,
855 4817 985 4874 tantum
1006 4810 1042 4873 iu
1064 4830 1184 4893 genere
1238 4817 1351 4885 tentra,
1379 4828 1446 4872 non
1469 4807 1591 4872 dieeret
1610 4806 1750 4872 Paulus:
1784 4806 1823 4873 Si
1844 4807 1927 4872 forte
1948 4804 2004 4872 det
2025 4807 2093 4874 illis
2116 4812 2212 4879 Deus

127 4923 128 4926 ¹
208 4892 351 4971 subiicit,
371 4912 586 4976 quaeeunque
602 4893 836 4972 leceratDeus,
859 4897 958 4960 fuisse
970 4894 1068 4960 valde
1085 4894 1203 4960 bonat'
1237 4892 1474 4977 poenitentiam
1496 4895 1529 4971 (2
1548 4893 1633 4957 rint
1656 4896 1687 4967 2,
1704 4891 1769 4977 25).
1813 4893 1887 4957 Imo
1906 4893 1972 4958 nisi
1993 4892 2082 4959 idem
2104 4895 2211 4976 Deus,

210 4976 273 5041 sub
294 4999 357 5060 quc
377 4978 514 5043 minime
535 4978 673 5044 dubium
695 4986 745 5045 est
767 4979 999 5063 comprehendi
1020 4979 1106 5064 quod
1127 4981 1184 5047 do-
1236 4979 1292 5062 qui
1318 4979 1360 5044 ad
1386 4978 1622 5063 poenitentiam
1650 4998 1763 5044 omues
1789 4985 1868 5045 voce
1893 4976 2061 5061 hortatur,
2089 5003 2213 5050 ιιιιιι

210 5069 264 5124 oet
285 5062 434 5142 Solomo,
462 5066 508 5129 im
531 5065 580 5129 ios
607 5064 717 5130 ιιιιιι
735 5079 862 5133 creatos
890 5065 932 5131 ad
952 5066 1039 5131 diem
1059 5066 1184 5132 melum
1237 5065 1373 5148 spiritns
1393 5073 1485 5129 motu
1512 5063 1632 5129 electos
1660 5063 1847 5143 adduceret,
1877 5085 1944 5129 non
1974 5063 2099 5132 diceret
2119 5069 2212 5137 Iere-

211 5143 460 5234 (Ριοι.16,4).
510 5086 651 5216 gomma
677 5150 737 5231 sit,
764 5151 914 5235 quamvis
940 5161 1060 5217 natura
1081 5153 1185 5219 bonus
1236 5150 1321 5217 mias
1343 5151 1409 5232 (31,
1432 5149 1502 5235 18):
1525 5148 1691 5216 Converte
1711 5171 1764 5215 me
1786 5148 1939 5230 Domine,
1961 5160 1995 5217 ιι
2016 5165 2209 5222 convertar:
