4776 5844
947 141 1011 207 AD
1033 136 1392 208 ΨΕΒῬΡΗΔΙᾸῙΜ.Δ
1425 245 1429 251 .
2103 152 2167 213 238

166 340 202 392 8ι
222 328 334 392 omnia
354 326 415 392 sibi
435 340 608 413 arrogent,
638 337 765 413 guttam
793 330 928 413 spiritus
950 349 1017 395 non
1037 328 1138 393 relin—
1189 330 1300 411 quieta
1328 329 1395 394 illie
1428 342 1562 395 maneat
1592 339 1698 396 status
1729 331 1782 397 sui
1813 332 1987 413 possessio,
2022 334 2166 402 liutheri

166 422 272 497 quunt
293 413 420 478 Christi
447 416 565 492 servis,
595 435 636 479 ex
662 434 799 497 quornm
827 424 937 480 tamen
963 413 1138 493 laboribus,
1189 416 1493 498 magnanimitatem
1504 416 1616 480 multis
1625 416 1738 500 elogiis
1755 416 1954 498 praedicant
1972 462 1974 469 ,
1994 417 2090 500 Quod
2103 442 2165 506 ego

167 501 194 564 si
213 520 278 583 qua
304 501 366 582 ipsi
393 500 533 583 praediti
563 509 673 565 essent
700 500 874 567 docilitatis
901 510 1009 585 gutta,
1038 504 1139 586 profi·
1190 501 1330 566 libenter
1350 502 1470 584 patior:
1495 501 1590 566 modo
1608 521 1650 566 ne
1671 515 1737 566 tam
1760 503 1920 584 praeclari
1943 503 2084 572 doetoris
2105 527 2165 571 no-

165 596 238 651 tare
268 584 440 650 debebant
491 583 617 651 Durior
647 601 759 651 tamen
785 587 950 653 calumnia
976 595 1027 652 est
1053 586 1139 669 quod
1190 586 1279 650 mine
1300 608 1471 669 perperam
1490 580 1523 651 et
1543 588 1679 671 indigne
1689 588 1904 653 abuterentur
1913 589 1950 652 in
1970 611 2066 656 suum
2077 613 2165 658 eom·

165 670 306 747 addunt,
335 682 449 736 eontra
477 673 712 738 conscientiam
739 694 799 739 nos
820 674 954 739 veritati
975 674 1137 752 resistere,
1189 671 1332 748 modum,
1355 673 1408 739 vel
1429 675 1536 756 potins
1557 673 1599 737 ad
1620 694 1712 737 suam
1736 672 1912 739 libidinem.
1957 674 1996 741 si
2013 678 2092 760 quid
2115 679 2173 744 vi·-

165 758 257 823 cuius
284 764 323 822 ut
347 757 504 840 iniquitas
528 759 588 822 toti
611 758 734 823 mando
760 767 838 824 nota
864 760 922 839 sit,
950 769 984 824 te
1006 759 1139 825 Christe
1190 758 1228 821 tii
1248 760 1447 839 permixtum
1475 760 1538 824 fuit
1564 759 1703 824 summis
1725 759 1867 824 liutheri
1892 762 2085 842 virtutibus,
2112 785 2164 831 se·

165 841 297 915 iiliDei,
319 863 447 908 summe
470 848 631 923 [pegaso]
653 843 768 909 mundi
789 845 897 923 iudex,
920 847 1014 911 ouius
1034 846 1139 928 impe-
1190 843 1318 925 pultum
1347 865 1418 910 esse
1444 844 1552 910 velim.
1601 844 1700 910 Certe
1726 865 1936 929 quaeeunque
1962 849 2095 913 fuerunt
2121 870 2164 916 88

166 929 251 994 riam
270 929 406 994 diabolis
427 931 506 1011 ipsis
523 929 729 995 formidabile
750 942 808 1006 est,
832 930 968 1014 appello,
990 939 1028 995 ut
1049 952 1138 997 8888
1190 948 1229 993 88
1250 931 1423 1013 exagitem,
1446 928 1733 1013 danorumquibns
1750 929 1916 1013 praeditus
1933 935 1995 998 fuit
2011 954 2165 1001 reveren·

164 1016 253 1079 etin
274 1014 332 1079 illo
353 1014 406 1079 die
427 1015 536 1097 palam
557 1016 671 1094 facias,
701 1026 854 1081 tantusne
881 1036 1025 1100 unquam
1046 1018 1146 1082 furor·
1189 1016 1235 1079 tia
1256 1026 1290 1080 et
1312 1037 1403 1080 amor
1424 1037 1477 1080 me
1499 1017 1631 1080 retinet:
1660 1017 1742 1082 vitia
1767 1025 1876 1082 autem
1904 1039 1963 1100 pro
1983 1021 2163 1088 virtutibus

164 1101 273 1165 animo
294 1119 368 1165 meo
390 1102 579 1184 obrepserit,
602 1112 640 1165 ut
661 1101 840 1168 doctrinam
853 1109 944 1167 tuam
966 1102 1136 1169 ullomen-
1189 1101 1384 1179 exosonlari,
1413 1103 1534 1167 stultae
1554 1116 1588 1166 et
1615 1110 1841 1184 praeposterae
1866 1104 2085 1171 affectationis
2103 1118 2162 1174 est

164 1186 254 1253 dacio
280 1187 334 1251 rel
361 1187 546 1269 eorruptela
576 1188 752 1253 inficerem.
813 1187 910 1269 Quod
943 1190 972 1254 si
1002 1188 1043 1252 ab
1077 1190 1138 1254 hoo
1188 1187 1301 1251 Minus
1328 1189 1426 1252 etiam
1461 1187 1657 1254 excusabilis
1688 1188 1918 1254 inconsiderati
1951 1191 2013 1255 aeli
2043 1192 2161 1272 fervor,

164 1274 471 1356 eriminepurnmet
484 1274 740 1338 remotissimum
750 1294 821 1339 esse
844 1274 944 1352 vides,
966 1276 1032 1339 imo
1053 1275 1136 1339 mihi
1187 1271 1272 1354 quod
1300 1274 1496 1356 scripturam
1524 1275 1668 1356 turpiter
1694 1284 1728 1338 et
1753 1274 1941 1356 pudendum
1970 1276 2005 1341 in
2027 1280 2161 1344 modum

163 1357 246 1423 fidus
267 1380 304 1425 es
325 1360 433 1437 testis,
462 1359 589 1425 sineere
614 1368 650 1425 et
675 1381 717 1424 ex
739 1361 848 1424 animo
869 1362 1014 1443 profiteri
1037 1382 1135 1444 quam
1187 1371 1417 1442 corrumpunt,
1451 1372 1491 1424 nt
1517 1360 1649 1425 Ioannis
1670 1359 1841 1442 Baptistae
1860 1365 1933 1440 [pag.
1953 1367 2028 1442 288]
2049 1364 2162 1447 spoliis

162 1467 200 1511 ex
223 1456 430 1511 sacrosancto
447 1446 618 1529 evangelio
638 1457 694 1509 tuo
714 1444 813 1510 didici
833 1446 941 1524 fidem,
965 1458 1004 1511 ut
1025 1446 1135 1512 diabo-
1186 1444 1372 1509 Luthernm
1403 1454 1571 1511 exornent.
1622 1444 1785 1526 Quamvis
1818 1448 1907 1512 enim
1939 1468 2007 1513 888
2039 1458 2162 1533 negent

160 1531 253 1598 licam
283 1533 420 1596 istorum
449 1530 618 1596 bominum
652 1530 913 1597 maledioentiam
940 1552 1133 1618 compescas,
1186 1531 1285 1594 etiam
1306 1533 1341 1595 in
1363 1531 1487 1595 Ioanne
1508 1531 1659 1614 Baptista
1675 1533 1796 1596 factum
1817 1534 1995 1616 essequod
2017 1533 2161 1601 deven-

161 1637 238 1700 qnos
260 1617 313 1682 rel
342 1637 401 1681 sua
427 1618 605 1699 pertinacia
631 1616 684 1681 vel
709 1619 814 1683 fastus
845 1618 891 1684 sio
923 1629 1075 1683 excaecat
1096 1628 1134 1684 ut
1186 1627 1261 1680 turo
1284 1618 1359 1682 Elia
1380 1618 1590 1700 praedixerat
1610 1616 1808 1693 Malachiae,
1835 1618 1953 1683 volunt
1979 1631 2090 1685 tamen
2118 1620 2160 1688 de

161 1712 350 1786 pervertant
370 1722 466 1766 omne
487 1702 672 1768 discrimen.
1185 1702 1333 1768 Luthero
1355 1703 1495 1787 intelligi
1518 1703 1579 1769 hoc
1600 1702 1910 1787 vaticiniumzvquia
1926 1707 1970 1769 sit
1985 1706 2077 1771 Elias
2094 1707 2160 1787 ille,

242 1789 340 1854 Nune
361 1787 606 1866 rursusadvos,
629 1791 676 1872 pii
697 1789 843 1866 lectores,
862 1786 1045 1855 sermonem
1058 1811 1133 1855 eon-
1185 1808 1243 1869 per
1271 1809 1367 1871 quem
1396 1789 1598 1854 restituenda
1629 1789 1753 1853 fuerint
1783 1790 1907 1854 omnia:
1941 1799 1975 1855 et
2006 1793 2091 1875 quod
2124 1795 2160 1858 in

160 1890 263 1955 verto,
299 1894 382 1958 quos
410 1896 523 1939 omnes
549 1876 710 1952 obtestor,
744 1896 787 1939 ne
812 1878 934 1942 tinnitu
966 1875 1037 1953 illo,
1069 1898 1133 1958 quo
1182 1873 1306 1939 Ioanne
1316 1874 1466 1957 Baptista
1487 1875 1587 1941 semel
1608 1877 1732 1940 factum
1753 1883 1811 1954 est,
1833 1896 1899 1940 non
1921 1876 2066 1953 obscure,
2089 1888 2159 1944 tam

160 1961 341 2046 gloriantur
368 1960 685 2045 Magdebnrgenses,
720 1983 837 2027 sensus
868 1971 996 2028 vestros
1022 1960 1132 2027 obstu-
1183 1960 1362 2042 prophetae
1399 1981 1498 2043 quam
1530 1961 1656 2027 Christi
1694 1960 1895 2039 testimonio,
1934 1963 1967 2026 in
2007 1964 2159 2030 liuthero

160 2048 267 2130 poderi
302 2048 426 2112 sinatis.
491 2047 583 2113 Haec
612 2066 676 2112 vox
709 2048 743 2112 in
776 2069 888 2113 eorum
924 2049 1045 2132 linguis
1080 2069 1131 2112 as·
1184 2046 1285 2109 fuisse
1306 2044 1502 2111 iterandum.
1551 2046 1627 2128 Qua
1652 2045 1794 2111 falsitate
1823 2067 1890 2110 non
1917 2049 2026 2114 minus
2048 2050 2158 2115 foeda-

160 2132 249 2198 sidue
277 2136 425 2210 resonat,
457 2154 522 2196 non
550 2154 622 2198 esse
650 2130 898 2216 disputandum,
932 2134 988 2200 ubi
1017 2133 1132 2199 Chris·
1182 2144 1263 2196 runt
1281 2131 1422 2197 Lutheri
1446 2153 1579 2210 nomen,
1609 2154 1705 2215 quam
1730 2134 1884 2217 Aegyptii
1907 2133 2066 2199 Ieremias
2087 2157 2158 2201 eor-

160 2228 209 2283 tus
231 2220 350 2283 uniens
371 2218 531 2301 magister
557 2239 595 2282 ac
620 2218 733 2285 doctor
762 2217 841 2302 quid
868 2218 1066 2285 credendum
1089 2220 1133 2284 sit
1183 2238 1253 2300 pus,
1275 2218 1461 2300 sepulcrum
1485 2220 1556 2283 eius
1578 2217 1751 2282 adorando.
1796 2221 1905 2300 Atque
1927 2220 2158 2287 8818Ιί8888-

159 2304 242 2369 elare
264 2304 390 2381 docuit,
419 2324 487 2367 non
516 2326 586 2369 esse
614 2304 829 2389 litigandum,
858 2305 914 2370 ubi
940 2305 1029 2370 idem
1057 2312 1130 2385 [pag.
1183 2324 1258 2367 men
1281 2303 1479 2369 concedatur
1500 2303 1663 2378 Luthero,
1692 2305 1870 2387 sacrilegae
1895 2313 2005 2369 tamen
2031 2317 2082 2373 est
2109 2317 2157 2373 te·

160 2396 232 2470 286]
273 2411 422 2455 summus
441 2389 541 2453 iudex
563 2391 700 2472 protulit
738 2400 885 2474 apertam
924 2394 1129 2456 sententiam.
1182 2390 1358 2463 merit-atis,
1394 2411 1539 2454 asserere
1556 2391 1714 2463 ,ultimum
1735 2391 1861 2467 Ellam,
1894 2413 1932 2456 nc
1955 2391 1983 2456 si
2010 2394 2158 2475 praecisa

159 2476 283 2559 Nempe
305 2478 381 2558 quia
402 2497 461 2541 nee
484 2476 661 2559 quidquam
688 2477 723 2541 in
752 2498 812 2542 nos
840 2478 945 2561 magis
972 2476 1129 2554 odiosum,
1182 2487 1270 2540 esset
1290 2474 1363 2539 Deo
1385 2497 1518 2554 manus,
1546 2497 1707 2558 nequem
1729 2476 1784 2539 vel
1810 2479 2083 2559 praestantiorem
2105 2480 2158 2544 vel

158 2583 213 2628 neo
235 2561 298 2627 sibi
320 2563 426 2645 magis
446 2563 618 2644 plausibile
638 2564 708 2628 fore
729 2562 858 2639 vident,
887 2578 985 2647 quam
1007 2563 1035 2629 si
1057 2584 1130 2646 per·
1182 2580 1294 2643 parem
1316 2560 1451 2642 posthae
1468 2562 1606 2626 emittat
1640 2562 1725 2626 Nam
1745 2582 1810 2644 quo
1831 2562 1960 2626 oraculo
1981 2563 2046 2629 illis
2068 2574 2158 2647 pate·

157 2647 316 2713 suadeant
331 2647 506 2730 imperitis,
532 2669 600 2712 non
620 2649 777 2731 possode
799 2649 860 2715 hoe
881 2649 1040 2733 mysterio
1061 2670 1130 2714 mo-
1181 2646 1306 2710 factum
1328 2654 1386 2724 est,
1413 2646 1449 2710 in
1472 2650 1569 2713 unius
1592 2649 1733 2712 hominis
1754 2668 1896 2730 persona
1916 2650 1964 2713 sia
1982 2648 2160 2717 exhaustos

158 2734 223 2799 veri
254 2735 493 2816 quaestionem,
528 2736 606 2816 quin
639 2735 782 2800 labascat
808 2734 933 2800 Christi
961 2736 1127 2800 autoritas.
1182 2731 1235 2795 vel
1256 2733 1449 2797 imminutos
1470 2754 1542 2798 esse
1564 2736 1727 2814 potentiae
1737 2733 1800 2797 Dei
1814 2734 1993 2811 thesauros,
2016 2744 2160 2802 utuemo

157 2818 313 2885 Eiusdem
342 2820 472 2883 artificii
499 2829 561 2897 est,
591 2820 678 2901 quod
706 2820 844 2885 subinde
872 2820 1043 2886 clamitant
1064 2841 1128 2885 non
1181 2817 1297 2883 similis
1318 2817 1453 2902 prodeat
1469 2841 1511 2884 ex
1533 2819 1761 2885 illaimmensa
1783 2828 1816 2884 et
1836 2820 2159 2902 incomprehensibili

155 2907 280 2970 minore
301 2905 443 2987 periculo
465 2904 569 2969 audiri
587 2904 766 2971 humanam
788 2909 959 2984 rationem,
982 2907 1129 2989 quamsi
1181 2904 1402 2990 scaturigine?
1437 2905 1506 2970 Neo
1528 2904 1641 2971 dubito
1670 2910 1744 2984 [pag.
1764 2910 1837 2984 289]
1860 2906 1939 2987 quin
1962 2905 2038 2970 data
2058 2928 2159 2990 opera

154 2993 225 3075 quis
247 2991 474 3056 meretriculae
494 2989 662 3057 blanditiis
688 2992 830 3069 illectus,
860 3013 895 3058 se
920 2992 956 3055 in
981 2992 1130 3058 exitiales
1181 3011 1322 3056 vesanos
1349 2994 1429 3057 istos
1456 3011 1631 3075 praecones
1659 2990 1762 3056 Satan
1791 2992 1926 3065 excitet,
1955 3001 1993 3055 ut
2013 2994 2158 3073 profanis

154 3077 285 3160 laqueos
308 3077 466 3142 ooniieiat.
517 3078 628 3159 Atque
651 3077 732 3143 haec
759 3077 890 3160 quidem
917 3078 994 3143 licet
1021 3079 1129 3143 oonoi·
1181 3084 1216 3141 et
1237 3080 1364 3142 nasutis
1381 3077 1566 3142 hominibus
1588 3084 1750 3159 suppetat,
1770 3097 1868 3157 quam
1890 3086 2031 3160 captant,
2055 3078 2157 3144 male-

153 3162 255 3228 liandi
278 3164 400 3228 favoris
421 3182 520 3227 eausa
546 3162 668 3247 linguis
687 3173 888 3247 personent,
916 3163 1128 3228 metuendum
1182 3160 1310 3227 dicendi
1331 3165 1463 3228 occasio.
1515 3165 1624 3245 Atque
1651 3163 1778 3226 utinam
1805 3183 1870 3226 non
1892 3164 2003 3227 minus
2030 3163 2065 3227 in
2087 3173 2157 3230 toto

153 3260 264 3314 tamen
286 3247 380 3312 nobis
401 3269 467 3313 888
490 3258 555 3326 est,
585 3250 663 3331 quin
691 3251 781 3316 fucos
808 3252 890 3315 istos
916 3251 1028 3315 statim
1055 3251 1128 3314 abs·
1180 3248 1302 3330 scripto
1325 3269 1424 3330 quam
1445 3249 1480 3312 in
1502 3247 1603 3314 verbo
1629 3268 1697 3313 uno
1721 3247 1839 3312 mutila
1859 3247 1975 3312 fuisset
1995 3249 2065 3315 eius
2087 3269 2157 3314 ma-

149 3343 263 3419 torgat
287 3337 336 3399 rei
361 3335 513 3417 oognitio.
566 3334 709 3418 Ideoque
732 3336 815 3400 nihil
843 3334 933 3400 aliud
955 3336 1050 3401 nobis
1072 3357 1129 3417 op·
1181 3354 1255 3406 nus,
1274 3335 1330 3416 qui
1341 3335 1489 3398 attestari
1499 3354 1565 3398 888
1577 3336 1690 3415 potuit,
1712 3334 1777 3399 nisi
1787 3353 1847 3415 per
1857 3335 2015 3398 unum'Pl
2031 3336 2055 3417 ¹)
2068 3335 2155 3399 Nam

65 3466 67 3485 2
149 3420 299 3498 tandum,
322 3440 418 3502 qnam
441 3430 479 3484 ut
500 3420 655 3486 iudicium
679 3442 720 3488 ex
741 3424 814 3506 ipsa
834 3423 1128 3488 causafacereom·
1180 3440 1282 3502 quum
1309 3420 1480 3485 liutherus
1512 3420 1709 3502 principium
1745 3418 1807 3484 hoo
1840 3438 1970 3501 semper
2002 3423 2154 3500 tenuerit,

146 3528 211 3573 nes
232 3507 425 3573 aestimant
470 3506 544 3573 Illic
566 3527 646 3573 vero
662 3508 775 3573 statim
797 3517 954 3586 occurret,
977 3529 1043 3572 non
1065 3507 1129 3570 alia
1180 3527 1242 3570 neo
1263 3504 1333 3583 sibi,
1362 3527 1423 3572 nee
1444 3507 1597 3588 cuiqnam
1618 3506 1807 3570 mortalium
1834 3506 1884 3568 fas
1910 3525 1997 3583 8888,
2027 3506 2154 3571 nisiex

75 3634 79 3664 ι
148 3594 192 3659 de
214 3613 315 3659 eausa
336 3591 463 3657 Christi
485 3593 595 3658 verbis
622 3595 925 3677 interpretationem
947 3614 1008 3658 nos
1029 3613 1128 3676 quae·
1180 3590 1280 3657 verbo
1303 3591 1368 3655 Dei
1389 3611 1512 3674 sapere,
1535 3591 1723 3657 mirandum
1745 3611 1782 3656 ae
1804 3589 1979 3655 dolendum
2004 3599 2062 3667 est,
2086 3600 2154 3657 tam

77 3665 81 3722 l
142 3701 233 3760 rere,
256 3679 320 3742 nisi
338 3680 415 3760 quia
435 3678 523 3743 seria
542 3699 655 3744 eorum
677 3681 865 3746 reverentia
885 3678 1035 3746 cordibus
1052 3700 1128 3744 nos·
1180 3676 1353 3760 imperiose
1371 3679 1441 3742 eius
1463 3678 1591 3760 placitis
1617 3677 1789 3743 eeclesiam
1810 3677 1874 3742 Dei
1896 3677 2043 3761 astringi.
2086 3677 2154 3744 Ne-

83 3765 91 3834 l
143 3768 212 3831 tris
239 3762 378 3828 insidet:
406 3764 533 3829 ratione
559 3785 687 3848 quoqne
721 3765 867 3832 humana
893 3765 1003 3832 valere
1030 3764 1129 3845 iussa,
1181 3764 1306 3848 gabant
1336 3762 1398 3829 hoe
1430 3763 1492 3829 sibi
1526 3784 1596 3829 esse
1627 3764 1663 3827 in
1691 3763 1808 3828 animo.
1868 3761 2043 3846 Paulisper
2075 3784 2155 3849 ergo

88 3835 101 3940 ζ
142 3852 271 3918 erectis
289 3869 389 3933 supra
407 3849 569 3915 mnndum
591 3851 764 3930 mentibus,
788 3851 938 3936 mysterii
959 3850 1059 3916 huius
1081 3851 1129 3917 al·
1180 3851 1326 3932 quissent
1352 3848 1493 3915 liutheri
1526 3870 1654 3924 nomen,
1687 3848 1790 3913 donee
1822 3847 1936 3913 sedata
1962 3847 2154 3934 placidaque

95 3946 101 4040 ’8
141 3935 337 4014 titudinem,
360 3957 425 4020 qua
447 3935 539 4001 decet
555 3935 620 4001 fide
637 3936 810 4020 suspicere,
833 3943 907 4017 [pag.
927 3942 1001 4017 287]
1020 3945 1055 4001 οι
1071 3935 1128 4001 ad·
1180 3936 1306 4000 ratione
1327 3955 1460 4000 888888
1481 3936 1652 4019 egerimus.

101 4051 105 4082 ÷
135 4025 325 4089 miratione
335 4022 497 4105 prosequi.
516 4022 634 4172 Itaque
644 4023 797 4089 81888888
807 4024 916 4102 fumis,
927 4023 1045 4106 quibus
1055 4042 1129 4105 per·
1266 4019 1394 4102 Quodn
1407 4019 1500 4087 falsis
1517 4018 1703 4087 doctoribus
1719 4017 1901 4086 cavendum
1918 4039 1989 4086 esse
2007 4030 2154 4101 monent,

104 4098 111 4200 l
137 4109 272 4193 stringi
294 4107 492 4190 simplicium
520 4127 579 4174 oen
592 4129 642 4187 os,
670 4128 713 4173 88
734 4107 776 4173 ad
802 4109 903 4174 ullam
932 4108 1128 4192 disquisitio·
1181 4125 1241 4192 ego
1271 4127 1400 4190 quoque
1427 4107 1562 4189 resipio:
1591 4126 1659 4172 888
1678 4106 1741 4170 alio
1769 4104 1909 4171 tendunt
1934 4113 2066 4172 nostrae
2095 4106 2153 4173 ad·

111 4205 228 4262 anem
240 4201 423 4278 penetrent,
433 4193 676 4276 iniquissimum
688 4204 747 4273 est,
760 4195 855 4261 faeile
864 4203 1036 4261 evanescet
1046 4193 1129 4259 falsa
1180 4194 1382 4270 monitiones,
1412 4193 1476 4259 nisi
1504 4201 1541 4258 ut
1568 4212 1588 4257 a
1614 4192 1770 4275 pestifero
1799 4213 1911 4257 eorum
1942 4191 2057 4258 delirio
2090 4191 2151 4257 sibi

114 4259 285 4359 liuvidia,
307 4279 344 4343 in
365 4300 430 4362 qua
450 4281 551 4344 totius
566 4302 650 4346 »suae
671 4280 869 4347 defensionis
891 4300 1053 4347 summam
1081 4279 1128 4345 lo-
1179 4288 1317 4345 caveant
1337 4278 1398 4343 filii
1419 4277 1492 4343 Dei.
1538 4278 1712 4344 Caeterum
1735 4277 1776 4344 de
1803 4300 1839 4342 re
1865 4278 1939 4361 ipsa
1960 4277 2058 4362 quid?
2080 4298 2150 4342 ma

213 4365 438 4432 tadversarii.
1178 4364 1356 4449 gisnaliter
1376 4365 1594 4447 pronunciant
1615 4385 1650 4430 se
1671 4383 1737 4429 888
1758 4362 1935 4448 symbolice
1961 4385 2021 4430 888
2048 4371 2151 4428 meto·

1179 4452 1309 4536 nymice
1321 4451 1468 4534 accipere
1478 4450 1604 4516 Christi
1614 4448 1728 4516 rerba:
1751 4449 2149 4532 Hooesteorpusmenm:

1179 4537 1237 4601 sod
1264 4548 1304 4601 ut
1330 4547 1449 4602 sonant
1476 4541 1550 4615 [pag.
1574 4541 1649 4616 290]
1677 4535 1863 4620 relinquere
1888 4537 1923 4600 in
1955 4535 2066 4598 nativo
2091 4554 2150 4599 sno

982 4656 1042 4711 M,-
1064 4674 1126 4728 ⁸⁹*
1178 4643 1285 4688 88888.
1334 4622 1406 4705 Ego
1432 4623 1668 4706 metonymiam
1695 4620 1828 4688 subesse
1858 4621 1944 4699 dico,
1978 4620 2054 4704 qaia
2082 4639 2149 4683 888

131 4500 141 4584 3
237 4485 329 4552 IAM
347 4485 424 4567 quid
446 4507 506 4551 888
527 4486 597 4552 1888
618 4487 761 4552 afferunt
781 4484 1006 4552 Bremensee‘l
1025 4485 1048 4561 Ι]
1080 4486 1128 4553 Ut

135 4585 151 4676 l

141 4677 151 4710 ι·
221 4658 251 4726 1)
308 4655 551 4728 adeburyeaaium
578 4658 692 4727 88888ιά
715 4658 806 4711 teum
831 4659 861 4710 ia
891 4655 938 4711 We

173 4733 304 4783 remeate
353 4741 500 4793 reamare,
526 4740 640 4796 qum
667 4674 806 4781 aiebatur
833 4725 983 4780 Admonitio
1006 4732 1035 4780 et
1057 4726 1126 4780 Con·

236 4801 262 4851 ὀ
278 4795 314 4851 sd
333 4811 409 4850 suem
425 4796 532 4864 plebem
549 4795 583 4850 de
601 4797 754 4851 concanae
771 4796 799 4850 in
815 4796 907 4864 agnita
923 4795 1037 4849 veritate
1047 4810 1127 4849 evan·

153 4865 216 4996 Elii
232 4864 413 4933 cavendisque
430 4864 569 4919 fermentis
596 4863 767 4919 seductorum
784 4870 813 4918 et
828 4864 1034 4932 phanaticorum
1052 4862 1127 4928 (Hb
1247 4861 1276 4926 1)
1297 4860 1438 4930 Epistola
1459 4862 1538 4917 nodo
1559 4870 1722 4918 mannans
1743 4861 1782 4916 od
1809 4859 1992 4927 Wutpectcn
2014 4859 2064 4915 rue
2115 4861 2121 4871 '

161 4985 171 5006 ¹,
206 4933 287 5004 Re),
306 4939 364 4988 tum
382 4933 507 5001 epistolae
523 4932 603 4997 duae,
620 4933 707 4986 alteo
724 4931 763 4986 od
777 4931 968 5002 Weetplielara,
986 4933 1073 4986 altera
1090 4932 1128 4986 ad
1179 4937 1274 4985 suant
1292 4929 1459 4986 Christianus
1476 4930 1615 4986 Haveman
1634 4938 1659 4986 et
1675 4931 1789 4987 loannes
1807 4927 1838 4981 T.
1857 4929 1889 4981 A.
2000 4933 2091 4982 tamea
2133 4930 2139 4941 '

215 5005 221 5017 ·
281 5005 287 5016 ·
348 5001 561 5073 Hambsryense,
578 5001 693 5071 denique
710 4999 848 5056 Confessio
866 5001 901 5057 de
918 5016 1005 5057 coena
1021 4999 1128 5055 Domini
1178 5015 1307 5054 mannum
1317 4999 1550 5054 Amatoredamam
1566 5007 1702 5069 pastorem
1720 4997 1890 5052 Bremensem
1947 4997 1994 5049 ’se
2010 5011 2044 5050 ea
2061 4997 2148 5052 818888

162 5006 332 5155 W
345 5069 383 5124 ld.
400 5070 439 5137 1).
1178 5069 1291 5138 wisela
1307 5066 1515 5123 Materiae
1530 5075 1611 5138 potet.

171 5156 185 5327 ,

182 5336 201 5595 l
