4620 5828
72 1419 372 1532 nnsrousro
411 1417 492 1499 sn
530 1417 915 1501 veesnsnnnu
955 1370 1232 1511 sensnum
1276 1423 1666 1516 MEDIATOREm
1715 1426 1813 1515 eor
1863 1426 2066 1509 vuorm-

72 1540 245 1625 osum
278 1536 467 1620 suumn
503 1537 729 1618 necron
762 1536 1330 1742 fflfflffifflffl
1365 1541 1425 1622 nv
1462 1542 1676 1624 aerium
1719 1545 2064 1627 Areonesos

156 1885 308 1948 horsus
330 1891 380 1952 est
401 1880 454 1945 hia
475 1877 588 1944 diebus
611 1877 794 1942 virulentus
816 1879 898 1943 liber
918 1877 1040 1961 plausi·
1091 1881 1156 1944 tiae
1178 1891 1212 1946 et
1233 1883 1394 1946 versutiae
1420 1883 1606 1966 exemplum
1628 1885 1784 1965 reperire,
1813 1883 1944 1950 diffieile
1965 1895 2063 1950 esset.

71 1970 128 2036 bili
149 1967 246 2033 titulo
268 1968 408 2033 fuoatus:
442 1965 494 2030 Da
522 1963 627 2030 offioio
656 1964 700 2045 pii
723 1985 762 2030 ao
779 1964 927 2046 publioae
949 1973 1040 2027 tren·
1091 1966 1273 2031 Faoessent
1293 1968 1395 2050 igitur
1416 1988 1434 2032 e
1454 1967 1561 2033 medio
1583 1968 1757 2051 deoipulee,
1781 1971 1899 2051 quibus
1920 1970 2061 2035 nimium

91 2054 241 2121 uillitatis
262 2072 339 2117 vere
361 2051 500 2116 amantis
524 2051 588 2114 viri
610 2049 646 2113 in
669 2049 729 2115 hoo
757 2050 925 2134 religionis
945 2048 1039 2113 dissi·
1091 2048 1239 2117 eredulos
1266 2051 1420 2118 deludere
1447 2054 1601 2118 tentavit:
1635 2074 1676 2119 ne
1706 2054 1836 2120 falleoes
1859 2063 2061 2137 praetextus,

94 2142 133 2206 'a
179 2143 285 2205 Autor
312 2156 432 2202 nomen
453 2157 548 2201 suum
577 2135 650 2199 ideo
677 2154 804 2200 senon
831 2133 1040 2216 adseripsisse
1091 2135 1208 2218 quibus
1224 2140 1370 2203 favorem
1387 2147 1527 2204 venatus
1547 2148 1606 2217 est,
1628 2140 1745 2222 iniquo,
1769 2139 1968 2223 praeindieio
1985 2161 2062 2206 oeu-

71 2235 213 2301 exousat,
236 2244 278 2288 ne
295 2232 538 2305 eonooptumex
556 2240 695 2303 persone
712 2220 947 2304 praeiuditium
964 2239 1040 2283 oau·
1092 2234 1147 2288 sae
1168 2227 1343 2288 veritatem
1365 2234 1514 2307 gravent
1547 2224 1621 2308 Ego
1639 2225 1791 2301 vioiesim,
1814 2248 1855 2291 ne
1876 2225 1991 2291 videar
2008 2247 2063 2292 ao·

71 2333 127 2378 sae
148 2309 284 2375 obesset.
335 2306 497 2390 Equidem
524 2306 618 2370 faeile
645 2307 752 2388 patiar
780 2305 821 2371 de
842 2327 878 2371 re
900 2313 970 2370 tota
988 2305 1040 2368 in·
1092 2309 1269 2390 quirendae
1296 2309 1373 2374 fidei
1400 2329 1498 2384 eausa
1525 2309 1700 2375 obtendere
1728 2315 1802 2389 [pag.
1822 2317 1855 2391 τ]
1878 2332 2061 2393 personam,

71 2407 200 2482 regrum
223 2399 296 2473 [pag.
310 2398 342 2472 4]
365 2414 406 2457 ex
428 2392 510 2458 libro
528 2391 684 2457 iudicium
705 2393 796 2457 lieri:
819 2390 916 2456 modo
936 2411 954 2454 e
972 2410 1040 2454 me-
1091 2415 1174 2476 quae
1200 2394 1337 2460 leotores
1364 2415 1423 2460 suo
1454 2394 1595 2477 pondere
1627 2404 1772 2472 moveat,
1805 2417 1923 2461 nomen
1950 2416 2063 2461 meum

72 2482 125 2548 dio
146 2481 304 2546 tollantur
325 2479 448 2553 larvae,
466 2498 547 2561 quas
569 2478 629 2543 eibi
652 2477 849 2562 multiplioas
869 2476 978 2541 induit
999 2474 1041 2540 ad
1093 2479 1266 2545 subtioebo.

72 2565 227 2635 fallendos
249 2565 425 2648 imperitos.
474 2562 519 2629 Se
541 2583 561 2627 a
581 2564 688 2647 prime
708 2561 924 2643 adolesoentia
946 2558 1041 2625 valde
1176 2565 1293 2629 Prodit
1322 2565 1357 2628 in
1389 2565 1533 2630 medium
1566 2566 1751 2648 pacifieator
1782 2566 1929 2649 quidam,
1962 2587 2000 2631 aa
2028 2587 2064 2632 se

71 2654 259 2752 religiosum
281 2651 380 2716 fuisse
400 2650 514 2725 laetat,
543 2668 603 2713 nee
624 2656 734 2713 tamen
758 2645 1041 2730 superstitionibus
1092 2649 1224 2715 brevem
1256 2661 1290 2715 et
1326 2649 1512 2734 expeditam
1544 2653 1702 2718 rationem
1736 2654 1854 2717 afferre
1888 2653 2063 2736 praedieat,

73 2737 233 2805 deditum:
260 2735 384 2817 sibique
405 2746 537 2816 arroget
558 2732 644 2816 quod
666 2754 762 2799 nemo
785 2733 962 2815 quamlibet
983 2751 1041 2796 ox·
1092 2756 1157 2817 que
1183 2735 1378 2800 dirimentur
1404 2756 1517 2801 omnes
1543 2738 1784 2802 oontroversiae
1817 2736 1935 2820 quibus
1967 2737 2063 2803 hodie

72 2823 219 2891 oellsntie
238 2821 362 2905 ingenii
381 2819 421 2885 de
438 2841 473 2885 se
490 2820 634 2902 profiteri
654 2819 753 2883 ausit:
777 2827 814 2882 ut
832 2814 1040 2900 simplioibus,
1093 2820 1219 2886 laborat
1251 2819 1393 2886 aeolesie.
1451 2821 1645 2887 Exclamare
1675 2822 1770 2887 libet:
1803 2820 1891 2904 Quid
1926 2823 2063 2907 dignum

73 2910 128 2993 qui
155 2907 346 2993 praesertim
374 2926 448 2970 eum
477 2925 544 2969 non
570 2913 749 2980 noverunt,
784 2903 980 2986 persuadeat
1006 2922 1042 2966 se
1092 2915 1184 2970 tanto
1216 2908 1298 2971 feret
1330 2905 1384 2970 hio
1421 2907 1599 2988 promissor
1636 2907 1749 2974 hiatu?
1811 2906 1921 2972 Nolim
1954 2919 2063 2974 temen

73 2995 226 3080 angelum
248 3011 318 3057 esse
339 3013 358 3055 e
379 2990 467 3056 ooelo
488 2989 668 3073 delapsum,
691 2989 783 3056 ouius
804 2990 878 3054 vooi
899 3009 966 3053 non
991 3008 1040 3052 se-
1093 2993 1217 3075 sperni,
1247 2992 1383 3074 siquod
1405 2991 1637 3070 utileafferet,
1664 3014 1725 3058 nee
1746 3013 1824 3058 vero
1853 3002 1974 3058 temere
2008 2992 2063 3059 de·

72 3101 130 3147 eus
152 3090 249 3160 etque
269 3076 399 3143 oraenlo
416 3076 619 3158 aoquieeeere
645 3084 772 3145 reatum
793 3095 832 3140 ae
859 3084 968 3138 tutum
988 3074 1041 3137 sit.
1086 3077 1347 3159 ,spioiaudusest
1369 3077 1425 3160 qui
1442 3078 1644 3160 experientia
1662 3078 1786 3143 duoeet
1803 3079 1968 3162 magistre,
1990 3086 2065 3160 post

73 3169 119 3232 At
145 3164 299 3248 quoniam
326 3160 414 3246 apud
441 3181 514 3236 nos,
541 3160 657 3243 quibus
685 3159 811 3245 pridem
838 3158 1042 3224 familiariter
1092 3164 1202 3228 varias
1222 3164 1447 3229 fluetuationes
1469 3162 1600 3227 tandem
1623 3171 1752 3246 portum
1765 3163 1948 3228 securitatis
1971 3184 2065 3246 repo-

73 3251 223 3334 oognitus
245 3261 309 3326 est,
338 3247 465 3312 nullum
487 3247 586 3311 huius
608 3256 719 3311 tantae
741 3246 794 3310 vel
816 3247 960 3328 pietatis,
987 3247 1042 3311 vel
1093 3250 1146 3325 rit,
1168 3247 1209 3312 ud
1231 3269 1327 3331 quem
1349 3248 1430 3311 elios
1450 3248 1578 3314 invitat.
1628 3246 1695 3314 Sed
1724 3248 1777 3313 hie
1799 3247 1981 3313 eevendum
2003 3257 2062 3326 est,

72 3335 266 3420 prudentiae
284 3334 446 3416 epeeimen
466 3331 576 3408 edidit,
599 3331 697 3396 sibie
717 3333 818 3396 nimie
835 3335 952 3409 [peso]
972 3350 1041 3395 ore·
1094 3354 1135 3399 ne
1157 3334 1214 3399 nbi
1234 3335 1344 3417 imago
1373 3334 1475 3416 quieti
1502 3341 1616 3415 portus
1643 3333 1833 3410 ostenditur,
1858 3339 1931 3412 [pag.
1955 3337 1988 3412 a]
2011 3355 2063 3399 er-

74 3421 171 3486 dondi
192 3420 346 3486 fusilitate
372 3428 511 3484 eaveeut
537 3418 680 3482 lautores.
726 3416 946 3499 Oonqueritur
966 3436 1040 3500 gre·
1093 3439 1166 3484 rore
1187 3418 1357 3491 trahamur
1377 3419 1414 3482 in
1433 3438 1563 3496 arenas,
1591 3439 1672 3501 quae
1693 3440 1752 3484 nos
1773 3417 1974 3484 absorbeant
2017 3420 2064 3484 Et

73 3528 131 3573 ves
152 3515 185 3571 et
201 3503 384 3570 moderatos
405 3505 502 3580 viros,
529 3522 668 3586 quorum
690 3501 793 3567 videri
815 3501 887 3568 vult
907 3502 1043 3586 signifer
1092 3514 1181 3571 uerte
1202 3526 1279 3569 mox
1301 3502 1546 3586 deprehendent
1566 3505 1747 3587 quicunque
1769 3503 1922 3570 medioori
1944 3504 2064 3570 iudioio

73 3592 179 3676 magis
201 3611 301 3674 quem
323 3598 516 3673 postremus,
538 3588 666 3653 exeludi
688 3610 708 3653 a
729 3587 866 3670 publiois
888 3588 1040 3665 oonsiliis,
1093 3598 1191 3655 erunt
1211 3589 1358 3673 praediti,
1381 3591 1483 3654 setius
1504 3610 1575 3655 esse
1597 3588 1723 3654 duriter
1744 3591 1857 3655 vexari
1879 3591 1965 3654 inter
1993 3610 2062 3655 soo-

74 3698 134 3744 neo
157 3678 330 3742 autoritate
351 3695 416 3757 que
438 3671 571 3739 deoebet
597 3673 707 3739 velers
726 3673 769 3737 ed
790 3673 950 3740 sedendas
971 3685 1041 3739 tur·
1093 3675 1187 3758 pulos
1205 3674 1375 3757 quoslibet,
1406 3696 1502 3757 quam
1526 3674 1669 3758 demergi
1691 3677 1725 3739 in
1747 3677 1807 3739 heo
1828 3673 1956 3756 palude,
1980 3696 2063 3758 quae

74 3764 141 3829 bas.
192 3761 293 3842 Quasi
317 3779 395 3825 vero
416 3779 476 3823 nos
497 3759 597 3822 lateat
616 3779 770 3841 quorsum
792 3780 897 3842 nuper
918 3761 1042 3842 proteo·
1093 3761 1162 3826 looo
1191 3771 1305 3842 portus
1333 3762 1373 3825 ab
1407 3760 1467 3826 hoo
1501 3760 1585 3825 bono
1611 3771 1644 3824 et
1671 3760 1735 3825 fido
1763 3760 1843 3824 duee
1871 3768 2062 3826 ostentatur.

73 3856 127 3914 tus
150 3849 194 3912 sit
213 3849 248 3911 in
270 3845 427 3912 Galliam:
460 3865 559 3928 quam
587 3844 693 3909 falleoi
715 3853 885 3927 praetextu
906 3846 1041 3911 simule·
1093 3845 1181 3926 Quia
1208 3855 1318 3910 autem
1345 3847 1527 3929 suspioatus
1558 3854 1699 3909 estnon
1726 3866 1821 3927 posse
1846 3865 1963 3928 *omnes
1994 3847 2064 3912 suis

72 3936 159 4000 verit
187 3930 331 3999 ouranda
357 3931 419 3995 sibi
447 3951 517 3995 esee
551 3929 728 3995 domestioa
762 3932 907 4014 negotia,
941 3951 1042 4013 quum
1092 3931 1253 3997 illeeebris
1274 3931 1368 3998 faoile
1395 3931 1572 4006 iuoenteri,
1602 3931 1744 4012 postulat
1766 3940 1802 3994 ut
1829 3951 1866 3994 eo
1885 3931 1996 3996 animo
2017 3933 2064 3997 fe·

72 4030 163 4085 reeta
183 4038 219 4082 se
247 4016 288 4082 ed
316 4037 391 4081 eum
413 4015 598 4092 eontulerit,
625 4037 667 4080 ex
686 4016 782 4097 ouius
803 4017 909 4099 gretia
930 4035 1040 4097 spera·
1093 4037 1205 4082 ramus
1226 4036 1247 4081 e
1266 4016 1360 4081 nobis
1382 4016 1645 4090 dissentientem,
1673 4035 1737 4099 quo
1759 4037 1817 4081 nos
1843 4017 1913 4098 ipse
1935 4017 2063 4094 toleret,

71 4104 128 4170 bat
157 4105 298 4187 opimam
312 4104 336 4184 ¹)
363 4099 532 4185 praedem:
567 4121 649 4182 quae
678 4101 811 4166 oonsilie
841 4101 974 4176 ooxerit,
1008 4113 1042 4166 et
1093 4101 1169 4166 dnm
1193 4101 1233 4165 ab
1252 4103 1322 4184 ipso
1343 4099 1545 4167 dissidemus.
1596 4101 1757 4184 Magnum
1778 4109 1866 4166 oorte
1887 4110 1921 4165 et
1943 4103 2063 4184 prima·

71 4200 187 4273 postea
214 4188 401 4272 agitaverit:
436 4208 534 4269 quem
562 4207 598 4251 se
626 4186 800 4268 proditorie
828 4187 1046 4251 insinuaverit
1092 4188 1161 4252 riae
1182 4188 1366 4252 autoritatis
1382 4188 1490 4251 virum
1503 4207 1573 4251 osse
1590 4194 1725 4268 oportet,
1748 4207 1768 4250 a
1789 4188 1880 4251 ouius
1902 4188 2064 4252 sententia

72 4274 160 4340 aud
180 4271 334 4357 quosdam
354 4293 518 4355 prooeres:
541 4271 709 4353 atquibus
731 4293 818 4337 nune
839 4292 967 4355 quoque
988 4294 1041 4336 ar·
1092 4274 1142 4338 fas
1164 4292 1228 4336 non
1250 4274 1293 4338 sit
1320 4273 1425 4338 disere
1448 4293 1519 4350 are,
1548 4272 1612 4336 nisi
1641 4292 1701 4354 par
1728 4272 1797 4353 pari
1827 4270 1996 4349 reddetur,
2027 4281 2064 4335 ut

72 4296 161 4425 ribus
184 4380 219 4424 se
236 4358 403 4423 venditare
422 4363 495 4436 [pag.
509 4363 541 4436 6]
559 4358 676 4439 oupiet.
709 4357 928 4423 Commendat
945 4378 1043 4423 suum
1075 4356 1193 4422 ‘libere
1215 4358 1340 4424 reiioiet
1361 4294 1515 4440 quivlquid
1537 4356 1744 4439 displieuerit
1788 4357 1913 4439 Nempe
1936 4361 2009 4435 [pag.
2028 4360 2062 4435 a]

71 4445 230 4512 studium:
252 4462 363 4526 aequo,
384 4444 561 4521 moderere,
574 4443 1041 4512 omiooetfreternoenimoli·
1092 4442 1245 4508 laudabili
1275 4441 1433 4507 modestia
1453 4462 1573 4506 nomen
1596 4463 1691 4507 suum
1714 4441 1786 4507 ideo
1808 4443 1996 4525 suppressit,
2020 4462 2064 4505 ne

71 4532 168 4597 brum
179 4551 286 4595 merea
296 4528 494 4611 imposturae
505 4539 537 4593 et
547 4528 739 4612 praestigias
747 4529 936 4613 spirantem,
949 4538 1043 4594 tuen-
1093 4530 1163 4593 eius
1183 4529 1309 4612 fulgore
1330 4548 1392 4594 nos
1413 4528 1572 4593 obrueret.
1617 4526 1684 4593 Sed
1704 4526 1800 4592 homo
1822 4525 1972 4604 ἀνώνυμος
1993 4546 2062 4589 me-

72 4617 123 4683 dis
145 4612 341 4699 aotegendis
352 4615 461 4698 impiis
480 4613 645 4680 erroribus
655 4615 877 4697 oompositum,
900 4623 933 4678 et
943 4615 1043 4679 reler-
1093 4614 1175 4680 liore
1194 4635 1229 4679 se
1250 4620 1388 4678 exornet
1408 4613 1529 4696 elogio:
1564 4613 1649 4695 quod
1678 4615 1744 4678 iem
1772 4613 1847 4678 inde
1876 4612 1916 4676 eb
1936 4609 2062 4675 adoles·

70 4701 370 4768 tumoalumniisae
381 4698 567 4777 virulentia,
585 4698 787 4765 eseeditum
798 4700 898 4766 fuisse
917 4700 1040 4765 asserit.
1093 4693 1201 4764 oentia
1222 4701 1345 4764 rituum
1366 4699 1520 4764 eoelesiae
1541 4699 1847 4764 observantissimus
1868 4696 1983 4761 fuerit:
2016 4698 2065 4762 sio

73 4789 178 4870 Atqui
200 4806 260 4869 par
281 4785 453 4868 superbiae
474 4793 507 4849 et
527 4786 638 4862 fastus,
662 4784 778 4850 deinde
800 4785 928 4851 servilis
948 4784 1042 4848 meli·
1095 4793 1206 4848 tamen
1223 4796 1260 4849 ut
1271 4793 1398 4861 natura,
1420 4784 1473 4848 vel
1495 4783 1605 4849 divino
1627 4786 1736 4867 potius
1758 4781 1909 4864 impulsu,
1931 4801 2065 4847 omnem

1093 4870 1356 4952 superstitionem
1378 4870 1590 4935 vehementer
1610 4872 1654 4934 sit
1672 4868 1859 4933 detestatus.
1902 4867 1993 4930 Rara
2010 4869 2067 4930 in-

648 5001 656 5015 .
1095 4954 1176 5020 dolis
1197 4955 1336 5021 felioitas
1352 4964 1387 5021 et
1405 4955 1615 5022 inoredibilis:
1639 4963 1707 5019 toto
1718 4951 2069 5031 mundosaeoutisnte,

143 5062 173 5121 ι)
192 5061 320 5128 optimam
337 5058 421 5113 Besa.
1094 5061 1196 5105 unum
1218 5042 1324 5123 ipsum
1345 5041 1447 5108 fuisse·
1469 5043 1505 5109 in
1532 5044 1701 5125 easseetato
1722 5037 1950 5121 perspieaeem.
1996 5038 2077 5130 rto-3-

179 5141 394 5212 oeaasopm.
432 5139 488 5198 vu.
505 5141 563 5196 rx.
1289 5133 1296 5143 ⁸
1823 5136 1857 5191 as
