4590 5858
295 1433 614 1517 PRAEFATIO
636 1435 695 1517 IN
718 1436 923 1518 BUCERI
949 1428 1561 1638 AUl'ilNsstffilSUffNENSIA
1585 1430 1808 1513 ALTERA
1831 1428 2115 1517 ANN01546

1146 1808 1148 1812 ’
1232 1768 1337 1874 torem
1359 1810 1464 1891 ipsum
1487 1814 1525 1872 nt
1544 1803 1734 1890 publicaret,
1753 1804 1805 1870 vel
1826 1803 1941 1870 saltem
1963 1805 2004 1870 ab
2026 1826 2066 1871 eo
2088 1812 2200 1890 petere

371 1858 528 1915 lOANNES
546 1858 728 1916 CALVINUS
747 1857 805 1915 1³10
822 1859 975 1916 LECTORI
993 1860 1019 1916 S'
1232 1903 1271 1959 ut
1291 1894 1324 1959 id
1346 1893 1426 1958 mihi
1449 1893 1553 1958 lacere
1575 1911 1634 1975 per
1655 1911 1728 1956 eum
1749 1890 1869 1957 liceret
1920 1888 1986 1956 Sed
2008 1892 2086 1974 quia
2107 1893 2199 1975 prius

296 1975 458 2059 Quoniam
481 1999 501 2043 a
521 1998 573 2043 me
595 1977 705 2061 prodit
726 1978 780 2045 hio
797 1979 879 2044 liber
895 1980 931 2043 in
948 1977 1125 2062 publicum,
1147 1986 1181 2043 et
1231 1980 1312 2046 illud
1336 1981 1392 2044 vix
1413 2000 1487 2061 spes
1516 1987 1587 2043 erat
1614 1977 1655 2042 ab
1677 1998 1715 2043 eo
1743 1997 1836 2060 posse
1858 1980 2061 2059 extorqueri.
2089 1978 2127 2041 in
2149 1998 2197 2042 se-

211 2062 387 2128 absurdum
412 2063 516 2129 videri
537 2071 649 2146 posset
668 2063 753 2146 quod
769 2064 850 2129 mihi
872 2072 1003 2129 tantum
1024 2065 1061 2129 in
1083 2085 1179 2147 opere
1231 2065 1337 2130 cundo
1359 2064 1456 2130 etiam
1479 2063 1616 2130 verebar
1631 2083 1674 2126 ne
1696 2061 1859 2128 difficilem
1880 2081 1916 2126 se
1932 2062 2112 2144 praeberet
2146 2062 2197 2128 ab

210 2148 316 2214 alieno
344 2150 399 2213 vel
427 2151 508 2214 iuris
534 2149 585 2214 vel
614 2149 764 2215 licentiae
792 2153 1004 2234 sumpserim,
1031 2171 1180 2216 mearum
1232 2159 1371 2234 utroque
1399 2150 1558 2226 abstinui,
1592 2157 1689 2230 atque
1716 2145 1750 2212 id
1777 2148 1888 2229 putavi
1915 2167 1986 2213 esse
2014 2148 2196 2215 consultius

210 2234 264 2299 hio
293 2236 436 2316 partium
464 2254 535 2300 esse
564 2234 642 2299 duxi
672 2235 816 2300 rationes
847 2236 991 2302 breviter
1017 2256 1180 2318 exponere
1232 2257 1274 2300 ne
1297 2236 1377 2301 mihi
1399 2235 1532 2318 repulsa
1553 2235 1735 2300 libertatem
1758 2234 1928 2297 minueret
1961 2232 2102 2298 Interim
2125 2235 2195 2310 tria,

210 2340 293 2401 quae
314 2341 367 2384 me
388 2323 429 2385 ad
451 2320 626 2385 editionem
653 2321 865 2404 impulerunt
914 2321 1091 2387 Biennium
1113 2323 1179 2385 iam
1232 2343 1315 2404 qaae
1335 2320 1450 2398 dicam,
1473 2341 1600 2386 meeum
1621 2318 1794 2385 revolvens
1804 2318 1968 2396 constitui,
1990 2317 2127 2384 tandem
2138 2320 2194 2385 ali·

210 2405 277 2470 fere
306 2405 476 2487 praeteriit
501 2428 542 2470 ex
572 2426 636 2489 quo
664 2407 816 2471 instituta
844 2406 1046 2472 Ratisbonae
1074 2408 1180 2472 luerat
1231 2407 1308 2491 quid
1329 2428 1403 2472 meo
1424 2405 1584 2472 arbitratu
1605 2403 1791 2470 audendum
1814 2425 1893 2470 esse.

211 2489 353 2556 secunde
374 2490 565 2574 disceptatio
588 2490 628 2555 de
649 2490 821 2576 religionis
834 2493 1072 2558 controversiis.
1106 2491 1179 2558 Illic
1315 2493 1490 2574 Principio,
1518 2492 1617 2557 nimis
1637 2490 1784 2573 iniquum
1804 2490 1889 2554 foret
1906 2489 2042 2555 volitare
2062 2490 2194 2574 impune

210 2576 297 2640 inter
325 2575 360 2640 se
387 2576 563 2660 colloquuti
592 2585 671 2642 suut
697 2579 751 2661 qui
779 2599 820 2642 ex
848 2587 986 2661 utraque
1006 2585 1101 2661 parte
1122 2575 1178 2642 de-
1230 2579 1317 2642 inter
1338 2597 1457 2643 manus
1478 2577 1650 2641 hominum
1671 2595 1880 2658 quaecunque
1901 2573 2098 2641 adversariis
2119 2595 2192 2641 eon·

210 2660 288 2726 lecti
310 2661 448 2726 fuerant
493 2662 638 2727 Tametsi
660 2670 769 2727 autem
791 2662 1004 2728 vehementer
1025 2663 1177 2746 optabam
1229 2665 1354 2747 lingere
1375 2663 1473 2728 libuit
1491 2661 1669 2739 mendacia,
1691 2660 1809 2744 quibus
1830 2682 1896 2727 non
1919 2669 2051 2727 tantum
2070 2662 2143 2744 pios
2162 2669 2194 2725 et

209 2747 318 2811 totum
346 2746 576 2829 disputationis
600 2748 765 2827 ordinem,
793 2757 831 2814 ut
857 2748 970 2815 habita
996 2749 1104 2814 fuerat
1125 2748 1179 2815 vel
1229 2746 1340 2815 doctos
1369 2749 1597 2831 virossuique
1625 2744 1798 2813 dissimiles
1824 2745 2016 2820 traducant,
2046 2746 2105 2813 sed
2134 2747 2191 2830 ipsi

210 2832 325 2897 saltem
346 2832 515 2912 inchoata,
542 2833 673 2916 penitus
701 2853 909 2920 cognoscere,
938 2856 1038 2919 quum
1066 2842 1177 2899 tamen
1229 2835 1328 2900 edam
1356 2833 1489 2900 Christo
1521 2835 1653 2916 eiusque
1689 2830 1855 2897 doetrinae
1883 2853 1984 2915 prope
2009 2832 2192 2916 triumpha·

210 2917 307 2984 simul
329 2918 546 3002 intelligerem
569 2919 615 2983 ita
625 2919 725 2986 fnisse
746 2922 961 3004 compositum
983 2941 1026 2984 ne
1048 2920 1089 2985 ad
1106 2940 1177 2986 cer·
1229 2919 1330 2985 bandi
1352 2920 1524 2998 insultant,
1553 2937 1666 2985 rocem
1687 2937 1747 3000 pro
1769 2918 1906 2983 veritate
1928 2918 2054 2983 nullam
2075 2918 2192 3002 opponi

209 3012 280 3068 tum
296 3011 430 3086 tempus
451 3025 554 3086 usque
575 3011 648 3070 acta
665 3005 918 3088 publicarentur,
939 3004 1022 3071 illud
1043 3006 1176 3089 quosti·
1228 3006 1270 3072 ad
1291 3004 1486 3071 refellendas
1512 3024 1624 3070 eorum
1649 3003 1837 3070 calumniae.
1887 3005 1937 3069 Ao
1964 3011 2098 3070 nostrae
2124 3003 2192 3086 qui·

209 3088 359 3155 mulabar
380 3089 594 3174 cognoscendi
617 3089 812 3157 desiderium
834 3090 972 3170 cohibui,
996 3090 1098 3159 donec
1109 3092 1176 3157 Lo·
1228 3089 1303 3156 dem
1324 3091 1573 3157 existimationis
1594 3089 1698 3154 levior
1719 3097 1805 3154 esset
1825 3090 1964 3168 iactura,
1991 3090 2074 3173 quin
2096 3091 2190 3154 etiam

210 3175 306 3240 vanio
328 3175 447 3240 allatae
466 3184 546 3241 sunt
566 3197 674 3260 nugae
693 3177 802 3243 neseio
823 3198 906 3260 quae
927 3177 983 3243 illo
1005 3176 1101 3243 titulo
1123 3198 1176 3242 or·
1228 3176 1309 3243 haec
1330 3184 1445 3242 nostra
1465 3183 1516 3242 est
1536 3174 1679 3241 conditio
1700 3182 1739 3238 ut
1760 3195 1822 3258 quo
1844 3175 1974 3258 puriore
1995 3175 2191 3242 conscientia

210 3269 320 3339 natae,
354 3282 418 3344 quo
446 3261 519 3344 plus
545 3260 837 3328 commendationis
864 3263 1032 3329 haberent
1082 3263 1176 3329 'luno
1227 3271 1262 3327 et
1282 3263 1449 3329 sinceriori
1470 3260 1535 3327 lide
1556 3259 1725 3327 studemus
1752 3281 1812 3325 nos
1839 3259 2019 3344 approbare
2039 3260 2189 3335 Domino,

112 3392 113 3397 ι
208 3366 286 3427 vero
308 3367 376 3412 non
398 3345 540 3431 amplius
565 3347 758 3413 cessandum
780 3349 893 3431 putari
915 3350 995 3432 quin
1017 3348 1175 3414 eximium
1228 3369 1265 3413 eo
1287 3348 1380 3447 peius
1402 3368 1499 3431 saepe
1520 3368 1630 3414 coram
1646 3344 1771 3411 mundo
1794 3343 1972 3412 audiamus.
2006 3346 2073 3412 Ubi
2084 3354 2191 3411 autem

210 3430 336 3497 Christi
360 3454 491 3498 servum
520 3454 557 3498 ae
581 3435 715 3498 fratrem
745 3432 970 3499 venerandum
991 3435 1175 3499 Martinam
1227 3435 1264 3498 in
1291 3454 1396 3517 rpsam
1424 3432 1608 3500 doctrinam
1634 3432 1738 3514 aperti
1765 3433 1853 3497 fiunt
1872 3431 2033 3510 insultus,
2061 3433 2129 3497 iam
2149 3430 2190 3497 si·

209 3517 373 3583 Buoerum
395 3539 553 3603 rogarem,
576 3526 614 3583 ut
635 3519 662 3583 si
684 3519 762 3602 quid
785 3519 921 3585 haberet
941 3519 994 3584 his
1015 3518 1056 3584 de
1077 3518 1175 3585 rehus
1227 3517 1315 3583 leudi
1337 3519 1474 3585 minime
1494 3527 1625 3601 tempus
1647 3525 1704 3582 ost.
1754 3518 1802 3582 Et
1826 3538 1906 3583 sane
1933 3518 1999 3582 iam
2022 3526 2119 3582 exuo
2138 3538 2189 3600 pe·

209 3606 437 3685 conscriptum,
459 3604 596 3669 mihine
636 3611 806 3671 ravaretur
822 3606 977 3688 privatim
998 3605 1175 3689 legendnm
1225 3604 1363 3669 rioulum
1386 3612 1458 3670 erat
1478 3605 1639 3682 Buoerus,
1667 3603 1802 3685 nequis
1823 3602 1871 3667 illi
1898 3603 1978 3668 vitio
2000 3602 2190 3669 verteretsi

210 3686 296 3753 dare.
340 3689 520 3772 Impetravi
541 3624 635 3772 quoi
645 3689 807 3769 volebam,
834 3699 906 3754 tum
929 3711 989 3774 pro
1012 3690 1175 3757 amicitiae
1226 3689 1268 3755 ah
1289 3690 1484 3756 adversariis
1505 3696 1701 3772 provocatus
1719 3689 1809 3754 huno
1818 3688 1939 3754 librum
1950 3686 2107 3755 edidisset
2115 3689 2189 3773 ipse.

210 3782 340 3838 nostrae
367 3774 452 3854 iure,
482 3782 553 3841 tum
580 3774 667 3858 quod
694 3774 842 3842 adductis
870 3796 890 3841 a
917 3775 1175 3841 morationibus
1226 3775 1312 3840 Nam
1345 3796 1448 3858 quum
1476 3775 1537 3840 sibi
1563 3774 1613 3839 illi
1641 3775 1836 3857 permittant
1861 3775 1972 3839 omnia
2003 3773 2191 3840 mentiendo

208 3859 315 3924 victus
336 3862 440 3925 cessit
485 3858 593 3927 Simul
621 3870 734 3927 tamen
755 3883 775 3926 a
796 3881 850 3927 me
870 3862 974 3944 petiit,
995 3863 1109 3940 fateor,
1132 3883 1185 3926 ne.
1225 3870 1380 3945 proterve
1401 3883 1436 3928 se
1457 3861 1593 3938 iactare,
1620 3858 1715 3925 nobis
1736 3859 1854 3926 silendi
1873 3861 2101 3926 necessitatem
2122 3860 2191 3944 quis

208 3943 339 4028 longius
361 3954 511 4011 manaret
526 3945 612 4030 quod
634 3946 737 4012 veluti
758 3948 794 4010 in
816 3947 927 4012 sinum
947 3968 1058 4012 meum
1076 3946 1174 4030 depo·
1227 3946 1394 4029 imponet?
1443 3947 1490 4012 Et
1524 3955 1635 4011 tamem
1670 3967 1730 4030 ego
1758 3945 1815 4029 qui
1847 3944 1978 4011 liberior
2010 3967 2100 4011 eram
2132 3946 2192 4011 hoc

209 4038 328 4096 suerat
361 4030 573 4097 Beneautem
591 4032 746 4099 suecessit
763 4031 849 4117 qnod
870 4032 967 4118 longe
984 4033 1060 4118 plus
1077 4054 1174 4116 quam
1227 4033 1337 4098 oneris
1355 4032 1520 4115 suscipere
1537 4030 1648 4110 malui,
1671 4052 1769 4114 qnam
1791 4030 1841 4095 illi
1858 4029 2054 4115 persuadere
2071 4041 2109 4097 ut
2125 4033 2192 4097 iure

208 4135 416 4182 serareram
440 4127 658 4200 consequutus
683 4140 764 4183 snm.
807 4119 989 4201 Praecipua
1015 4139 1097 4201 quae
1115 4118 1174 4183 ho·
1227 4139 1287 4183 suo
1314 4126 1476 4197 uteretur,
1504 4116 1651 4202 legitimo
1677 4116 1733 4183 illo
1760 4116 1906 4199 quidem,
1935 4115 1992 4182 sed
2016 4138 2086 4183 non
2112 4118 2192 4183 forte

234 4203 262 4265 'c
282 4201 370 4265 inter
391 4222 451 4267 nos
473 4204 616 4286 agitatur
642 4205 789 4287 quaestio
819 4212 854 4268 et
879 4204 967 4270 unde
993 4204 1078 4269 bona
1099 4225 1175 4287 pars
1225 4202 1357 4286 liquido.

209 4286 346 4352 aliarum
369 4286 497 4370 pendet,
521 4296 571 4352 est
591 4287 630 4353 de
647 4289 876 4356 iustificatione
887 4289 972 4355 fidei.
1005 4290 1090 4355 Eam
1108 4311 1174 4355 non
1310 4288 1387 4355 Huc
1413 4288 1548 4355 accessit
1567 4287 1756 4368 secundum,
1783 4288 1868 4371 quod
1898 4287 1927 4353 si
1949 4287 2080 4370 quando
2101 4310 2192 4355 suam

209 4373 306 4437 modo
328 4374 456 4455 copiose
478 4371 651 4458 diligenter
673 4375 852 4451 eterudite,
876 4375 1175 4458 sioutomniaquae
1227 4373 1395 4441 ecelesiam
1418 4373 1581 4439 Dominus
1603 4382 1672 4439 tam
1694 4374 1801 4440 saevis
1822 4371 2073 4457 tempestatibus
2094 4374 2191 4441 iacta·

209 4457 249 4523 ab
269 4457 329 4524 hoo
352 4459 423 4524 viro
443 4459 701 4541 proficiscuntur,
722 4467 895 4527 tractatam
913 4461 949 4525 in
972 4460 1033 4527 hoo
1055 4461 1176 4543 scripto
1226 4468 1295 4525 tam
1328 4459 1523 4543 respexerit,
1556 4466 1595 4524 ut
1637 4460 1722 4526 seria
1760 4480 1889 4525 rursum
1929 4461 2124 4526 restituatur
2155 4458 2191 4526 de

210 4551 244 4608 et
265 4544 459 4628 explicatam
483 4545 596 4627 reperi,
619 4543 675 4609 sed
697 4567 909 4629 quaecunque
930 4546 972 4612 ad
994 4546 1056 4613 hoc
1078 4568 1175 4631 argu-
1227 4545 1471 4629 quaestionibus
1495 4544 1593 4610 hodie
1622 4545 1658 4609 iu
1685 4544 1853 4628 religionis
1885 4543 2034 4611 doctrina
2065 4554 2190 4611 contm

210 4639 358 4694 mentum
382 4631 550 4713 portinent
572 4650 609 4693 eo
631 4631 769 4697 artifieio
791 4632 926 4715 digesta,
949 4651 988 4696 ea
1013 4634 1177 4716 gravitate
1227 4631 1331 4697 versis
1353 4630 1513 4710 tractatio,
1535 4630 1793 4696 lucubrationem
1815 4629 1900 4696 hano
1918 4629 2071 4696 videbam
2088 4632 2131 4696 ad
2147 4633 2192 4716 ip-

209 4735 371 4798 expressa,
394 4738 433 4780 ea
453 4714 674 4781 moderatione
696 4719 883 4799 composita,
905 4726 943 4783 ut
964 4717 1017 4783 vel
1039 4719 1177 4784 morosis
1228 4736 1281 4782 sas
1303 4714 1514 4800 explicandas
1534 4737 1602 4782 non
1621 4737 1723 4800 parvo
1745 4714 1934 4781 adiumento
1961 4716 2039 4781 fore.
2082 4717 2192 4801 Neque

209 4800 328 4883 alioqui
350 4802 525 4866 lectoribus
548 4802 732 4867 satisfacere
750 4801 897 4868 debeant
932 4804 1077 4868 Tantum
1095 4803 1176 4868 mihi
1228 4803 1316 4866 enim
1337 4822 1454 4885 parum
1473 4802 1623 4867 effectum
1634 4802 1735 4867 fuerit
1754 4802 1782 4867 si
1804 4800 1844 4866 de
1866 4800 1929 4867 hoo
1950 4802 2057 4886 eapite
2078 4801 2193 4870 doetri-

210 4884 353 4962 dolebat‚
384 4887 574 4953 thesaurum
603 4887 705 4964 hunc,
733 4908 828 4969 quem
857 4910 935 4954 mox
961 4890 1099 4972 proferri
1120 4888 1175 4954 de·
1197 4923 1200 4929 ·
1228 4909 1300 4967 nae,
1322 4887 1384 4954 hoc
1406 4895 1457 4953 est
1478 4887 1518 4953 de
1539 4888 1769 4954 iustificatione
1789 4886 1940 4963 hominis,
1964 4887 2132 4953 sublatum
2148 4889 2192 4953 fo·

210 4981 322 5036 onerat
347 4973 383 5036 in
410 4994 581 5039 commune
603 4972 757 5039 ecclesiae
777 4972 916 5052 bonnm,
943 4973 1078 5058 indigne
1100 4996 1176 5058 sup·
1227 4981 1279 5039 ret
1300 4980 1474 5039 certamen.
1510 4974 1611 5056 Atqui
1630 4995 1725 5039 nemo
1748 4972 1812 5038 erit
1831 4970 1988 5037 madidus
2010 4994 2193 5057 aequusque

210 5057 315 5139 primi.
362 5057 541 5140 Aliquoties
560 5061 594 5123 in
617 5065 759 5124 mentem
781 5059 874 5121 venit
894 5059 945 5124 vel
968 5059 1094 5126 hortari
1116 5081 1175 5126 au·
1227 5058 1350 5125 arbiter
1376 5060 1432 5142 qui
1460 5058 1542 5124 libro
1570 5059 1712 5142 perlecto
1740 5057 1954 5140 omnibusque
1985 5057 2113 5139 placide
2138 5080 2193 5124 ex·
