4620 5828
213 234 276 298 687
686 229 950 298 nouarum
973 229 1036 294 Da
1057 225 1213 294 COENA
1234 228 1392 294 Batava
1410 226 1734 296 COMPENDIUM.
2145 230 2211 292 688

212 419 282 485 lum
304 438 423 484 eoenuo
444 418 625 484 dominicae
646 418 820 495 sumimus,
849 417 968 482 animis
987 416 1086 480 etiam
1108 436 1183 481 uos-
1235 436 1331 481 nemo
1353 416 1547 501 impugnare
1568 417 1687 499 possit,
1717 415 1783 482 nisi
1809 423 1842 482 at
1862 415 1989 482 Christi
2016 415 2113 481 simul
2136 414 2211 480 Do·

212 505 273 570 tris
289 526 349 588 per
369 503 466 568 fidem
486 505 520 568 in
531 504 656 569 eoelum
677 524 779 586 usque
798 503 915 586 spiritu
935 509 1048 567 saneto
1070 509 1183 566 autore
1233 503 1314 566 mini
1337 503 1437 567 verba
1457 502 1653 586 impugnare
1670 502 1759 581 velit,
1781 522 1894 568 varam
1915 521 1996 567 sane
2017 510 2210 585 portamque

133 618 134 621 ¹
212 590 392 667 subveetis,
421 590 493 672 ipsa
520 589 614 655 nobis
636 589 781 672 torporis
808 595 842 653 et
864 587 1035 672 sanguinis
1056 586 1183 652 Christi
1233 609 1304 653 esse
1326 594 1469 652 statuere
1491 586 1654 654 debemus.
1706 589 1752 652 Et
1778 609 1881 671 quum
1907 586 1992 652 nihil
2020 589 2063 653 sit
2083 587 2209 670 alioqui

211 684 370 759 perpetua
391 674 510 757 alioqui
532 676 728 753 oommuuio,
746 695 805 758 per
826 675 1001 757 ipsummet
1012 671 1183 737 Christum
1232 673 1267 737 iu
1290 693 1330 738 ea
1351 672 1554 752 diffinitione,
1577 672 1663 756 quod
1681 673 1749 738 ulla
1762 678 1786 750 ¹)
1808 694 1943 756 prorsus
1960 674 2054 756 panis
2072 680 2129 738 aut
2146 693 2208 756 po·

211 762 393 827 Dominum
414 769 618 844 praesentem
651 759 879 844 praesentibus
906 767 1084 824 renovetur
1105 758 1181 823 sub·
1232 759 1298 823 auli
1319 778 1436 825 poenae
1458 760 1529 825 sive
1555 759 1786 840 mutationem,
1814 760 1883 824 sive
1910 759 2208 839 conservationem,

210 846 288 913 iude
317 854 350 911 et
376 854 552 930 repetatur.
608 846 783 911 Elementa
808 853 919 910 autem
951 864 1069 911 ooenae
1102 851 1181 909 suut
1233 852 1291 909 aut
1312 844 1433 910 realem
1457 844 1537 910 item
1565 845 1660 909 iuxta
1687 846 1793 928 ipsam
1820 844 2035 911 substantiam
2061 846 2209 928 eorporis

210 932 307 1017 panis
328 939 363 997 et
381 932 534 1015 poeulum
555 954 597 997 ex
619 930 743 996 Christi
765 930 901 997 Domini
923 931 1136 996 institutione.
1233 937 1267 994 et
1295 931 1466 1014 sauguinis
1493 930 1619 996 Christi
1645 930 1878 1014 praesentiam,
1915 931 1984 997 sive
2011 951 2112 1015 penas
2126 930 2206 996 ‘ole-

297 1018 363 1083 Hio
385 1038 479 1095 vero,
508 1019 535 1082 si
564 1037 677 1083 votem
703 1017 899 1083 saorameuti
927 1015 1071 1099 partium
1093 1015 1181 1080 illius
1232 1024 1346 1081 meuta
1366 1037 1494 1094 ooenae,
1524 1017 1594 1082 siva
1617 1016 1716 1081 etiam
1738 1018 1774 1080 in
1796 1016 1939 1081 ministri
1961 1037 2067 1099 opere,
2090 1037 2207 1082 neees-

212 1104 458 1169 enumeratione
480 1102 693 1186 explioemus‚
724 1103 786 1168 hoo
807 1110 872 1180 est,
900 1103 928 1166 si
955 1121 1091 1166 ooenam
1112 1102 1181 1166 Do-
1233 1103 1319 1166 sario
1340 1103 1501 1186 requirat,
1530 1110 1563 1167 et
1584 1102 1619 1166 iu
1641 1122 1676 1167 se
1697 1102 1910 1166 nihilominus
1932 1101 1965 1166 id
1988 1109 2096 1167 totum
2116 1123 2208 1167 oom-

212 1189 295 1254 miui
316 1196 349 1253 et
376 1189 560 1274 symbolum
588 1188 685 1254 simul
712 1195 746 1253 et
766 1188 963 1272 mysterium
984 1186 1180 1252 eommunio·
1232 1187 1396 1271 plantatur
1417 1187 1501 1271 quod
1524 1187 1565 1252 ad
1587 1187 1727 1252 salutem
1744 1190 1937 1271 ouiusquam
1954 1186 2081 1252 Christi
2101 1187 2208 1271 ipsius

212 1276 265 1341 nia
286 1274 431 1357 eorporis
453 1283 487 1339 et
509 1275 678 1358 sanguinis
700 1273 825 1338 Christi
847 1294 918 1339 esse
940 1273 1095 1347 dieamus,
1127 1293 1180 1336 ea·
1234 1273 1419 1339 testimonio
1448 1274 1528 1339 satis
1563 1295 1633 1339 esse
1669 1281 1812 1351 oonstat,
1852 1294 1912 1339 nos
1946 1275 2045 1339 etiam
2079 1294 2139 1356 pro
2166 1274 2206 1340 iis

212 1360 289 1426 dem
314 1381 393 1425 sano
422 1361 484 1424 erit
509 1359 673 1424 diffinitio:
707 1359 764 1425 sod
786 1362 852 1424 iam
875 1359 1041 1441 aliquanto
1063 1357 1181 1424 olarior
1233 1379 1316 1442 quae
1337 1361 1518 1425 neeessario
1541 1381 1607 1424 non
1624 1359 1838 1442 requiruntur
1856 1380 1921 1423 uon
1939 1380 2141 1443 magnopere
2157 1359 2206 1424 la·

211 1446 274 1512 erit
305 1466 365 1530 por
397 1446 542 1530 partium
581 1445 617 1509 iu
649 1453 852 1511 sacramento
891 1443 1179 1509 enumerationem.
1233 1447 1401 1510 boramus:
1431 1445 1586 1510 nimirum
1616 1444 1650 1508 id
1683 1443 1767 1527 quod
1795 1444 1927 1510 Christo
1954 1443 2098 1510 Domino
2126 1444 2206 1510 satis

210 1531 386 1596 Caeterum
398 1530 505 1596 adhue
516 1531 635 1596 olarior
647 1531 719 1609 erit,
736 1532 762 1596 si
777 1531 921 1614 partium
931 1530 967 1593 in
978 1538 1181 1596 saorameuto
1233 1540 1292 1610 est,
1315 1530 1348 1596 id
1371 1532 1465 1596 nobis
1487 1552 1613 1615 quoque
1635 1532 1715 1596 satis
1735 1531 1804 1595 fore
1827 1550 1894 1595 non
1914 1529 2110 1596 dubitamus.

209 1638 344 1683 rursum
366 1616 576 1681 diffinitiones
593 1637 652 1699 pro
673 1616 753 1699 ipsis
775 1615 922 1681 diffinitis
938 1636 1107 1699 ponamus,
1121 1614 1181 1682 hoo
1318 1617 1371 1682 De
1392 1617 1465 1682 aliis
1486 1636 1584 1699 porro
1601 1637 1720 1682 eoauae
1737 1614 1916 1682 domiuioae
1933 1616 2103 1700 mysteriis
2122 1614 2206 1680 nihil

210 1712 271 1781 ost,
293 1703 322 1768 si
343 1702 378 1767 in
399 1704 470 1785 ipsa
490 1721 609 1768 ooeuae
627 1701 821 1767 diffinitione
838 1722 896 1784 pro
917 1701 1064 1780 symbolo
1092 1722 1108 1764 s
1131 1721 1179 1764 m·
1232 1704 1351 1767 attinet
1372 1702 1495 1780 diosre,
1523 1724 1625 1785 quum
1651 1701 1743 1766 nulla
1770 1699 1811 1766 de
1840 1702 1881 1767 iis
1901 1702 2127 1768 controversia
2147 1701 2205 1765 ha·

210 1787 277 1854 boli
299 1787 535 1866 diffinitionem,
563 1808 622 1870 pro
644 1789 800 1873 mysterio
821 1789 902 1852 item
924 1787 1073 1871 mysterii
1107 1786 1181 1866 iffi·
1233 1788 1357 1868 beatur,
1379 1789 1419 1853 de
1441 1789 1503 1854 hoo
1527 1809 1602 1853 voro
1623 1795 1834 1854 oontrouerso
1856 1788 2094 1853 communionis
2117 1807 2205 1872 mys·

210 1874 368 1939 nitiousm
390 1882 582 1939 statuamus.
631 1873 679 1938 Ut
705 1873 856 1938 videlieet
877 1871 1025 1937 dieamus
1046 1891 1182 1938 eoenam
1234 1876 1315 1940 terio
1336 1875 1403 1938 iam
1424 1874 1545 1939 olaram
1567 1874 1646 1940 satis
1676 1893 1713 1939 ao
1735 1871 1910 1938 dilucidam
1933 1872 2118 1939 doetrinam
2140 1880 2205 1937 tra·

210 1957 350 2024 Domini
370 1980 441 2024 esse
463 1964 625 2025 astionem
647 1978 773 2025 sauram
795 1960 914 2041 inqua
934 1978 1053 2041 panem
1074 1965 1108 2022 et
1123 1977 1181 2040 po-
1233 1958 1352 2026 didisss
1374 1959 1532 2026 videmur.
1577 1960 1690 2042 Neque
1712 1959 1766 2025 hio
1788 1958 1969 2043 apologiam
1986 1958 2090 2024 ullam
2112 1958 2206 2023 insti·

210 2044 321 2111 oulum
342 2046 438 2110 iuxta
460 2045 585 2112 Christi
607 2045 845 2110 institutionem
870 2064 889 2108 e
910 2043 1053 2108 ministri
1075 2043 1182 2108 maui-
1233 2046 1366 2123 tuimus,
1391 2053 1428 2110 ut
1450 2045 1505 2111 vel
1528 2054 1673 2111 nostram
1696 2043 1877 2110 dootrinam
1898 2043 2011 2110 multis
2033 2045 2205 2110 oonfirme-

210 2130 330 2196 busin
347 2141 441 2196 ooetu
463 2130 616 2197 ecelesiae
639 2131 813 2208 sumimus,
843 2151 881 2196 ao
903 2128 1015 2205 simul,
1045 2126 1122 2192 dum
1146 2126 1180 2192 id
1233 2153 1324 2210 mus,
1358 2131 1412 2196 vel
1446 2131 1584 2195 aliorum
1615 2129 1795 2196 sententias
1828 2127 1974 2196 divemas
2007 2128 2203 2195 refellamus

211 2216 355 2300 agimus,
388 2216 516 2299 eorpori
539 2218 693 2287 etiamst
715 2216 869 2300 sanguini
891 2214 1032 2292 Christi,
1062 2213 1181 2279 animis
1233 2215 1428 2283 Doetrinam
1450 2215 1612 2286 duntaxat
1633 2216 1726 2281 brevi
1748 2214 2080 2299 oompeudiotradera
2102 2214 2205 2280 volui·

210 2323 270 2384 per
291 2301 389 2367 fidem
410 2303 446 2366 in
467 2302 595 2367 eoelum
615 2301 731 2383 spiritu
744 2309 855 2367 sauoto
873 2308 987 2368 autore
1008 2299 1182 2377 subvautis,
1233 2324 1316 2382 mus,
1335 2302 1421 2385 quod
1443 2310 1477 2367 ot
1493 2302 1640 2380 feoimus,
1663 2301 1948 2384 eitraouiusquam
1965 2299 2202 2367 ooutnmeliam

210 2388 497 2453 eommunioamus.
531 2387 597 2452 Hie
618 2406 696 2452 saue
718 2387 800 2451 nihil
821 2397 872 2452 est
891 2384 1108 2463 obseuritatis,
1129 2384 1181 2449 ni-
1232 2388 1325 2454 Deus
1348 2386 1424 2470 Opt.
1449 2388 1538 2453 Max.
1571 2387 1627 2452 det
1653 2385 1747 2452 uobis
1775 2387 1926 2471 spiritum
1953 2384 2146 2452 oonoordiae
2174 2388 2204 2448 et

211 2472 259 2537 hil
282 2473 516 2557 ambiguitatis,
539 2480 573 2536 et
593 2479 703 2536 tamen
714 2471 851 2555 perinde
873 2480 932 2551 est,
954 2470 1023 2537 sive
1044 2471 1092 2535 ita
1109 2491 1181 2536 eoe-
1234 2474 1380 2539 cantatis
1401 2481 1534 2558 propter
1554 2473 1660 2539 filium
1680 2494 1776 2538 suum
1798 2472 1966 2552 dilectum,
1996 2471 2091 2537 utin
2118 2469 2202 2534 illius

211 2577 289 2622 nam
311 2558 520 2638 diffiniamus,
543 2557 613 2622 sive
635 2557 780 2623 dieamus
802 2579 874 2623 eam
896 2577 967 2623 esse
996 2555 1181 2641 symbolum
1234 2559 1445 2638 confessione,
1469 2559 1618 2649 sepositis
1640 2558 1791 2625 omuibus
1820 2557 1977 2637 dissidiis,
2005 2556 2201 2623 unanimiter

211 2662 250 2709 ao
271 2645 474 2728 mysterium,
504 2646 574 2710 siva
595 2643 695 2707 etiam
715 2651 959 2710 saaramentum
980 2642 1182 2709 communio-
1233 2647 1407 2730 persistero
1428 2643 1541 2728 illique
1563 2645 1687 2710 servire
1706 2643 1877 2727 possimus.

211 2729 265 2794 nis
286 2731 430 2813 eorporis
450 2738 485 2794 ot
505 2727 675 2813 sanguinis
696 2729 831 2795 Christi.
1045 2807 1048 2813 .

297 2814 395 2881 Hane
422 2835 501 2900 ergo
527 2816 574 2881 ita
599 2815 796 2899 explieatam
824 2812 1052 2889 diffinitionem
1079 2833 1182 2896 quum
1303 2831 1332 2898 ι)
1351 2830 1456 2887 unm?
