4620 5828
119 224 181 285 517
820 230 823 240 ⁴
889 217 1152 287 OHRIS'PHN
1173 219 1338 288 OOENA'.
1383 231 1387 244 “
2048 231 2117 291 blss

116 406 224 490 pane?
247 405 733 473 Siexousabilissittamerassa
742 407 938 491 superstitio,
953 429 1087 494 grauem
1225 408 1384 476 Pluribus
1399 430 1508 493 quam
1540 410 1711 493 sperabam
1737 412 1871 477 naenias
1891 411 2032 478 beminis
2052 433 2121 481 uon

117 493 273 559 iniuriam
292 493 448 577 gentibus
468 494 616 558 feserunt
629 492 817 576 prophetae,
839 515 939 576 quum
960 515 1016 560 eas
1036 515 1089 560 oe-
1142 495 1251 560 minus
1272 496 1411 576 improbi
1431 516 1528 576 quam
1549 496 1668 562 insulsi
1690 495 1851 563 diseussas
1873 517 1946 562 esse
1959 518 2025 562 neu
2049 518 2118 565 me·

119 578 186 644 lere
213 578 360 645 diberent
388 599 519 657 aurum,
551 589 739 662 argentum,
772 578 863 664 ligna
890 589 924 643 et
956 580 1089 662 lapides.
1141 580 1224 645 leste
1241 581 1320 657 iero,
1338 581 1367 645 si
1387 582 1532 645 frustum
1552 603 1649 664 quem
1669 582 2023 664 ¹speroeumeelabore
2044 604 2117 666 per·

113 662 269 731 (leubaste
296 685 417 729 numen
440 666 590 729 venerari
617 687 652 729 se
674 664 833 746 putabant
852 686 967 731 omnes
987 667 1092 732 inere-
1143 666 1265 748 oipisnt
1286 665 1422 731 modesti
1435 675 1468 731 et
1484 666 1744 748 probileeteres:
1768 689 1903 751 quorum
1926 669 2033 752 gratia
2049 676 2118 735 tae-

121 749 203 827 duli,
239 750 316 815 dum
353 749 534 816 simulantis
565 759 599 814 et
630 749 1091 835 imaginibus-supplicabant.
1145 751 1234 816 dium
1259 750 1319 816 hoe
1342 750 1512 829 devoravi,
1535 774 1635 836 quum
1656 752 1813 837 indignus
1835 763 1923 818 esset
1941 753 2118 820 maledieus

120 836 221 900 Nulla
242 836 309 901 illis
330 837 616 920 eratbypestatioa
629 837 716 910 unio,
735 836 790 900 sed
808 836 987 901 similitudo
1009 837 1092 901 dun-
1144 837 1211 902 ullo
1238 857 1402 919 responso.
1436 840 1563 921 ΙΔῒιμιο
1584 848 1624 902 ut
1636 839 1671 903 in
1699 847 1865 922 posterum
1893 840 2015 905 oertiue
2041 860 2118 924 eeg-

119 930 228 986 texat:
251 933 285 986 et
305 923 454 1004 quamvis
472 922 651 1004 potentiam
680 923 740 986 Dei
766 923 938 1006 affigerent
959 923 1092 991 simula·
1145 929 1258 988 nosset
1274 930 1362 988 totus
1390 922 1478 988 orbis
1500 945 1563 1007 quo
1585 925 1655 989 iure
1682 925 1728 988 ita
1749 925 1909 989 violenter
1922 962 1923 966 =
1938 925 2118 993 doetrinae]

120 1008 194 1085 eris,
220 1028 389 1089 nunquam
416 1017 526 1072 tamen
549 1008 620 1072 ausi
641 1008 780 1072 fuissent
801 1028 945 1073 asserere
966 1008 1092 1091 lignum
1145 1017 1292 1074 nostram
1320 1008 1481 1091 impetant
1509 1009 1687 1075 turbulenti
1717 1010 1882 1087 hemines,
1916 1031 2014 1093 quam
2042 1031 2119 1076 vere

121 1093 380 1159 substantialiter
406 1113 478 1157 esse
504 1094 623 1158 Deum.
674 1093 747 1158 Hoe
770 1095 826 1176 qui
855 1093 894 1157 de
921 1114 1004 1178 pane
1026 1104 1093 1158 tam
1146 1092 1241 1159 nobis
1267 1092 1421 1159 obiieiant
1448 1095 1617 1160 involucra
1646 1105 1680 1159 et
1701 1096 1908 1179 praestigias,
1942 1116 2038 1179 quam
2058 1096 2118 1161 hu·

120 1178 339 1244 invereeunde
358 1179 592 1261 pronuneiant‚
612 1200 666 1243 eos
688 1200 753 1243 non
774 1180 979 1245 oensebimus
1000 1180 1094 1263 panis
1146 1180 1286 1243 maniter
1302 1179 1544 1246 eontumeliesis
1566 1182 1698 1247 vesitus
1726 1203 1784 1246 nos
1806 1189 1957 1259 onerent,
1986 1181 2120 1248 brevem

121 1263 282 1331 uultures?
312 1263 407 1344 Quod
431 1267 576 1347 sequitur
598 1285 664 1329 non
686 1265 821 1329 obseura
843 1266 973 1343 indioat,
997 1285 1095 1349 quam
1148 1263 1314 1330 doetrinae
1336 1286 1428 1329 meae
1440 1286 1600 1331 summam
1612 1275 1758 1332 attexere
1770 1269 1876 1332 visum
1901 1276 1967 1332 est:
1986 1268 2015 1331 si
2036 1268 2120 1334 forte

121 1359 310 1415 reverenter
329 1370 366 1415 eo
392 1350 449 1415 'tet
470 1350 511 1416 de
532 1351 690 1415 immensa
711 1351 944 1417 Deieeseutia.
989 1350 1028 1417 si
1048 1353 1096 1416 ita
1147 1350 1228 1416 haee
1246 1371 1311 1415 non
1333 1351 1441 1415 minus
1464 1360 1598 1416 verset
1620 1360 1709 1418 reeta
1731 1373 1828 1435 quam
1851 1352 1993 1418 dilueida
2014 1374 2056 1417 ex·
2079 1353 2118 1417 li·

122 1453 181 1513 est,
204 1436 320 1519 inquit,
344 1457 363 1500 a
386 1457 515 1500 oremus
537 1457 616 1519 ergo
635 1436 727 1519 ligna
748 1448 781 1499 et
803 1436 939 1520 lapides,
968 1438 1002 1501 in
1024 1438 1095 1520 qui·
1148 1437 1232 1500 eatio
1257 1436 1297 1500 ad
1328 1436 1452 1519 aliquos
1485 1436 1660 1519 placandos
1688 1437 1804 1503 valeat.
1850 1438 1948 1503 Certe
1968 1375 2118 1507 omnilus

122 1520 184 1587 bus
206 1542 286 1587 vera
306 1529 357 1589 est
375 1521 437 1585 Dei
460 1524 610 1586 essentia.
655 1522 740 1585 Nam
759 1522 821 1586 etsi
839 1521 965 1587 eoelum
988 1531 1021 1587 et
1030 1532 1095 1588 ter·
1147 1522 1970 1605 sineerisDeiservisplanesatisfaoturameonfido:
1991 1522 2119 1606 quaudo

122 1607 421 1689 ramimpletDeus,
437 1608 593 1689 etubique
605 1607 724 1671 diffusa
736 1618 786 1672 est
800 1608 870 1672 eius
892 1609 1042 1687 essentia,
1055 1607 1095 1673 ab
1146 1608 1181 1671 in
1202 1627 1242 1672 ea
1262 1607 1342 1671 nihil
1366 1608 1524 1672 omissum
1546 1618 1596 1674 ast
1616 1609 1701 1692 qued
1713 1609 1857 1692 dignitas
1879 1617 1914 1673 et
1935 1611 2120 1674 reverentia

123 1693 186 1759 hoe
207 1701 317 1758 tamen
339 1714 492 1775 perverso
513 1696 708 1759 eommeuto.
732 1691 816 1776 qued
837 1694 940 1757 assuit
961 1693 1094 1759 Heshu-
1146 1692 1245 1758 huius
1266 1694 1415 1776 mysterii
1425 1694 1575 1776 postulet
1619 1695 1758 1760 Putidus
1773 1693 2121 1779 Heshusiireprehen·

124 1780 200 1857 sius,
224 1786 257 1843 et
278 1800 297 1842 a
315 1780 452 1861 prolana
472 1779 661 1861 loquutione
682 1777 838 1843 abhorret
854 1780 967 1861 pietas.
991 1779 1095 1844 Habi·
1138 1779 1269 1854 aiones,
1304 1779 1422 1860 quibus
1446 1780 1570 1863 seripta
1592 1800 1667 1846 mea
1689 1781 1742 1845 vel
1768 1799 1868 1844 exosa
1894 1780 1947 1846 vel
1970 1789 2120 1864 suspeeta

123 1863 230 1941 tabat,
255 1865 377 1946 inquit,
403 1865 540 1947 spiritus
568 1863 630 1929 Dei
663 1865 699 1928 in
729 1865 820 1929 Elia:
848 1887 906 1930 eur
934 1886 999 1930 non
1021 1886 1095 1929 eum
1146 1863 1282 1930 reddere
1304 1873 1439 1929 eonatus
1460 1873 1520 1944 est,
1542 1865 1623 1930 adeo
1644 1865 1726 1930 nihil
1749 1885 1868 1941 moror,
1895 1866 1949 1931 vel
1975 1867 2120 1931 refutare

124 1951 273 2015 adorauit
293 1949 465 2015 Elisaens?
495 1949 562 2015 Sed
590 1947 667 2034 quid
695 1951 781 2014 inter
808 1971 922 2027 omues
942 1971 1095 2033 praesen·
1146 1971 1215 2013 nen
1235 1949 1356 2026 labore,
1377 1959 1416 2015 ut
1442 1951 1550 2035 petius
1577 1952 1611 2016 in
1640 1952 1730 2016 luero
1757 1971 1877 2034 ponam
1903 1959 2036 2017 exstare
2061 1972 2120 2016 ne·

124 2037 190 2102 tiae
215 2035 280 2100 Dei
307 2037 444 2118 speeies,
474 2034 514 2100 de
542 2035 659 2118 quibus
687 2035 830 2118 loquitur
856 2038 1030 2119 scriptura,
1064 2046 1095 2100 et
1147 2033 1245 2099 tabile
1268 2036 1442 2118 specimen,
1466 2056 1506 2100 ex
1531 2056 1594 2120 quo
1624 2043 1780 2120 appareat
1807 2044 1931 2119 quanta
1957 2038 2120 2118 pravitate
2191 2094 2197 2107 .

125 2121 209 2187 hane
232 2120 272 2186 de
293 2142 357 2205 qua
378 2121 545 2186 eontendit
566 2120 753 2186 Heshusius
782 2121 910 2186 simile?
948 2123 1024 2186 Non
1047 2132 1097 2187 est
1147 2128 1182 2187 et
1206 2121 1442 2186 malevolentia
1473 2121 1618 2188 imbutus
1652 2124 1709 2199 sit,
1740 2141 1836 2204 quam
1873 2121 1993 2187 stolido
2021 2124 2119 2187 etiam

124 2209 227 2292 igitur
247 2229 307 2272 eur
327 2208 466 2288 superbe
487 2204 860 2290 despioiatobieotiones,
883 2229 904 2272 a
924 2207 1040 2290 quibus
1062 2229 1096 2274 se
1147 2207 1234 2271 fastu
1257 2216 1292 2270 et
1310 2205 1620 2283 insolentiaudaoia
1641 2217 1780 2292 turgeat
1820 2207 1896 2272 Non
1914 2208 2120 2290 iamdispute

126 2303 195 2357 tam
217 2292 392 2357 iufelieiter
412 2292 553 2376 expedit
1033 2339 1037 2350 .
1148 2313 1212 2374 quo
1234 2292 1306 2356 iure
1327 2294 1469 2358 oensoris
1490 2301 1599 2377 partes
1621 2294 1682 2360 sibi
1705 2292 1880 2358 adversum
1898 2315 1950 2357 me
1981 2299 2118 2376 arroget

209 2378 335 2444 Mirum
357 2389 468 2467 autem
488 2399 548 2444 our
568 2377 610 2441 ad
632 2376 719 2444 huno
741 2378 898 2462 exiguum
920 2399 1096 2443 numerum
1149 2377 1234 2442 Mihi
1256 2378 1335 2442 satis
1357 2388 1415 2454 est,
1437 2378 1522 2462 quod
1543 2399 1598 2444 me
1632 2387 1760 2445 taeente
1794 2387 1972 2462 agnoseeut
2010 2399 2121 2444 omnes

125 2465 301 2548 restringat
310 2467 511 2546 argumenta,
534 2464 651 2545 quibus
659 2465 850 2547 ooarguitur
861 2484 974 2528 eornm
996 2485 1095 2529 error.
1148 2463 1221 2528 sani
1253 2471 1287 2526 et
1318 2463 1477 2529 moderati
1514 2463 1678 2543 homiues,
1712 2465 1773 2530 sub
1805 2464 1949 2529 eensoris
1983 2484 2122 2546 persona

126 2551 199 2615 Non
221 2551 351 2634 ignorat
367 2571 392 2614 a
408 2547 744 2633 Megdeburgensibus
765 2551 870 2631 posita
891 2550 1097 2632 fuissequin-
1148 2569 1282 2616 saevum
1303 2570 1374 2614 esse
1395 2549 1596 2616 oamifieem:
1620 2550 1701 2615 adeo
1723 2548 1814 2614 foede
1835 2550 1944 2614 omnia
1954 2547 2120 2632 depravat,

126 2637 280 2720 quaginta
301 2654 432 2700 novem:
464 2657 522 2701 our
545 2656 623 2717 erge
651 2634 783 2699 maioris
816 2635 918 2717 partis
946 2634 1039 2700 nulla
1059 2637 1098 2700 llt
1148 2636 1344 2716 eorrumpit,
1369 2643 1526 2719 torquet,
1568 2635 1738 2720 disserpit,
1769 2635 1891 2700 laeerat
1927 2643 1962 2699 et
1991 2635 2119 2700 evertit.

126 2723 262 2787 mentio:
290 2721 354 2787 nisi
377 2722 453 2805 quia
479 2719 580 2786 nodos
607 2719 851 2802 inexplioabiles
878 2721 949 2785 sine
978 2742 1098 2804 magno
1122 2789 1124 2800 ¹
1149 2717 1188 2785 si
1208 2741 1273 2802 qua
1292 2727 1378 2786 esset
1398 2720 1434 2785 iu
1456 2721 1562 2787 bestia
1581 2721 1784 2806 ingenuitas,
1815 2720 1869 2785 vel
1896 2719 2057 2799 doeilitus‚
2080 2720 2119 2786 ab

127 2829 184 2872 suo
212 2806 368 2872 dedeeore
397 2808 558 2891 attingere
584 2827 652 2871 non
678 2813 821 2890 poterat:
850 2815 883 2871 et
904 2805 987 2872 alios
1008 2805 1097 2873 vide·
1122 2809 1125 2859 l
1149 2806 1218 2870 eius
1239 2805 1411 2871 calumniis
1439 2829 1492 2872 me
1518 2828 1709 2892 purgarem:
1737 2805 1793 2872 sed
1827 2807 1905 2889 quia
1932 2816 2047 2871 taurus
2070 2812 2122 2871 est

127 2893 182 2958 bat
202 2895 250 2958 ita
271 2914 342 2958 esse
360 2902 521 2975 exceptos,
544 2900 581 2956 ut
599 2897 673 2972 [pag.
692 2897 746 2970 aa]
769 2893 928 2975 optimum
946 2912 1099 2975 eompen·
1150 2889 1340 2967 indomitus,
1363 2892 1538 2958 laseiviam.
1557 2894 1592 2957 iu
1613 2914 1678 2976 qua
1704 2891 1803 2957 nimis
1832 2892 1987 2967 exsultat,
2015 2893 2121 2958 Besae

128 2978 216 3043 mum
239 2988 326 3045 esset
346 2977 583 3044 dissimulatio?
813 3051 816 3057 ¹
1150 2975 1366 3059 subigendam
1387 2977 1490 3044 trado.
1505 2980 1529 3059 ¹)

192 3387 368 3454 ΟΡΤΙΜΔ
388 3385 628 3454 ΙΝΕΠΝΒΑΕ
652 3343 955 3463 O‘ONOORDIAE
977 3384 1131 3554 RngIlziI),
1154 3385 1201 3554 δὲ
1220 3387 1375 3452 EX'PRA
1397 3384 1762 3454 oouuuualouuu
1785 3387 2097 3467 QUAERA'PUR,

118 3519 123 3526 ·
430 3528 433 3537 ·
1032 3490 1062 3554 ll
1114 3490 1173 3554 'EA
1203 3492 1251 3563 fl
1366 3518 1372 3529 ·
1402 3511 1404 3522 '

214 3667 351 3741 [pmat]
370 3662 421 3726 Ne
439 3661 566 3745 quarel
580 3659 738 3726 dubitatio
752 3660 960 3742 uelsuspioie
973 3681 1101 3726 oonoor·
1237 3659 1354 3744 Itaque
1381 3660 1543 3743 duplieem
1565 3681 1635 3733 esse
1666 3680 1778 3725 eorum
1805 3682 1918 3726 usum:
1949 3667 1987 3724 ut
2013 3679 2122 3725 eoram

129 3750 216 3814 mam
227 3756 376 3814 moretur
385 3756 419 3812 et
429 3747 594 3830 impediat,
611 3747 717 3830 primo
730 3747 800 3811 loeo
815 3745 1035 3812 definiendum
1050 3754 1102 3810 est
1151 3745 1223 3811 Dee
1249 3747 1433 3812 sustineant
1462 3747 1692 3825 eenseientias,
1720 3746 1836 3811 deinde
1863 3766 1974 3812 eoram
2001 3742 2123 3809 mundo

129 3835 168 3900 de
200 3834 317 3917 quibus
339 3834 436 3904 rebus
457 3835 631 3898 eonveniat
658 3833 745 3896 inter
779 3853 847 3896 uos.
892 3832 1100 3914 Numquae
1152 3832 1305 3913 pietatem
1328 3840 1496 3897 testentur.
1809 3875 1815 3891 «
1940 3859 1944 3868 ·

129 3921 223 3986 initio
254 3919 470 3985 certaminum
502 3920 646 3983 maxime
679 3925 916 4001 exasperarunt
947 3919 1100 4000 utrinque
1238 3917 1291 3983 Ad
1314 3917 1394 3983 haee
1415 3917 1534 3995 Deum,
1557 3918 1653 3982 sieuti
1670 3939 1771 3982 verax
1795 3929 1845 3982 ost
1866 3931 1900 3981 et
1920 3915 2043 3993 fidelis,
2067 3937 2119 3980 ar·

131 4007 267 4082 animos,
290 4027 379 4071 nune
397 4015 474 4071 sunt
495 4010 589 4080 extra
614 4005 879 4068 eentroversiam.
925 4000 1098 4068 Odiosissi·
1152 4024 1234 4068 eana
1261 4004 1400 4086 spiritus
1429 4004 1480 4069 sui
1516 4003 1636 4069 virtute
1670 4011 1834 4085 praestem
1862 4001 1947 4085 quod
1972 4001 2120 4068 externis

129 4113 221 4156 mum
249 4099 320 4156 erat
351 4091 392 4155 ab
425 4111 492 4156 una
519 4100 613 4172 parte
644 4090 774 4166 iaetari,
806 4089 933 4172 alligari
965 4089 1099 4170 spiritus
1151 4090 1254 4173 siguis
1275 4092 1408 4173 figurat:
1430 4089 1566 4172 ideoque
1587 4110 1628 4153 ex
1651 4089 1854 4172 parteipsius
1876 4088 1941 4153 Dei
1958 4107 2027 4152 non
2045 4107 2120 4171 pre-

131 4178 271 4262 gratiam
298 4178 442 4243 externis
463 4174 644 4241 elementis:
674 4173 716 4239 ab
742 4175 846 4239 altera
873 4173 969 4238 modo
994 4172 1099 4239 nudas
1151 4177 1227 4258 peni
1249 4195 1353 4240 vaeua
1374 4175 1478 4259 signa,
1501 4173 1557 4239 sed
1580 4176 1749 4247 veritatem
1771 4183 1804 4239 et
1821 4174 1999 4240 effieaeiam
2022 4170 2119 4238 simul

131 4274 165 4328 et
192 4265 307 4327 inanes
335 4263 459 4346 figuras
486 4269 519 4325 et
535 4260 714 4326 theatrieis
743 4260 871 4344 pompis
898 4260 1020 4324 similes
1047 4281 1098 4324 re·
1151 4261 1357 4326 oeniunotam
1375 4281 1454 4326 esse.
1924 4311 1927 4317 .

130 4348 245 4432 linqui.
279 4347 371 4413 Haeo
381 4347 546 4414 eontentio
557 4368 644 4412 nuno
666 4344 795 4410 sublata
816 4346 971 4427 estquis
993 4346 1099 4410 utrin-
1236 4350 1309 4425 [pag.
1339 4351 1393 4424 94]
1427 4347 1556 4411 Rursus
1587 4366 1653 4410 nen
1686 4366 1758 4410 esse
1789 4344 1948 4411 inclusam
1986 4344 2120 4426 spiritus

130 4455 194 4517 que
215 4435 369 4498 fatemur:
537 4466 540 4474 ·
1151 4431 1289 4513 gratiam
1309 4440 1367 4497 aut
1382 4432 1539 4497 virtutem
1551 4432 1823 4515 externissignis:
1843 4432 2120 4514 quieueeaequa·

215 4520 329 4586 Primo
356 4527 560 4584 sacramenta
591 4538 662 4585 esse
696 4537 761 4581 non
801 4515 906 4580 solum
945 4525 1100 4582 externae
1151 4516 1242 4595 litor,
1275 4538 1335 4582 nee
1356 4518 1540 4600 promissus
1562 4518 1711 4583 omnibus
1733 4526 1879 4600 prosunt,
1904 4537 1964 4580 nee
1987 4514 2121 4579 effeetus

128 4605 340 4690 professionis
361 4612 456 4670 notas
478 4624 586 4671 eoram
609 4601 809 4678 hominibus,
832 4600 889 4666 sed
911 4602 1101 4667 testimonia
1152 4605 1250 4668 etiam
1266 4603 1384 4669 eedem
1412 4613 1576 4668 momento
1602 4611 1752 4686 apparet:
1787 4602 1845 4668 sed
1871 4601 1982 4667 Deum
2008 4597 2118 4673 libere,

129 4712 166 4774 ae
188 4698 330 4757 tesseras
352 4690 477 4774 gratiae
488 4689 560 4768 Dei,
578 4699 612 4755 et
623 4689 875 4773 promissionum
887 4686 1003 4771 sigilla,
1016 4709 1100 4771 quae
1151 4697 1249 4770 prout
1268 4690 1376 4754 risum
1397 4698 1457 4766 est,
1479 4689 1691 4755 smmmentis
1711 4689 1769 4767 uti,
1788 4696 1827 4752 ut
1848 4687 1959 4751 electis
1980 4683 2120 4749 admini-

129 4777 228 4843 fidem
251 4785 398 4841 nostram
420 4776 535 4841 melius
557 4777 758 4840 eenfirmeut.
1153 4774 1227 4839 aula
1249 4775 1373 4840 sintin
1395 4774 1542 4850 salutem,
1572 4775 1645 4840 aliis
1666 4774 1750 4840 nihil
1774 4774 1951 4845 senserant,
1977 4767 2121 4851 adeoque

1152 4858 1269 4925 oedant
1289 4861 1324 4924 iu
1347 4861 1490 4925 exitium.

130 4930 697 5063 mt'laelaemsvffiffiwffimss
741 4925 1100 5052 mmmmm
1237 4945 1388 5028 Denique
1418 4952 1620 5012 saoramenta
1647 4941 1931 5026 nihil'prodesse‚
1960 4939 2026 5006 nisi
2058 4936 2123 5004 fide

130 5068 229 5138 legitur
246 5069 352 5137 partim
379 5067 465 5122 Besae
489 5083 572 5120 mauu
595 5068 758 5136 summme,
779 5069 881 5135 partim
908 5064 1023 5120 θαῑνίηί.
1060 5064 1101 5119 Et

129 5137 239 5208 gadau
256 5138 366 5191 initium
382 5138 447 5204 feeit
465 5135 547 5190 Besa.
1220 5132 1250 5198 1)
1276 5133 1342 5187 Vide
1362 5133 1559 5204 habeamus.

1865 5211 1918 5268 aa·
