4776 5844
175 263 231 326 ll'l
956 265 1021 332 AD
1042 261 1387 334 WESTPHALUM.
2112 274 2172 346 lla

173 458 269 527 esset,
299 449 341 514 ad
363 449 449 517 solos
470 450 583 518 fideles
605 451 776 538 rsstn'ngi,
807 453 892 537 quod
914 453 1039 521 Paulus
1065 475 1144 521 oon·
1198 452 1249 519 vel
1267 451 1436 519 blanditiis
1457 453 1644 539 westphali
1674 453 1816 536 aboites,
1846 457 1900 523 vel
1920 457 2173 542 importunitate

172 535 256 602 sulto
277 535 376 601 etiam
394 536 752 618 ineredulis[psg.107]
774 540 898 619 tribuit,
920 563 963 606 ne
984 541 1144 606 donorum
1196 546 1350 619 extortas,
1369 559 1434 605 non
1457 539 1529 606 dioo
1550 543 1629 626 ipse,
1651 540 1708 606 sed
1718 563 1761 608 ex
1772 542 1842 608 eius
1859 542 1964 609 literis
1986 565 2069 628 quas
2085 549 2173 631 apud

172 622 376 688 Deinbusus
403 622 576 707 idemque
601 625 771 708 perierunt
798 624 859 704 illi,
888 626 1026 692 exitium
1050 628 1144 693 nobis
1196 646 1231 692 se
1252 625 1354 692 latere
1376 625 1491 704 noluit,
1513 631 1587 707 [pag.
1610 631 1683 705 110]
1704 626 1816 711 palam
1836 640 1980 713 apparet.
2027 632 2172 699 Tantum

173 720 321 777 aooersat
366 710 459 776 Haeo
480 711 570 775 enim
588 731 717 776 summa
738 721 798 790 eet,
820 733 922 795 quum
943 713 1002 778 toti
1067 713 1144 797 pulo
1197 712 1333 778 leotores
1355 711 1540 795 expendere
1563 712 1677 788 velim,
1705 734 1803 796 quam
1831 715 1995 782 serviliter
2019 717 2173 795 aduletur

173 800 274 865 veteri
296 798 358 864 su'b
379 817 503 862 manus
524 805 558 862 et
574 816 659 879 aqua
680 795 758 861 olim
780 797 888 864 oblata
909 799 1009 864 fuerit
1048 797 1143 875 bristi
1197 797 1310 863 multis
1341 796 1521 877 sodalibus,
1555 797 1634 864 dum
1667 820 1782 865 eorum
1814 800 1884 865 suff
1943 802 1972 866 'a
2004 816 2176 890 surrogat:

172 883 437 961 eommuuioatio,
472 891 505 949 et
531 891 648 948 tamen
682 883 780 948 multi
812 884 884 950 Deo
919 906 986 950 nou
1012 884 1144 967 pleone-
1217 904 1295 948 nam
1328 903 1407 948 vero
1439 884 1558 950 uenter
1589 885 1719 952 ineusso
1752 885 1875 969 pudore
1939 888 1987 953 ios
2025 889 2171 975 instiget.

173 975 247 1051 rint,
269 991 337 1036 nou
360 990 431 1035 esee
449 967 547 1035 hodie
569 967 836 1052 superbiendum,
868 971 922 1036 ubi
943 970 984 1035 ad
1006 970 1144 1036 eandem
1196 904 1323 1035 &mitto
1344 970 1588 1049 oursitationes,
1616 991 1756 1055 quarum
1778 970 1843 1036 hue
1864 993 1968 1056 usque
1989 975 2076 1040 fama
2097 997 2171 1059 per-

172 1057 450 1143 partioipatiouem
473 1054 627 1121 Christus
654 1055 787 1120 invitat:
820 1056 877 1122 sed
906 1055 1046 1121 dandam
1073 1077 1145 1122 esse
1196 1055 1298 1119 venit
1354 1055 1452 1120 Gerte
1478 1057 1556 1139 quia
1587 1057 1752 1123 neminem
1785 1057 1888 1122 latere
1919 1059 2024 1125 voluit
2055 1061 2173 1145 quibus

171 1164 305 1229 operam
333 1153 371 1207 ut
396 1141 629 1207 inaestimabili
655 1140 740 1206 dono
770 1142 823 1225 pie
848 1143 975 1226 riteque
1002 1151 1144 1209 utamur.
1197 1140 1303 1207 modis
1323 1140 1449 1206 subseri
1471 1149 1559 1208 tores
1580 1164 1656 1208 suos
1678 1142 1730 1208 vel
1753 1145 1900 1223 traxerit,
1929 1144 1982 1210 vel
2004 1147 2173 1232 impulerit

172 1231 274 1297 Porro
296 1248 508 1313 quaeeunque
530 1247 572 1292 ex
594 1228 648 1292 Au
694 1228 780 1293 stine
807 1228 996 1295 disorimina
1022 1229 1146 1311 profert
1196 1225 1237 1290 ad
1260 1163 1534 1294 maledicendum:
1568 1228 1645 1294 hino
1673 1249 1799 1312 quoque
1826 1229 1983 1296 indicium
2004 1233 2111 1299 faeere
2132 1234 2174 1299 li-

173 1315 398 1399 Westphalus,
420 1334 486 1379 uon
507 1311 571 1378 olio
592 1321 648 1377 teu
672 1326 735 1377 unt
744 1335 840 1396 quam
863 1323 900 1379 ut
921 1315 1061 1381 soiamus
1080 1316 1146 1398 spi·
1197 1311 1282 1378 oebit
1308 1311 1387 1395 quid
1415 1310 1490 1377 fidei
1517 1324 1721 1388 mereantur,
1736 1336 1849 1380 eorum
1877 1317 2072 1384 testimonia.
2126 1321 2172 1385 Et

174 1401 341 1469 ritualium
362 1399 519 1465 donorum
547 1420 630 1482 quae
658 1398 820 1484 sublege
849 1409 1068 1484 gustaverunt
1088 1421 1145 1484 pa-
1197 1404 1306 1463 tamen
1333 1397 1488 1481 perfriota
1513 1400 1622 1465 fronte
1650 1400 1765 1466 soribit
1792 1402 1896 1471 bonus
1924 1404 1991 1483 vir,
2018 1404 2084 1470 iam
2113 1426 2173 1490 per

174 1499 252 1566 tres,
281 1487 335 1552 rel
361 1482 478 1569 quibus
499 1505 558 1567 pro
581 1485 738 1569 temporis
765 1506 920 1551 mensura
940 1487 1036 1569 potiti
1058 1493 1144 1562 sunt,
1196 1504 1299 1550 annos
1321 1490 1462 1568 quatuor
1487 1487 1614 1550 tamin
1636 1483 1817 1552 Germania
1840 1509 1940 1571 quam
1961 1490 1997 1555 in
2018 1490 2172 1557 Helvetia

172 1572 408 1658 plenitudinem
429 1573 465 1637 iu
487 1569 658 1653 evaugelio
680 1591 753 1636 esse
774 1571 968 1638 exhibitam:
991 1572 1088 1637 monti
1111 1583 1145 1637 et
1195 1570 1354 1722 suffr-egila
1370 1570 1561 1653 oonquirero
1578 1570 1819 1655 eomprobando
1836 1594 1909 1640 meo
1927 1578 2038 1641 errori.
2068 1576 2173 1658 Quasi

173 1657 799 1828 ltltffzlsstllulttlllt
818 1664 1145 1825 stultitiis:
1195 1656 1292 1807 {lli
1314 1656 2024 1812 utliltslltlttitldsllllu
2031 1683 2135 1814 ,133
2136 1684 2171 1814 ’ἓ

173 1833 222 1896 nis
250 1832 423 1913 utriusque
442 1828 633 1894 substantia
657 1843 709 1893 est
736 1827 901 1907 Christus,
935 1850 1001 1894 nou
1034 1830 1143 1895 nmen
1194 1848 1248 1892 me
1270 1826 1402 1894 defensa
1419 1835 1478 1893 est
1510 1826 1653 1907 Seilioet,
1676 1828 1733 1911 qui
1755 1829 1842 1894 ultro
1862 1828 1968 1912 parati
1990 1770 2085 1898 eradit
2102 1837 2171 1901 sin·

174 1916 314 2001 aequalis
341 1925 393 1981 est
421 1916 492 1979 eius
509 1913 687 1979 exhibitio.
740 1913 814 1995 Quo
842 1917 962 1980 iterum
984 1916 1145 1981 evertitur
1195 1913 1263 1997 guli
1283 1933 1401 1997 operas
1423 1935 1499 1980 suas
1509 1915 1665 1991 ooufeme,
1688 1915 1879 1998 supplioiter
1900 1918 2034 1983 fuerunt
2056 1919 2171 2003 dopre-

173 2001 357 2085 Westphali
379 2000 540 2084 impietas,
562 2007 635 2079 [pag.
657 2003 731 2078 108]
753 2001 847 2066 siouti
868 2001 1046 2084 Augustini
1069 2023 1144 2067 ver·
1194 1999 1301 2077 oandi,
1322 2020 1365 2064 ne
1386 2020 1496 2065 meum
1518 2000 1660 2067 offioium
1682 2011 1884 2083 respuerent
1918 2001 1972 2067 De
1994 2003 2172 2074 Germanis

173 2090 220 2158 bis
246 2109 330 2173 quae
357 2087 486 2163 rasitat‚
519 2085 724 2171 impudentis
748 2087 951 2171 ooargoitur:
980 2087 1144 2172 signifioa·
1196 2107 1329 2152 seeurus
1351 2094 1519 2169 exspeoto,
1546 2106 1704 2169 quosnam
1727 2086 1826 2153 huius
1847 2089 2092 2172 eouquisitionis
2113 2091 2172 2157 ad·

173 2177 274 2252 none,
303 2193 371 2238 uon
393 2195 428 2238 re
451 2173 535 2255 ipsa,
564 2171 641 2256 quia
662 2186 742 2237 tuno
764 2173 879 2256 figura,
900 2193 990 2239 nuno
1012 2175 1142 2238 veritas.
1196 2171 1293 2237 dunat
1315 2178 1422 2237 testes
1456 2171 1596 2237 Interim
1617 2171 1688 2239 eius
1705 2171 1896 2240 mendicitas
1916 2179 1991 2254 [pag.
2005 2181 2078 2255 111]
2100 2197 2171 2244 om-

174 2260 276 2343 Qnasi
310 2259 362 2325 vel
391 2258 516 2325 Paulus
545 2260 686 2342 figuram
718 2266 860 2341 opponat
887 2259 1033 2337 veritati,
1065 2258 1144 2325 dum
1195 2257 1292 2323 nibus
1313 2267 1390 2323 nota
1412 2264 1470 2322 est.
1521 2256 1617 2338 Quod
1643 2266 1753 2323 autem
1781 2258 1930 2329 homines
1960 2263 2068 2327 neseio
2089 2284 2170 2345 quos

174 2369 231 2412 nos
252 2346 315 2412 snb
337 2346 441 2430 signis
464 2340 624 2411 similibus
646 2343 792 2409 eiusdem
813 2344 996 2428 spiritualis
1017 2348 1144 2430 gratiae
1196 2355 1319 2422 noetus,
1342 2344 1397 2426 qui
1420 2343 1553 2409 auribus
1574 2353 1767 2422 annuerent,
1795 2366 1830 2411 se
1852 2346 1935 2410 mihi
1957 2345 2067 2414 hostes
2089 2370 2170 2428 esse,

174 2434 248 2498 lauit
275 2439 455 2499 oonsortes:
493 2431 547 2496 vel
575 2430 784 2514 Augustinus
813 2429 1032 2496 differentiam
1066 2430 1143 2496 alibi
1195 2428 1366 2514 magnifiee
1387 2430 1487 2494 iaetat
1508 2429 1592 2494 nihil
1614 2429 1695 2495 mihi
1718 2430 1860 2515 amplius
1881 2442 2015 2512 restare,
2045 2434 2110 2500 uisi
2132 2445 2171 2500 ut

173 2529 279 2602 ponat,
303 2537 401 2601 quam
422 2517 459 2581 in
480 2515 688 2600 signifioandi
710 2514 814 2581 modo.
847 2515 944 2597 Quod
967 2526 1076 2583 antem
1095 2517 1143 2582 di·
1195 2517 1362 2582 eonviotus
1389 2513 1624 2581 obmutesoam:
1657 2516 1735 2598 quia
1766 2517 1849 2581 mihi
1882 2517 2075 2584 adversetur
2102 2529 2171 2587 tota

173 2607 224 2681 rit,
247 2607 276 2668 si
297 2604 393 2669 lioeat
415 2623 535 2687 negare
547 2601 672 2667 Ohristi
694 2621 811 2685 eorpus
832 2603 867 2668 in
889 2622 990 2668 onena
1010 2604 1143 2688 pereipi,
1195 2600 1349 2667 Saxonis.
1394 2600 1466 2685 Ego
1488 2620 1567 2666 voro
1589 2602 1636 2666 ita
1655 2621 1732 2666 oum
1748 2602 1813 2686 piis
1830 2612 1864 2667 st
1883 2603 2033 2669 fidelibus
2044 2605 2170 2672 Christi

173 2691 247 2841 ιι
270 2686 1143 2858 usrrrzssiuuesusuu·
1195 2771 1815 2855 m
1876 2687 2170 2858 ιιιιιιι

173 2871 240 2927 mm
264 2864 299 2927 in
321 2881 437 2942 eoena,
470 2860 548 2943 quia
574 2857 639 2925 fide
659 2879 816 2943 praeseus
837 2869 911 2925 erat·
930 2860 1087 2943 patribus,
1108 2863 1144 2926 iu
1195 2881 1286 2925 eram
1308 2880 1374 2924 non
1396 2877 1515 2941 pausos
1536 2859 1570 2922 iu
1593 2856 1740 2924 Saxonis
1767 2881 1838 2926 esse
1865 2860 1976 2926 doetus
2003 2870 2036 2927 et
2057 2863 2170 2929 eorda·

173 2969 209 3013 eo
229 2959 298 3012 tam
319 2968 356 3013 se
377 2944 520 3030 lepidum
541 2944 747 3011 dialeotionm
769 2945 891 3028 prodit,
913 2967 1011 3030 quam
1033 2947 1144 3014 haete-
1195 2952 1248 3011 tos
1267 2946 1401 3028 sanique
1422 2943 1534 3009 iudioii
1550 2943 1709 3021 homiues,
1732 2944 1819 3028 apud
1840 2966 1921 3028 quos
1943 2947 2093 3013 nonnihil
2113 2972 2170 3015 va·

174 3055 234 3099 nus
267 3033 411 3098 vidimus
442 3029 580 3117 probum
615 3039 649 3096 et
679 3030 810 3097 fidelem
834 3052 916 3098 esso
946 3032 1143 3118 theologum.
1195 3032 1277 3097 leret
1297 3032 1381 3096 ratio
1402 3041 1437 3096 et
1457 3031 1589 3109 veritas,
1611 3029 1760 3096 libellum
1772 3033 2046 3098 meumomnibus
2068 3035 2171 3118 inspi-

173 3119 387 3203 Numquam
417 3117 512 3183 hodie
540 3118 601 3183 sub
629 3119 738 3202 ligura
764 3118 858 3200 panis
886 3117 1026 3184 eundem
1049 3120 1144 3185 uobis
1195 3117 1349 3182 siendum
1371 3116 1483 3185 obtuli.
1527 3114 1675 3199 Superbe
1697 3114 2101 3203 exprobrathstphalus
2118 3142 2171 3185 re·

173 3205 342 3271 Christum
371 3204 480 3270 offerri
508 3212 649 3281 oonstet,
678 3203 735 3285 qui
762 3202 839 3268 olim
869 3204 966 3270 datus
993 3205 1056 3269 fuit
1083 3206 1144 3271 sub
1196 3203 1367 3288 pudiatum
1388 3224 1442 3269 me
1460 3202 1574 3267 fluisse:
1598 3202 1690 3285 quasi
1712 3203 1843 3278 veroin
1860 3223 1914 3268 me
1935 3205 2077 3287 positum
2100 3206 2170 3271 ius·

173 3292 280 3375 ligura
305 3311 459 3368 mannae,
492 3289 589 3374 louge
604 3290 673 3355 vhio
700 3288 830 3355 diversa
858 3290 940 3362 ratio
968 3302 1018 3355 est
1045 3311 1144 3375 quam
1196 3289 1295 3355 ritui
1316 3297 1434 3354 mutua
1459 3289 1547 3352 iuter
1575 3308 1634 3353 uos
1663 3296 1828 3353 eonsuret
1853 3288 2052 3356 humanitas.
2102 3289 2170 3356 Sed

172 3376 312 3443 ooularis
334 3384 500 3460 asperus,
530 3385 561 3440 et
591 3375 676 3440 fidei.
719 3374 866 3459 Ineptias
887 3374 1039 3455 hominis,
1061 3397 1144 3460 quae
1196 3372 1325 3457 quando
1345 3374 1601 3457 suffragatorum
1622 3393 1757 3438 suorum
1776 3395 1913 3439 numero
1934 3375 1982 3440 ita
2010 3375 2171 3460 gloriatur

172 3471 286 3546 sponte
314 3471 527 3540 oranesount,
560 3462 690 3546 longius
717 3462 866 3545 persequi
899 3461 983 3527 nihil
1016 3461 1142 3528 attinet
1195 3459 1421 3542 westphalos,
1444 3469 1481 3523 ut
1500 3457 1584 3523 mihi
1605 3460 1786 3540 praecisam
1807 3481 1877 3525 esse
1897 3460 2042 3544 linguam
2065 3470 2170 3546 putet,

172 3547 238 3614 Sex
262 3548 391 3633 paginis
417 3556 651 3613 nommemorat
677 3546 823 3630 dispares
849 3547 936 3613 inter
961 3547 1045 3632 logis
1071 3555 1145 3629 [pag.
1195 3545 1308 3629 paneis
1329 3544 1440 3611 verbis
1461 3544 1705 3627 exeiperemihi
1727 3545 1837 3610 liceat:
1861 3544 1941 3611 adeo
1959 3546 2021 3612 hae
2040 3549 2171 3632 oouspi·

177 3640 246 3714 109]
270 3642 304 3699 et
324 3633 487 3718 evangelii
513 3641 720 3701 saoramonta
740 3634 845 3699 notari
867 3633 990 3718 gradm
1012 3635 1053 3700 ab
1074 3638 1145 3700 Au·
1196 3633 1322 3697 ratione
1343 3652 1410 3696 non
1433 3631 1532 3697 fuisse
1553 3629 1637 3695 mihi
1648 3631 1786 3696 fraotum
1797 3632 1955 3709 animum,
1979 3643 2018 3697 ut
2039 3633 2170 3699 adeon·

171 3721 312 3804 guetino,
341 3730 378 3784 ut
398 3719 542 3786 taudem
559 3719 732 3786 ooneludat
759 3718 872 3785 eadem
900 3741 971 3786 esse
992 3722 1026 3785 in
1048 3722 1145 3786 rebus
1196 3716 1373 3784 oiliandum
1400 3737 1516 3783 eausae
1553 3737 1646 3781 meae
1671 3718 1813 3783 favorem
1848 3723 1920 3795 [pag.
1943 3724 2016 3796 112]
2049 3740 2169 3804 magno

173 3805 374 3890 signifieatis,
397 3824 465 3869 non
487 3815 596 3871 autem
619 3807 652 3870 in
675 3823 785 3870 rernm
799 3804 1007 3871 exhibitione.
1042 3806 1145 3889 Quasi
1194 3802 1385 3870 redimenda
1406 3802 1487 3868 mihi
1506 3801 1758 3867 luerithomiuis
1777 3801 1949 3868 stoliditas.
1987 3803 2070 3868 Nam
2090 3805 2169 3873 hm

173 3913 249 3957 vero
279 3890 336 3956 ubi
366 3891 484 3956 affeetu
510 3901 599 3957 earet
620 3890 829 3975 signifioatio,
857 3891 946 3956 aliud
974 3892 1018 3957 sit
1046 3914 1145 3975 quam
1196 3899 1293 3954 tenus
1315 3890 1440 3972 putavi,
1461 3888 1548 3972 quod
1576 3888 1675 3953 etiam
1697 3887 1786 3952 iuter
1813 3908 1927 3954 omnes
1949 3891 2071 3970 passim
2093 3911 2170 3956 oon·

172 3997 263 4043 mera
289 3977 425 4044 fallueia
476 3977 636 4042 nouum
665 3975 797 4059 quidem
824 3977 1012 4060 eomplexu,
1040 3979 1145 4044 instar
1198 3976 1303 4052 veuit,
1336 3974 1418 4040 duos
1440 3972 1603 4039 Senoniae
1631 3973 1740 4038 ooulos
1768 3994 1839 4038 esse
1869 3973 2110 4060 Wittebergnm
2139 3986 2172 4042 et

174 4064 291 4148 anguis
312 4064 406 4128 varia
423 4063 572 4139 misosnn,
592 4060 827 4128 absurditatem
847 4063 939 4128 illam
961 4078 1071 4147 tegere
1092 4085 1144 4129 oo·
1194 4061 1354 4144 Lipsiam,
1415 4060 1487 4126 Has
1518 4059 1671 4125 eeclesias
1711 4080 1745 4123 se
1778 4069 1922 4126 tentasse
1954 4060 2172 4145 Westphalus

173 4161 285 4214 natur:
309 4150 456 4233 quisquis
477 4158 585 4214 lamen
608 4148 649 4213 ad
671 4168 805 4231 seopum
827 4148 1073 4228 animadvertet,
1096 4151 1144 4214 fa·
1195 4168 1261 4212 nou
1283 4167 1327 4212 ne
1350 4144 1431 4222 abit,
1458 4146 1523 4210 imo
1552 4144 1752 4210 adulatoriae
1779 4146 1850 4210 eius
1878 4145 1992 4212 literae
2019 4168 2100 4297 (im
2129 4149 2171 4215 ad

2009 4255 2030 4317 p

174 4235 232 4300 olle
265 4233 388 4300 ridebit
419 4234 522 4299 nihilo
554 4234 663 4299 minus
681 4254 767 4298 *esso
798 4232 924 4298 dissidii
954 4235 1041 4300 inter
1073 4237 1144 4300 eius
1196 4233 1237 4298 N.
1261 4242 1294 4297 et
1348 4231 1517 4316 .soriptas
1540 4229 1738 4314 vulgavit,·)
1765 4231 1874 4297 neseio
1901 4231 1978 4314 quid
2044 4256 2083 4298 us
2104 4234 2171 4300 ola·

173 4332 394 4386 eommontum
415 4329 449 4386 et
470 4322 523 4386 Au
558 4321 648 4385 rstini
671 4318 867 4398 doctrinam,
895 4341 992 4402 quam
1019 4322 1060 4387 ab
1083 4321 1143 4387 hoe
1196 4321 1316 4384 mitent
1336 4337 1436 4401 quam
1457 4319 1484 4382 si
1507 4319 1648 4402 ingenue
1670 4317 1834 4400 professus
1846 4328 1933 4383 esset
1953 4320 2115 4401 repulsam
2134 4340 2170 4384 se

174 4419 284 4472 saneto
307 4407 453 4484 duotore,
473 4427 524 4472 ⁴re
558 4406 691 4493 Suetus,
720 4405 772 4470 vel
799 4406 884 4470 alius
911 4407 1072 4490 quispiam
1100 4428 1143 4473 ex
1195 4406 1294 4470 luisse
1329 4422 1471 4488 passum.
1494 4453 1497 4462 .
1521 4403 1617 4467 Nune
1639 4413 1712 4486 post
1744 4411 1856 4468 erutos
1888 4404 2013 4480 oeulos,
2046 4405 2170 4486 reliquo

173 4492 226 4557 illa
248 4492 468 4577 sophistarum
489 4492 623 4558 eohorte
645 4491 816 4574 disnrepat.
861 4493 971 4575 Atque
993 4493 1142 4559 haeera·

174 4578 216 4643 tio
245 4586 313 4657 eat,
342 4598 401 4678 ω
428 4588 478 4643 wt
499 4578 642 4643 hominis
668 4579 870 4678 maneti&
885 4578 1065 4678 relinquam
1093 4580 1143 4679 ip·
1194 4647 1327 4712 serswnes
1345 4646 1379 4700 nb
1397 4646 1458 4712 ipso
1480 4642 1648 4711 conquisitos
1665 4644 1778 4697 iunctim
1796 4643 1931 4712 emlgeor't
1962 4642 2122 4696 coronella
2139 4650 2171 4696 ut

173 4675 294 4816 mg,
323 4685 401 4747 qura
421 4664 551 4742 eadem,
579 4685 642 4746 qua
669 4684 724 4728 eas
747 4664 900 4749 effutivit,
928 4663 1060 4729 levitate
1082 4664 1143 4729 dri·
1195 4713 1355 4836 ‘mm
1367 4684 2169 4848 wmfflmfflgglw‘gssalffijffl·

1194 4857 1278 4905 earet.
1344 4874 1347 4882 Α

258 4921 366 4987 Venio
388 4943 474 4996 nuno
503 4921 545 4987 ad
573 4922 790 4987 confessiones
813 4923 997 4997 Saxonum,
1013 4924 1038 5003 ¹)
1064 4943 1145 5003 quas
1265 4918 1292 4987 ⁸)
1313 4920 1382 4973 Suel
1405 4925 1461 4972 lm
1484 4917 1635 4985 Wmebsslv'
1655 4903 1787 4998 trimae,
1806 4917 1844 4968 ad
1862 4918 2025 4996 Ammo!
2042 4920 2169 4987 κηρία,

483 5005 486 5013 ¹
789 5034 791 5039 .
1196 5005 1266 5058 quoe
1282 4989 1408 5070 leguntur
1425 4988 1443 5043 l,
1462 5004 1483 5041 r.
1502 4988 1531 5041 B.
1549 4988 1573 5054 1,
1590 4985 1615 5052 2,
1633 4986 1658 5039 3.
1701 4985 1864 5053 suspicatur
1889 4984 1990 5039 Noster
2013 4984 2089 5036 ellum
2111 5002 2168 5040 ree-

591 5090 596 5098 ·
1358 5057 1555 5112 adboraullor
1571 5072 1605 5111 oe
1654 5057 1707 5109 ress
1741 5056 1788 5108 oia
1805 5052 1911 5121 alioqui
1926 5054 2039 5109 nomino
2054 5069 2110 5106 oon
2129 5062 2172 5110 to·

200 5194 207 5207 ‚
241 5125 270 5192 1)
295 5125 393 5180 Inruit
414 5127 512 5208 librum
539 5126 743 5210 andeburqoe
764 5144 790 5181 o.
815 5125 881 5209 lbbl
903 5126 1061 5182 salmosa
1092 5142 1146 5196 quo
1196 5127 1303 5207 ouban.
1339 5125 1499 5207 Mediocris
1524 5132 1615 5180 tomen
1673 5131 1729 5190 sup
1767 5122 1822 5174 lum
1843 5122 1937 5188 potiar
1957 5120 2108 5184 Samonium
2126 5125 2169 5179 in·

176 5191 346 5263 beetptolus
361 5195 542 5263 plurimorum
557 5203 746 5252 minutorum
765 5195 905 5252 Sarmens
925 5197 1068 5263 susm
1085 5211 1146 5250 eoo·
1193 5193 1321 5260 sertorem
1339 5201 1479 5250 uomere.

276 5280 387 5335 osma
401 5297 491 5351 epea.
533 5283 589 5337 roz.
611 5281 665 5337 rx.
1933 5274 1965 5327 u
2082 5254 2083 5259 '
