4724 5886
213 278 335 346 mv
821 274 1094 354 ansouldus
1116 271 1650 342 55555051515150555.

217 473 358 551 putaret,
388 463 588 548 subripuisse
609 461 698 528 idem
720 485 791 530 sero
819 462 959 528 nimium
982 471 1118 546 questus
1139 470 1197 532 est
1241 462 1325 529 Inde
1341 462 1509 529 Lutetiam
1532 481 1694 541 55555555,
1716 480 1794 527 mox
1816 460 2051 546 aBiturigibus
2068 466 2216 541 vocatus,

158 614 161 620 ·
217 578 304 663 apud
326 599 381 644 cos
402 597 463 661 per
484 583 610 660 septem
632 594 735 641 annos
762 574 814 641 ius
842 575 970 658 publice
996 574 1113 643 decuit.
1165 572 1629 642 (1555555515155551155515
1651 572 1789 640 (1515155
1815 580 1945 639 suetum
1974 571 2215 653 commercium,

217 692 312 774 eique
333 685 606 773 frequentissimis
627 693 660 752 ct
681 685 873 753 adulatoriis
894 687 999 754 literis
1020 686 1081 753 sub
1102 685 1195 753 Petri
1216 684 1336 753 Roehii
1358 686 1433 752 fiete
1454 685 1587 752 nemine
1615 683 1858 751 observantium
1877 690 2028 765 testatus,
2055 691 2215 768 15555551

216 801 304 868 filius
324 800 410 884 patri
432 819 562 866 omnem
584 798 802 882 suspicionem
823 800 941 864 mutati
958 798 1060 863 animi
1083 820 1103 864 5
1123 819 1158 865 55
1181 796 1344 881 depellere
1366 796 1553 876 conabatur,
1577 794 1655 861 dum
1676 796 1787 879 palam
1797 795 1839 862 ud
1849 795 2088 880 pontificiorum
2107 802 2217 862 castra

217 936 252 981 se
274 911 380 979 denuo
402 911 570 994 receperit.
615 909 711 975 Tales
733 909 848 976 literas
870 930 946 975 oum
966 909 1087 975 Rechii
1107 909 1241 977 nomine
1262 915 1392 974 exstare
1414 915 1515 993 negat
1535 908 1574 974 Ρ.
1596 908 1714 994 Henry
1737 907 1917 992 (111555),
1939 908 1976 973 in
1998 927 2061 991 quo
2083 907 2215 992 egregie

216 1025 342 1091 fallitur
365 1023 428 1088 Vir
449 1020 667 1089 doctissimus.
710 1022 859 1087 Exstant
886 1023 974 1087 enim
1001 1021 1163 1104 plurimae
1189 1027 1259 1086 tam
1285 1020 1464 1103 impressae
1496 1041 1597 1104 qnam
1624 1040 1727 1085 manu
1752 1021 1900 1103 scriptae.
1950 1018 2099 1084 Tandem
2128 1040 2216 1084 anno

221 1140 303 1201 1556
325 1133 440 1201 relicta
461 1130 618 1200 cathedra
641 1132 847 1218 Biturigensi
868 1133 987 1198 iterum
1010 1132 1183 1199 Genavam
1205 1131 1285 1197 adiit
1306 1138 1340 1197 et
1360 1153 1381 1196 5
1402 1130 1540 1198 Calvino
1561 1131 1706 1215 primum
1728 1132 1838 1198 minus
1859 1130 2037 1197 elementer
2058 1137 2217 1215 exceptus

215 1266 293 1312 mox
320 1255 432 1312 tamen
459 1246 629 1310 incautum
653 1244 802 1328 placavit.
846 1243 930 1310 Indo
951 1245 1211 1330 Argentoratum
1232 1242 1359 1310 delatus
1380 1263 1456 1310 eum
1477 1243 1605 1309 Buoero
1626 1249 1773 1309 55555551
1794 1239 2064 1310 consuetudinem
2090 1242 2217 1308 155555-

215 1359 310 1424 ravit
354 1357 526 1423 Postremo
547 1355 787 1440 Heidelbergae
807 1376 867 1439 per
888 1355 1013 1440 aliquot
1033 1377 1145 1437 annes
1160 1356 1195 1422 in
1217 1354 1382 1422 academia
1401 1355 1547 1439 palatina
1566 1356 1758 1440 professoris
1785 1355 1867 1421 iuris
1894 1375 2031 1421 munere
2053 1374 2122 1419 non
2143 1354 2216 1420 sine

214 1467 310 1535 laude
331 1467 504 1534 defunctus
525 1476 583 1533 est.

368 1577 452 1645 Inde
474 1576 608 1644 tandem
625 1598 712 1643 5555
737 1581 816 1642 1561
841 1578 881 1645 ab
904 1579 1055 1655 Antonio,
1073 1600 1151 1664 rege
1172 1579 1342 1644 Navarrae
1364 1578 1400 1642 in
1422 1577 1569 1644 Galliam
1591 1585 1761 1646 revocatus
1790 1587 1841 1644 est
1867 1579 1924 1661 qui
1946 1599 2049 1664 regne
2069 1577 2111 1643 ab
2133 1577 2214 1647 His*

213 1692 309 1777 panis
330 1690 495 1775 spoliatus,
518 1711 572 1755 res
594 1711 671 1756 suas
693 1709 772 1773 pace
796 1710 873 1758 eum
900 1691 1052 1774 pontifice
1078 1691 1165 1757 15555
1192 1698 1378 1756 restaurare
1406 1688 1556 1772 cupiens,
1585 1689 1754 1756 hominem
1780 1688 1911 1757 doctum
1933 1698 1967 1755 ct
1988 1697 2158 1757 versutum
2179 1689 2216 1755 in

214 1803 387 1872 consilium
408 1801 564 1867 adhibere
585 1800 699 1881 551515,
721 1802 813 1868 55155
835 1823 895 1885 epa
917 1801 1092 1869 catholicos
1117 1808 1151 1867 55
1171 1808 1390 1886 protestantes
1411 1797 1521 1865 media
1540 1799 1680 1884 quadam
1701 1802 1843 1867 formula
1863 1801 2030 1887 proposito
2050 1802 2215 1869 consocia·

212 1924 272 1983 ret.
304 1915 446 1980 Factum
466 1913 528 1978 hoc
550 1920 601 1979 est
622 1933 660 1978 eo
682 1920 828 1996 tempere
850 1934 914 1997 quo
936 1912 1192 1999 reginaGalliae
1204 1911 1387 1978 (1551151155
1399 1911 1569 1978 1151155515
1590 1913 1836 1979 similiamolita
1858 1914 1945 1980 51555
1963 1912 2074 1980 doctos
2090 1914 2216 1979 555155·

214 2047 277 2112 555
297 2026 399 2111 partis
421 2022 463 2088 ad
484 2023 680 2108 colloquium
704 2025 913 2091 Possioeense
934 2025 1160 2110 congregavit,
1189 2031 1223 2090 et
1244 2043 1309 2108 quo
1332 2022 1385 2090 551
1405 2023 1469 2107 ipsi
1499 2023 1648 2090 factionis
1669 2046 1824 2091 romanae
1845 2024 2022 2109 coryphaei
2045 2022 2086 2089 ad
2107 2025 2214 2091 eonci-

213 2136 340 2204 liandes
362 2136 488 2203 animes
509 2156 545 2201 55
566 2142 698 2219 paratos
728 2157 798 2201 esse
826 2135 1032 2204 simulabant
1081 2134 1284 2216 Balduinus‚
1311 2141 1351 2199 55
1380 2135 1441 2201 1155
1461 2135 1655 2202 1555155551
1678 2157 1777 2221 55551
1799 2135 2114 2210 commodissime'et
2134 2157 2216 2221 pru·

214 2248 404 2316 deotissime
421 2254 665 2331 exsequeretur,
688 2247 869 2333 Georgium
890 2246 1111 2315 Cassandrum
1132 2247 1299 2313 Batavum
1321 2245 1362 2313 de
1384 2246 1618 2314 conscribenda
1639 2247 1697 2313 5511
1719 2249 1860 2315 formula
1881 2248 2076 2329 sollicitavit,
2104 2247 2215 2314 virum

213 2361 388 2426 honestum
410 2367 445 2426 ct
462 2357 654 2425 concordiae
675 2359 898 2426 restituendae
920 2358 1205 2426 studiosissimum.
1250 2356 1318 2440 Qui
1339 2358 1433 2425 nulla
1454 2379 1545 2424 mora
1566 2359 1738 2426 1515515555
1758 2359 1906 2426 libellum
1928 2361 2121 2445 consempsit
2142 2361 2214 2433 sine

214 2472 346 2538 nomine
367 2471 490 2536 autoris
512 2478 546 2535 et
567 2470 767 2555 typographi
789 2470 962 2551 edendum,
985 2472 1037 2538 551
1060 2470 1193 2536 51551551
1215 2471 1291 2537 15515
1312 2470 1418 2538 huuc:
1458 2469 1636 2553 1155111515
1659 2472 1713 2554 511
1740 2491 1778 2537 oc
1799 2471 1947 2553 55111555
1973 2471 2216 2554 cooperatoris

214 2604 283 2650 vere
304 2583 442 2649 omentis
463 2583 527 2647 ciri
548 2583 582 2647 15
603 2583 658 2648 boo
678 2581 842 2666 religionis
863 2583 1006 2649 11551115.
1050 2583 1151 2649 Hune
1167 2581 1317 2648 libellum
1337 2580 1489 2648 Basilcae
1511 2604 1538 2648 5.
1566 2587 1644 2646 1561
1675 2583 1871 2666 impressum
1898 2603 2010 2648 mense
2037 2581 2214 2667 septembri

212 2693 398 2761 Balduinus
419 2694 590 2759 Lutetiam
611 2693 732 2773 attulit,
753 2693 837 2759 nihil
858 2695 926 2760 iam
946 2695 1155 2778 profuturum
1177 2692 1218 2759 ad
1240 2692 1478 2760 conciliandam
1499 2715 1622 2777 paoem,
1652 2694 1710 2761 sed
1735 2695 1827 2761 cuius
1848 2695 2077 2761 refutationem
2100 2693 2214 2761 calvi-

214 2805 386 2871 555111155
409 2826 583 2890 aggressus
615 2813 666 2872 est
687 2826 725 2871 eo
747 2804 868 2890 scripte
890 2803 976 2889 quod
997 2806 1103 2890 primo
1124 2805 1193 2871 loeo
1214 2804 1348 2872 exhibet
1368 2804 1485 2888 capitis
1506 2804 1605 2872 huius
1627 2807 1766 2873 rubrica
1811 2805 1864 2872 Ι)5
1887 2828 1950 2890 555
1972 2806 2081 2890 accipe
2103 2803 2213 2872 Cella·

215 2916 294 2983 doni
315 2916 508 2983 relationem
527 2917 574 2984 sie
596 2916 778 2983 narrantis:
816 2916 997 2983 L’eeeociort
1018 2918 1100 3001 po'ii
1120 2921 1171 2982 551
1190 2916 1229 2981 15
1250 2936 1405 2999 oomposer
1425 2916 1499 2982 ledit
1519 2917 1609 2984 lieret
1626 2917 1679 2999 151
1699 2937 1760 3001 poe
1780 2917 1847 2984 lora
1868 2938 1913 2982 55
1932 2918 2051 2984 5511515
2075 2915 2214 2983 Pedonia

215 3049 248 3094 55
268 3028 326 3094 mit
346 3032 393 3094 55
406 3032 510 3107 55551,
538 3032 611 3095 dest
631 3027 791 3111 Frorpois
811 3027 977 3096 Bobioio:
1004 3026 1101 3111 15551
1127 3048 1166 3094 oe
1186 3031 1330 3112 5555555
1354 3046 1417 3093 555
1439 3028 1517 3111 ptos
1544 3030 1704 3096 demeurer
1731 3049 1769 3094 55
1795 3048 1856 3095 orte
1881 3029 2013 3114 15115155
2040 3029 2131 3112 55155
2152 3048 2214 3092 one

206 3140 309 3224 place,
330 3161 351 3206 o
372 3138 489 3224 obocpe'
509 3140 548 3206 15
569 3140 712 3206 demeare
733 3139 1179 3225 5155511115551155555551
1206 3159 1264 3222 poe
1285 3143 1354 3206 1555
1376 3139 1421 3206 tes
1441 3140 1543 3220 iocre,-
1570 3144 1599 3204 et
1624 3141 1663 3206 de
1689 3141 1823 3226 religion
1838 3140 1974 3224 poeria
2001 3141 2104 3206 515155
2132 3139 2211 3203 treis

210 3252 283 3335 1515.
328 3251 361 3318 Α
383 3252 415 3317 15
431 3251 559 3336 porfiro,
585 3255 716 3336 rs’oyoot
735 3253 816 3335 pios
837 3251 874 3318 15
894 3252 1064 3318 5555515555
1086 3250 1253 3334 operire,
1280 3254 1352 3316 e’cet
1383 3251 1481 3336 roupi
1508 3250 1600 3319 1555
1625 3254 1759 3318 5515155
1786 3253 1918 3339 55115155
1942 3250 2079 3336 porcille
2100 3249 2212 3316 icelle

212 3366 266 3432 dec
287 3363 455 3432 5155511155
473 3362 634 3448 repetiere,
656 3363 788 3447 boquels
810 3368 915 3430 551555
935 3384 973 3430 en
991 3362 1117 3449 5555151
1135 3361 1315 3428 5551151155
1337 3362 1358 3426 b
1379 3367 1448 3428 aas
1469 3362 1514 3428 lea
1535 3368 1642 3428 autres
1662 3364 1701 3430 15
1721 3363 1790 3430 leor
1809 3385 1900 3449 rorp,
1923 3363 2081 3446 1551551515
2103 3360 2212 3445 quood

213 3478 239 3543 11
259 3481 304 3543 551
325 3476 465 3559 predica
486 3476 524 3541 de
545 3473 819 3556 learportioolier
839 3474 960 3557 551551
978 3475 1096 3542 moires
1117 3494 1155 3539 55
1176 3495 1208 3539 ee
1227 3475 1284 3555 551
1305 3478 1350 3539 551
1377 3479 1574 3558 5555155555
1593 3493 1681 3556 pour
1707 3474 1751 3541 155
1771 3475 1905 3557 moines,
1931 3482 1960 3542 51
1985 3479 2050 3541 tout
2074 3494 2118 3539 oo
2139 3494 2211 3539 555-

213 3589 313 3654 troire
333 3609 366 3654 55
385 3588 453 3671 sont
474 3587 624 3654 ceorliers
645 3587 753 3671 55551
773 3587 806 3651 15
826 3588 975 3654 moreris
995 3585 1127 3652 1555551
1141 3606 1207 3668 peo
1226 3585 1394 3668 focoroble.
1419 3585 1538 3652 ⁴Aiaci
1558 3607 1592 3652 ce
1607 3585 1665 3652 155
1681 3604 1877 3671 5555555555
1897 3587 2036 3654 1515515
2051 3585 2213 3669 paneros

217 3719 331 3767 comme
351 3699 396 3766 155
417 3704 532 3780 autres,
555 3703 583 3764 et
604 3697 669 3780 5115
691 3698 785 3781 qo’oa
808 3699 918 3780 55151
938 3697 1124 3780 1511115555
1143 3718 1175 3764 55
1193 3718 1231 3762 55
1245 3698 1314 3777 fast
1335 3697 1356 3762 ὰ
1377 3697 1434 3763 boo
1456 3698 1583 3778 5551551,
1601 3718 1639 3763 en
1660 3722 1681 3762 o
1703 3700 1801 3780 prins
1823 3699 2002 3766 55515555
2022 3704 2051 3764 et
2071 3698 2146 3766 15115
2165 3718 2212 3762 rc·

213 3810 344 3877 misrior
366 3810 403 3874 15
425 3830 481 3875 son
502 3830 567 3894 roy,
583 3830 669 3892 poor
689 3814 812 3876 reotrer
832 3831 871 3875 55
889 3829 982 3895 proce
1002 3810 1041 3876 15
1060 3829 1099 3875 55
1123 3807 1276 3875 1151551511
1297 3814 1325 3875 51
1346 3809 1400 3875 dec
1419 3806 1622 3890 cardinato,
1650 3810 1793 3894 15555515
1805 3832 1891 3894 poor
1911 3833 1968 3879 555
1987 3811 2113 3879 1515155
2132 3809 2211 3875 moi

213 3920 337 3986 berrii
358 3925 403 3986 est
423 3921 539 3987 155555
560 3922 686 3988 5551555.
722 3920 785 3986 5111
805 3925 850 3987 est
868 3922 945 3988 1555
966 3922 1106 4004 55551155
1126 3920 1271 3986 15551155
1290 3925 1393 3986 matre
1413 3941 1500 4000 5555,
1522 3921 1605 3986 troili
1626 3921 1655 3988 15
1674 3922 1817 3988 amilcar
1834 3923 2007 4006 cotidiene
2028 3921 2072 3988 do
2092 3921 2211 3989 555515.

215 4031 305 4097 Meis
326 4031 495 4098 51155155
516 4033 596 4098 coste
616 4034 642 4099 1
662 4034 735 4117 [aot
755 4033 991 4100 e’occcmrroder
1011 4033 1033 4097 ὰ
1052 4052 1129 4098 cerm
1150 4033 1206 4115 551
1226 4036 1293 4097 5551
1313 4052 1426 4100 eorm
1446 4037 1530 4097 entre
1555 4033 1738 4117 15551555,
1766 4040 1795 4100 et
1822 4056 1856 4100 se
1876 4039 2001 4101 5551551
2025 4035 2063 4101 de
2083 4034 2164 4100 tenir
2185 4033 2214 4098 15

217 4144 340 4223 melico,
372 4142 472 4209 51555
499 4143 528 4209 le
555 4143 613 4210 155
634 4145 753 4212 homme
780 4144 891 4211 crocle
915 4144 961 4210 155
985 4143 1206 4226 reformatione
1231 4143 1423 4229 1511151155
1445 4144 1600 4211 11555155
1630 4151 1659 4212 51
1678 4147 1773 4229 porte
1792 4146 2003 4213 5511555551
2022 4146 2061 4212 15
2076 4146 2214 4212 eertoiec

216 4255 303 4323 5155.
341 4252 440 4320 Υ11515
462 4258 533 4321 e'eat
553 4275 631 4322 5555
651 4257 773 4324 1555155
793 4278 838 4323 55
852 4255 1026 4341 principat,
1047 4261 1076 4320 et
1094 4254 1245 4322 1511515551
1264 4255 1424 4338 1515551515
1443 4277 1502 4339 poe
1522 4262 1586 4323 toot
1606 4258 1724 4324 1155555
1742 4258 1799 4341 551
1818 4278 1857 4323 55
1877 4257 1905 4322 le
1922 4258 2117 4342 5555515151
2131 4277 2213 4339 per·

212 4368 309 4435 555511
329 4366 407 4448 qao
432 4366 561 4449 porlost
580 4367 601 4430 1
622 4366 680 4434 boc
700 4370 820 4452 5551551,
841 4372 869 4434 et
890 4389 952 4434 555
967 4367 1059 4451 point
1073 4388 1159 4451 poor
1179 4388 1212 4434 55
1230 4367 1316 4450 seire
1336 4368 1445 4434 551515.
1491 4367 1532 4435 Oe
1550 4370 1660 4455 potant
1674 4391 1761 4453 poor
1780 4389 1837 4434 555
1857 4369 1959 4435 551515
1978 4390 2016 4434 55
2034 4369 2214 4453 1551111555

217 4481 284 4547 155
308 4478 459 4544 156115
480 4483 645 4545 55115555
666 4485 762 4545 55551
783 4502 829 4547 oo
857 4479 1083 4548 1155151515
1109 4481 1239 4546 mutiero
1264 4500 1342 4546 5555
1368 4501 1472 4547 oseam
1498 4502 1584 4561 5551,
1616 4482 1638 4546 b
1665 4481 1780 4546 i'ierrre
1805 4499 1919 4546 5555555
1946 4501 1990 4547 oo
2014 4482 2151 4565 55115555
2177 4480 2216 4546 de

219 4591 342 4675 Poisey.
397 4588 510 4657 051515
537 4591 732 4675 5555155551
758 4591 931 4659 1151551155
956 4592 1051 4658 dece
1076 4592 1295 4673 moiteoreoc,
1322 4593 1481 4676 respondit
1507 4592 1689 4659 brievemcnt
1713 4610 1826 4657 555555
1852 4592 1879 4657 a
1904 4594 1988 4659 55511
2013 4595 2215 4675 5551515551,

216 4705 301 4770 orob
320 4703 386 4786 sert
400 4703 693 4784 55555ρωὶ55551
712 4706 740 4767 51
760 4702 898 4769 1555551
917 4704 1064 4787 55515555
1083 4705 1224 4770 51515155
1245 4704 1266 4769 ὰ
1287 4703 1373 4788 55155
1393 4705 1555 4788 5111551511
1569 4702 1833 4787 principalement
1852 4704 2009 4787 ooolpuble
2027 4707 2067 4774 15
2087 4725 2119 4772 oc
2138 4706 2214 4772 5151

217 4813 321 4881 Vides
343 4834 419 4880 oum
441 4812 482 4879 de
499 4812 611 4879 libelle
633 4836 653 4880 5
672 4812 838 4880 Balduine
858 4815 1051 4882 Pessiaonm
1071 4816 1200 4900 perlato
1216 4817 1264 4882 ita
1282 4816 1373 4900 loqui
1394 4817 1489 4901 quasi
1506 4817 1561 4883 hio
1582 4815 1653 4899 ipse
1672 4822 1768 4879 antor
1788 4816 1913 4897 fuisset,
1941 4816 2216 4902 quemadmodum

218 4933 252 4992 et
274 4926 433 4993 Calvinus
455 4927 491 4992 in
512 4926 722 5010 responsione
744 4946 805 4992 sua
826 4947 902 4992 eum
922 4926 985 4992 hoc
1004 4929 1139 4993 nomine
1160 4927 1244 4993 nihil
1266 4926 1419 4994 dubitans
1439 4928 1612 5013 impetivit
1656 4925 1784 4992 Verum
1805 4926 1842 4993 in
1864 4928 1945 4995 Vita
1966 4929 2097 4996 0515151
2114 4930 2216 4998 latino

220 5038 342 5123 scripta
364 5039 455 5104 Beza
474 5039 586 5104 555155
606 5045 640 5104 55
661 5037 789 5105 5555155
810 5036 1012 5104 Balduinum
1034 5061 1054 5105 a
1076 5038 1252 5106 Gordinale
1278 5039 1491 5107 subornatum
1519 5047 1553 5106 et
1572 5037 1765 5104 Navarreno
1792 5040 1889 5106 malis
1915 5040 2042 5108 artibus
2064 5043 2216 5110 concilior

173 5154 175 5161 '
218 5154 291 5214 tum
313 5147 392 5216 dicit
411 5148 558 5216 libellum
580 5149 745 5234 quendam
767 5151 837 5217 5155
859 5149 1025 5216 5555155
1046 5152 1155 5235 petius
1177 5171 1198 5215 5
1219 5149 1406 5218 Oassondro
1427 5149 1568 5234 quodam
1590 5149 1715 5217 editum
1732 5152 1768 5217 in
1790 5152 1865 5219 aula
1887 5151 2080 5236 venditasse,
2112 5156 2218 5222 15555·
