4724 5886
235 284 319 361 ῘΝΙ
815 291 1085 361 ’111501511ΰὸ
1107 292 1638 361 155550515111111011115.

241 481 404 550 indicasse
425 480 557 548 videtur
577 482 632 549 ubi
654 482 713 546 iste
733 502 830 564 quem
850 480 961 546 innuit
981 480 1138 547 articulus
1158 480 1352 548 inserendus
1372 489 1451 547 erat
1489 480 1579 564 Quid
1600 480 1661 549 sibi
1683 481 1763 549 haee
1784 481 1920 550 volunt?
1951 483 2040 549 Num
2062 482 2226 565 mucules

238 614 319 678 quos
342 592 399 658 ille
420 591 610 660 inserendos
629 593 664 658 15
685 592 790 659 olbam
810 593 951 674 apetiam
975 591 1062 671 dicit,
1089 613 1144 659 eos
1171 594 1259 676 ipsos
1285 613 1356 659 esse
1382 591 1495 659 credes
1522 593 1578 677 qni
1604 611 1692 659 nune
1718 593 1756 659 in
1781 614 1914 679 corpore
1940 593 2161 674 confessionis,
2189 596 2224 662 in

236 702 345 775 codice
367 704 530 790 leguntur,
553 703 621 771 scil.
643 703 739 769 xvl.
760 702 875 769 XVII.
896 703 1029 783 XVHI,
1052 701 1092 769 de
1116 723 1216 770 coena
1232 711 1268 771 et
1286 705 1482 788 magistratu
1498 703 1629 787 politico
1650 704 1849 771 11551551551
1885 703 1978 787 Quae
1998 712 2049 772 est
2068 707 2226 773 Bonnetii

239 817 410 882 sententia
450 816 506 881 An
527 836 606 881 vere
629 815 738 898 potius
759 814 945 881 aestimabis
968 834 1044 879 eum
1065 821 1170 881 certos
1191 815 1344 882 articulos
1364 814 1461 882 hodie
1482 814 1666 900 deperditos
1688 815 1851 883 schedulis
1871 815 2064 900 quibusdam
2084 838 2145 901 pro
2165 840 2225 885 suo

238 949 328 994 more
355 927 556 1010 inscripsisse
583 933 622 992 nt
639 924 684 990 'in
710 946 798 991 novo
826 925 935 1010 aliquo
962 924 1142 1009 exemplari
1168 928 1304 992 cacteris
1331 924 1528 993 adderentur
1554 926 1595 992 ab
1623 926 1842 993 amanuense?
1885 927 2003 996 Utrum
2028 930 2225 996 sententiam

238 1039 410 1124 amplexus
430 1038 540 1117 155115,
566 1037 700 1105 fumans
726 1042 854 1120 oportet
880 1035 933 1101 1115
958 1034 1078 1101 talibus
1106 1028 1370 1105 annotationibus
1396 1038 1505 1102 minus
1530 1037 1696 1120 probabile
1721 1039 1794 1106 fieri
1815 1037 1990 1105 Oalvinnm
2015 1040 2119 1124 ipsius
2145 1061 2225 1108 con·

238 1150 386 1218 fessionis
405 1157 552 1216 autorem
573 1150 682 1215 151555.
727 1146 801 1229 Quo
822 1148 910 1213 enim
931 1154 1025 1230 pacto
1046 1148 1076 1213 is
1097 1148 1271 1214 formulam
1292 1148 1496 1215 conscribere
1522 1150 1675 1232 potuerit,
1703 1150 1738 1215 in
1765 1170 1831 1233 qua
1857 1171 1976 1218 coenae
2003 1150 2164 1219 institutio
2190 1161 2226 1219 et

237 1261 488 1348 magistratuum
510 1262 668 1327 autoritas
693 1261 835 1344 primum
862 1259 991 1325 silentio
1018 1259 1214 1342 praeteritae
1241 1259 1445 1343 postmodum
1473 1258 1603 1325 5551551
1631 1261 1724 1345 quasi
1749 1263 2066 1346 supererogatorium
2093 1263 2225 1347 aliquod

238 1395 321 1459 epus
350 1374 560 1453 accesserint,
588 1379 625 1437 tu
652 1371 777 1450 videas,
804 1392 864 1437 nos
890 1371 1025 1436 minime
1052 1369 1276 1456 intelligimus.
1326 1371 1373 1436 At
1399 1393 1477 1437 vere
1506 1371 1595 1440 idem
1626 1370 1812 1451 dicendum,
1841 1373 1869 1439 si
1897 1373 2055 1458 scriptum
2083 1375 2226 1442 alienum

237 1485 359 1551 Noster
380 1483 571 1568 simpliciter
591 1481 775 1549 annotando
796 1481 1010 1566 complevisse
1033 1481 1189 1548 videatur.
1229 1482 1316 1548 Nam
1337 1494 1370 1548 51
1386 1481 1588 1550 Ρ5115155555
1609 1483 1687 1548 15115
1709 1483 1917 1550 nullomodo
1938 1483 2089 1553 omittere
2110 1495 2224 1569 potue-
2290 1556 2299 1573 ,

236 1603 326 1661 1551.
359 1595 451 1679 Ergo
463 1594 565 1661 donec
576 1593 712 1660 meliora
734 1593 950 1673 edocebimur,
973 1593 1008 1658 in
1030 1592 1093 1659 hac
1109 1593 1310 1661 confessione
1332 1614 1415 1678 quae
1437 1593 1567 1661 Oulvini
1588 1602 1684 1661 erant
1702 1594 1799 1661 hodie
1819 1593 1997 1663 desiderari
2017 1598 2223 1665 arbitramur.

220 1705 578 1772 Ι(15515151551151115
606 1716 639 1770 et
665 1713 857 1799 argumento
883 1704 947 1789 ipsi
973 1705 1074 1770 totius
1101 1704 1259 1771 formulae
1286 1705 1487 1790 conscriptae
1514 1703 1672 1772 honorem
1700 1703 1865 1774 vindicare
1893 1708 2102 1774 temerarium
2128 1717 2223 1788 esset,

237 1838 340 1901 quum
360 1819 431 1883 eius
452 1816 595 1902 collegae
616 1824 650 1882 et
671 1815 818 1901 discipuli
835 1837 954 1913 ⁸omnes
974 1816 1011 1881 in
1032 1816 1130 1882 rebus
1151 1815 1192 1881 sd
1213 1814 1310 1883 iidem
1332 1823 1366 1882 51
1385 1815 1565 1883 christiana
1586 1816 1738 1902 dogmata
1758 1817 1997 1901 pertinentibus
2020 1818 2056 1884 in
2073 1821 2223 1905 magistri

237 1928 337 1996 verba
357 1927 465 1994 iurare
487 1927 612 1997 dudum
634 1929 884 1996 consuevissent

387 2037 554 2122 Quidquid
576 2040 628 2119 sit,
650 2040 884 2107 confessionem
905 2039 996 2105 illam
1017 2040 1124 2106 Besae
1145 2037 1302 2104 traditam
1323 2039 1520 2120 coniicimus,
1549 2041 1605 2105 vix
1626 2060 1703 2105 cum
1724 2040 1860 2107 cacteris
1878 2034 2052 2108 comitibus
2073 2063 2115 2108 cx
2135 2042 2224 2128 lega·

234 2153 323 2218 tiene
344 2172 404 2236 pro
425 2150 645 2217 Valdensibus
667 2159 817 2235 suscepta
838 2149 959 2230 reduci,
981 2159 1014 2216 et
1035 2173 1122 2217 nuno
1142 2150 1261 2215 iterum
1283 2171 1394 2216 mense
1412 2148 1553 2217 Octobre
1578 2155 1657 2215 1557
1679 2151 1933 2219 Franccfnrtum
1952 2153 2167 2236 proficiscenti
2188 2162 2224 2221 et

233 2263 367 2329 nomine
388 2261 600 2330 ecelesiarum
622 2261 868 2328 Helveticarum
890 2262 976 2346 apud
996 2261 1162 2346 principes
1183 2261 1389 2346 evangelicos
1409 2263 1444 2328 in
1468 2261 1526 2329 illa
1553 2262 1634 2329 urbe
1661 2271 1876 2348 congregatos
1896 2284 1960 2347 pro
1982 2264 2223 2331 Parisiensibua

232 2374 459 2440 intercessum.
508 2373 576 2439 Res
603 2374 725 2454 optimc
752 2373 859 2440 cessit
905 2374 1078 2439 Palatinus
1105 2371 1215 2437 Rheni
1243 2385 1278 2438 ot
1303 2373 1442 2440 Η555155
1468 2374 1628 2457 51155555,
1655 2395 1716 2441 nee
1742 2395 1807 2439 non
1836 2371 1904 2444 dux
1929 2374 2224 2460 wirtembergicus

232 2484 426 2569 caeterique,
449 2484 537 2549 Besa
562 2482 702 2569 benigne
730 2483 842 2550 audito
876 2492 909 2549 et
943 2485 1029 2574 lecta
1056 2484 1259 2550 confessione
1286 2483 1479 2550 Rasoalcnis
1506 2483 1606 2568 legati
1632 2483 1881 2551 extraordinarii
1909 2485 2018 2570 gallici
2043 2485 2224 2552 5515155155

235 2593 415 2662 abominari
437 2601 470 2660 et
491 2597 601 2661 omnia
626 2596 823 2679 promittere.
868 2592 936 2661 Sed
961 2616 1066 2677 neque
1092 2595 1208 2660 literae
1229 2594 1390 2663 Electoris
1411 2594 1556 2662 Palatini
1583 2617 1642 2662 suc
1664 2602 1928 2680 caeterorumque
1952 2596 2135 2680 principum
2161 2616 2224 2663 uo·

232 2706 324 2772 mine
345 2703 387 2770 ad
408 2726 521 2791 regom
542 2706 682 2790 scriptae
702 2727 808 2790 neque
829 2712 967 2790 quatuor
987 2706 1170 2792 legatorum
1188 2706 1435 2772 Helveticorum
1451 2707 1486 2771 in
1504 2705 1580 2772 aula
1600 2707 1873 2775 commorantium
1894 2706 2042 2774 55515555
2062 2707 2225 2791 supplica-

235 2816 354 2896 tiones,
383 2838 487 2901 neque
514 2817 603 2900 15555
629 2817 770 2884 rationes
796 2818 945 2901 politicae
971 2818 1155 2884 Henricnm
1181 2817 1316 2901 5155555
1343 2817 1557 2899 consiliarios,
1585 2817 1744 2886 auxilium
1770 2819 1954 2902 principum
1981 2818 2226 2886 Germancmm

236 2928 424 3007 ambientes,
453 2946 644 3012 permovere
664 2935 851 3012 potuerunt,
879 2950 984 3012 neque
1004 2928 1161 3013 impedire
1182 2929 1354 3012 quominus
1374 2927 1507 2995 interim
1526 2929 1568 2995 de
1588 2927 1808 3013 compluribus
1828 2929 1986 3014 supplicia
2006 2937 2224 2997 sumerentur.

1186 3253 1264 3320 VII.

890 3394 1108 3479 Confessio
1137 3396 1422 3480 studiosorum
1450 3398 1567 3479 1559.

389 3595 496 3662 Nonis
517 3595 624 3660 Iuniis
645 3616 673 3661 a.
700 3598 780 3659 1559
801 3615 861 3678 per
888 3594 1057 3661 solennem
1084 3602 1193 3661 actum
1221 3596 1257 3662 in
1284 3616 1412 3662 summo
1435 3595 1528 3662 Petri
1556 3595 1677 3678 templo
1703 3593 1861 3674 habituum,
1889 3614 1999 3662 ceram
2026 3595 2225 3681 magistratu

236 3705 432 3791 reipublicae
453 3714 488 3772 et
511 3706 665 3774 ecclesiae
686 3706 848 3772 ministris
870 3713 905 3771 51
932 3705 1125 3786 5551511555,
1153 3706 1351 3793 inaugurate
1378 3714 1429 3773 551
1450 3705 1627 3773 Academia
1647 3705 1870 3785 Genevensis,
1888 3704 2034 3803 scholam
2059 3705 2224 3790 privatam

237 3818 307 3884 sive
329 3817 502 3902 collegium
523 3818 686 3884 urbanum
708 3824 742 3883 et
762 3817 917 3884 lectiones
938 3817 1086 3901 publicas
1107 3817 1334 3901 complectens,
1357 3816 1584 3903 praesentibus
1604 3817 1984 3886 sexcentis-scholasticis
2005 3826 2039 3884 51
2059 3816 2223 3884 studiosis.

238 3929 324 3996 Post
344 3928 476 3995 calvini
497 3929 758 3995 exhortationem
780 3929 898 4015 gallice
918 3927 1148 4012 praedicatam,
1175 3929 1264 4015 leges
1285 3928 1487 3997 academicae
1508 3904 1813 4013 511555555155515
1835 3929 1996 3996 51155515
2021 3928 2224 4014 archigram-

236 4048 325 4106 mate
346 4041 502 4106 recitatae
524 4049 611 4120 sunt,
634 4048 668 4106 51
689 4041 780 4106 Β555
808 4040 935 4134 5115155
963 4039 1094 4106 scholae
1120 4048 1228 4107 rector
1255 4039 1446 4125 designatus
1473 4041 1654 4107 orationem
1682 4039 1799 4107 habuit
1823 4040 1961 4107 latinam
1988 4037 2224 4126 inaugurulem.

238 4152 290 4216 De
312 4151 429 4235 quibus
451 4152 603 4217 omnibus
624 4150 768 4236 adeoque
790 4150 831 4216 de
847 4152 994 4235 ipsarum
1011 4151 1121 4237 legum
1137 4151 1243 4218 forma
1259 4160 1294 4217 51
1313 4151 1502 4218 5555111555
1515 4172 1578 4223 sue
1595 4151 1665 4220 lcoo
1684 4152 1789 4218 fusius
1806 4150 1958 4217 dicemus.
1992 4150 2060 4218 Pro
2077 4158 2224 4234 temporo

236 4262 273 4328 in
295 4262 365 4329 sela
385 4262 589 4329 confessione
614 4263 680 4329 illis
707 4264 833 4330 inserta
859 4263 1082 4343 subsistemus,
1104 4283 1201 4347 quam
1229 4263 1429 4329 commodius
1457 4263 1634 4348 separatim
1659 4261 1770 4329 recudi
1798 4260 1914 4328 debere
1939 4262 2095 4330 duximus
2120 4269 2159 4329 ut
2185 4262 2224 4327 in

237 4373 299 4440 bac
320 4394 407 4440 nova
428 4373 659 4457 opusculorum
680 4373 833 4455 editione,
859 4381 1018 4458 quantum
1038 4374 1112 4440 fieri
1132 4381 1252 4458 posset,
1274 4374 1395 4441 similia
1416 4375 1575 4447 similibus
1596 4375 1823 4459 iungerentur.

392 4483 617 4551 Oonlessionis
638 4484 833 4571 subscriptio
851 4508 923 4552 uon
951 4485 993 4552 ad
1019 4485 1231 4553 scholasticos
1258 4484 1396 4570 collegii,
1424 4485 1458 4552 id
1485 4493 1536 4552 551
1560 4485 1706 4550 iuniores
1731 4483 1917 4567 discipulos,
1944 4485 2136 4569 pertinebat,
2164 4485 2223 4552 sed

237 4595 281 4661 ad
302 4596 509 4679 professores,
531 4595 775 4682 ludimagistros
796 4605 831 4663 ot
851 4597 1015 4665 auditores
1036 4597 1184 4682 publicos
1205 4618 1285 4681 ques
1312 4595 1410 4664 hodie
1430 4597 1519 4664 cives
1545 4596 1744 4662 academicos
1769 4595 1840 4666 sive
1866 4594 2030 4666 studiosos
2058 4615 2221 4677 vocamus

239 4707 335 4773 Nihil
355 4708 392 4772 in
413 4707 475 4775 hoc
495 4708 575 4774 novi
597 4709 781 4792 insuetique
802 4717 889 4789 erat;
910 4710 1090 4776 notandum
1112 4722 1233 4787 tamen,
1254 4709 1290 4774 in
1310 4709 1385 4774 aliis
1406 4708 1528 4777 scholis
1553 4715 1618 4783 551
1637 4705 1812 4773 academiis
1837 4707 2035 4794 evangelicis
2059 4708 2140 4774 15155
2165 4706 2223 4773 de·

240 4819 446 4899 clarationes,
469 4817 587 4902 quibus
614 4829 647 4885 ot
673 4818 825 4886 docentes
852 4829 885 4885 51
913 4821 1075 4890 discentes
1103 4818 1400 4904 adstringebantur,
1426 4818 1530 4896 multo
1556 4817 1698 4895 laxiores
1723 4817 1897 4902 minusque
1923 4819 2085 4902 praecisas
2110 4818 2221 4886 fuisse.

236 4930 295 4996 Sic
323 4931 528 5010 Lauaannae,
556 4932 677 5011 151151,
705 4931 864 5010 Β5511555,
892 4932 1104 5018 Argentorati
1130 4933 1384 5015 tumtemporis
1416 4930 1500 4998 nihil
1523 4930 1692 4995 doctorum
1723 4929 1949 5014 approbationi
1980 4929 2224 5014 proponebatur
2258 5023 2260 5025 ‚

237 5049 367 5125 5155151
397 5032 540 5108 55151515
569 5044 810 5110 reformationis
842 5042 1256 5128 politico-molesiaetioum.
1306 5043 1420 5127 Neque
1451 5038 1724 5126 praetereundum
1756 5040 1886 5109 videtur
1916 5040 2003 5124 quod
2034 5040 2130 5108 nulla
2157 5040 2225 5107 alia

236 5152 477 5235 confessique
504 5154 681 5220 1151511555
706 5154 837 5237 quidem
862 5154 1013 5239 quamvis
1038 5153 1119 5220 olim
1145 5175 1166 5221 a
1192 5152 1313 5239 populo
1341 5154 1402 5220 sub
1428 5152 1504 5225 1155,
1519 5151 1602 5226 15115
1629 5151 1760 5218 1515551
1786 5158 1930 5235 5555515,
1958 5150 2113 5220 (1555155
2140 5159 2224 5220 tuno
