4776 5844
243 247 304 309 ιιι
1024 244 1090 312 Au
1113 243 1457 314 wus'rfflsuuu.
2081 220 2083 224 '
2182 257 2247 321 auo

239 433 307 499 tiae
329 453 409 499 suae
430 442 525 499 aestu
547 433 595 500 ita
614 433 770 517 abreptae
794 432 837 502 ad
862 433 1021 519 insipidos
1050 434 1218 514 clamores,
1271 432 1555 500 Hildeshemoneis
1564 435 1621 500 ille
1633 456 1756 503 vesana
1764 435 1892 503 laetitia
1901 438 2081 521 exsultans,
2089 440 2247 526 indignus

241 519 300 586 sed
321 540 386 603 qua
412 517 548 586 decebat
569 518 747 587 sobrietate
776 530 811 586 et
835 521 1054 604 temperantia
1081 528 1218 587 tractas·
1271 518 1332 584 init
1343 538 1483 602 quocum
1495 521 1633 586 verbum
1643 523 1848 589 faceremmt
1864 528 2027 606 [pausae]
2040 525 2165 593 cumuli
2174 526 2247 596 vice

241 612 390 671 aetram
420 605 500 672 adeo
525 605 662 672 seriaml
713 605 879 673 Aduletur
899 606 1003 674 sodali
1024 627 1084 673 suo
1104 605 1216 672 West»
1270 604 1312 670 ad
1332 606 1454 671 iustam
1479 627 1671 674 mensuram
1698 606 1828 674 additae
1856 609 1980 676 luerint
2006 608 2090 679 duae
2110 633 2248 696 respon·

234 690 349 774 phalo,
370 691 458 773 quod
468 692 858 779 Augustinitestimonia
878 701 991 759 centra
1007 714 1068 759 nos
1090 712 1218 768 coacer-
1269 689 1386 757 aiones
1436 691 1569 776 Reliqui
1583 695 1607 775 ¹)
1634 693 1691 759 ubi
1720 694 1879 774 viderint,
1908 693 2065 781 quidquid
2091 697 2153 764 sibi
2181 700 2246 768 visi

238 775 350 845 vando
371 785 503 843 tantum
530 777 567 844 in
595 797 632 843 se
658 777 770 844 odium
791 779 1013 847 concitaverit
1057 777 1218 862 Inepioiet
1269 786 1346 842 sunt
1374 777 1590 860 plausibiliter
1616 778 1770 858 obiicere,
1798 781 1930 850 abunde.
1959 804 2030 848 esse
2056 784 2245 865 refutatum,

233 882 322 946 quae
343 864 380 928 in
407 862 470 929 hoc
496 862 607 931 libello
633 863 699 929 illis
725 863 931 932 collectaneis
958 871 1072 931 eontra
1097 863 1216 931 obieci:
1268 861 1331 928 sibi
1368 862 1452 929 nihil
1491 863 1698 948 peculiariter
1737 886 1930 949 responsum
1968 889 2038 934 esse
2076 871 2112 934 in
2153 870 2245 938 lucro

226 949 362 1014 mirum
382 949 419 1013 ni
440 946 636 1032 pudefactus
653 946 766 1017 iaceat.
810 950 883 1017 litei
905 956 1016 1016 eutem
1037 947 1134 1030 mihi,
1162 950 1218 1034 qui
1267 956 1401 1032 ponant
1446 947 1555 1030 Quam
1577 972 1656 1016 vero
1684 950 1794 1035 cupidi
1822 953 1890 1017 sint
1916 955 2131 1021 certaminum
2160 977 2262 1040 quae.

226 1033 468 1101 mutitudinem
485 1037 713 1120 sincerumque
734 1033 908 1103 candorem
921 1057 1003 1117 amo,
1025 1036 1136 1103 odiosa
1146 1057 1217 1102 esse
1268 1042 1374 1098 totum
1396 1035 1507 1101 orbem
1529 1036 1730 1120 perturbent,
1754 1059 1793 1102 ex
1816 1038 1947 1105 furiosis
1969 1060 2083 1106 eorum
2104 1042 2183 1106 inst'

223 1122 344 1186 fatcor
363 1142 519 1204 perversa
540 1120 699 1188 eiusmodi
709 1122 853 1207 ingenia,
874 1143 928 1188 me
950 1129 1061 1188 tamen
1082 1121 1136 1188 hic
1153 1144 1216 1187 nu·
1268 1119 1413 1186 tionibus
1441 1133 1586 1205 apparet.
1635 1122 1750 1206 Neque
1778 1124 1866 1189 enim
1895 1123 2120 1206 dissimulant,
2152 1149 2176 1193 n
2224 1148 2246 1194 s

278 1215 334 1272 tor
361 1207 522 1272 mentitur
555 1207 705 1273 homines
732 1207 852 1285 odisse,
885 1229 1025 1292 querum
1055 1207 1151 1274 saluti
1182 1209 1214 1272 in
1268 1226 1304 1270 re
1326 1227 1362 1270 se
1379 1208 1512 1290 gravius
1530 1207 1676 1286 eruciari,
1700 1229 1798 1292 quani
1821 1208 2094 1293 quedineasdem
2111 1213 2248 1280 tuebere

256 1293 423 1358 ucetiam
449 1313 515 1376 qua
542 1308 616 1358 utor
642 1293 819 1359 verberum
848 1295 1024 1377 asperitate
1046 1302 1119 1373 {pop
1140 1299 1215 1373 820]
1268 1311 1396 1375 pugnas
1419 1302 1584 1375 nequeant
1610 1308 1819 1378 quoscunque
1846 1295 1979 1362 vellent
2029 1297 2076 1362 Et
2096 1319 2160 1382 quo
2182 1301 2244 1364 mi·

217 1399 276 1443 ex
307 1379 419 1444 animo
447 1379 587 1444 consulo.
638 1377 725 1444 Nam
761 1379 900 1447 antchac
933 1378 1011 1464 quid
1038 1379 1127 1464 apud
1160 1400 1216 1445 eos
1268 1399 1332 1442 uus
1353 1377 1548 1463 proditionis
1569 1388 1725 1445 accusent
1752 1381 1936 1464 quicunque
1963 1381 2097 1449 anobis
2118 1383 2246 1452 dissen-

212 1462 345 1529 valeat
366 1463 582 1530 mansuetudo
608 1472 641 1530 et
668 1464 788 1531 lenitas
817 1467 853 1531 in
874 1467 979 1532 amica
999 1465 1137 1549 epistole
1157 1486 1215 1530 ex·
1267 1464 1363 1538 tium,
1382 1485 1449 1528 non
1460 1462 1550 1529 aliud
1564 1466 1679 1541 obstat,
1702 1487 1802 1550 quam
1824 1467 1910 1550 qued
1931 1489 2024 1532 suam
2045 1470 2245 1552 paucitatem

208 1558 361 1634 pertus,
383 1550 469 1615 hauc
490 1571 590 1616 unam
610 1572 702 1634 spem
724 1551 966 1634 resipiscentiae
984 1573 1055 1617 esse
1075 1550 1216 1634 puto,si
1267 1545 1418 1633 detegere
1446 1560 1605 1615 verentur
1631 1571 1753 1636 magno
1779 1571 1854 1616 cum
1883 1552 2012 1637 probro.
2062 1555 2109 1621 Ut
2137 1563 2244 1622 teoca-

214 1636 391 1701 insauum
411 1656 526 1702 eorum
554 1636 676 1702 fastum
705 1636 820 1704 durius
848 1636 1032 1703 retundam.
1077 1639 1127 1704 Ae
1148 1637 1214 1703 iem
1267 1656 1340 1699 mus
1364 1657 1433 1713 nos,
1463 1637 1617 1715 istorum,
1647 1637 1702 1721 qui
1725 1638 1824 1702 etiam
1847 1639 1884 1703 in
1906 1638 2109 1706 dissensione
2130 1660 2245 1724 pacem

205 1720 318 1787 milri
341 1743 421 1807 erga
439 1742 554 1788 omnes
574 1722 672 1805 plane
694 1722 866 1791 defunctus
888 1722 1016 1802 videor,
1046 1723 1110 1788 nisi
1132 1722 1214 1788 forte
1266 1722 1388 1801 fovent,
1411 1722 1540 1787 silentio
1562 1724 1642 1788 satis
1664 1721 1841 1788 damnatur
1860 1724 2107 1808 Westphalieae
2128 1727 2244 1794 factio-

203 1805 336 1874 libeat
367 1827 434 1873 nen
467 1807 590 1891 absque
616 1807 754 1874 molesto
785 1809 943 1875 lectorum
971 1809 1079 1875 taedio
1107 1808 1214 1875 decies
1266 1807 1319 1870 nis
1341 1808 1561 1891 intemperies.
1609 1807 1798 1873 Prudenter
1819 1810 1906 1874 enim
1928 1811 2136 1877 considerant
2156 1812 2244 1897 quod

205 1893 350 1960 offlam
373 1902 529 1977 repetere.
568 1894 640 1960 Ime
661 1894 745 1960 forte
770 1894 904 1980 longius
930 1916 1028 1979 quam
1049 1914 1110 1978 par
1131 1903 1213 1975 erat,
1266 1913 1318 1958 res
1344 1901 1408 1971 est,
1437 1914 1539 1976 quum
1567 1895 1719 1977 utrinque
1745 1896 1831 1960 inter
1859 1917 1919 1960 nos
1947 1899 2135 1976 conveniat,
2164 1920 2244 1965 vere

202 2000 420 2046 sermonem
446 1981 605 2062 protraxi.
658 1978 747 2061 Quid
774 1982 862 2046 enim
892 1981 1090 2047 Bremenses
1117 1981 1213 2046 refel—
1265 1977 1358 2043 nobis
1380 1979 1492 2043 efferri
1513 1980 1546 2043 in
1572 2001 1673 2045 coena
1694 1979 1820 2046 Christi
1843 2000 1960 2064 corpus
1983 1989 2018 2047 et
2038 1984 2241 2068 sanguinem,

194 2062 300 2132 lere
323 2087 406 2149 opus
426 2065 498 2144 fuit,
517 2068 573 2149 qui
595 2065 677 2130 nihil
695 2067 763 2132 fere
784 2068 972 2146 attulerint,
993 2076 1125 2150 praeter
1142 2067 1212 2130 ani·
1264 2084 1404 2147 quorum
1426 2063 1609 2131 substantia
1635 2069 1762 2131 animae
1790 2077 1921 2132 nostrae
1948 2081 2138 2151 pascantur,
2168 2074 2243 2149 [pag.

197 2171 325 2217 :num
349 2151 508 2216 nocendi?
559 2153 629 2217 Our
658 2162 768 2217 autom
796 2152 928 2237 collegis
955 2153 1023 2218 suis
1051 2152 1213 2218 violenter
1266 2153 1341 2229 323]
1362 2157 1493 2215 tantum
1515 2151 1551 2214 in
1578 2152 1675 2217 modo
1701 2151 1963 2218 manducationis
1991 2153 2146 2220 differant
2166 2176 2243 2221 nos·
2274 2197 2280 2207 ·

199 2237 320 2303 domi
339 2238 513 2320 oppressis,
529 2237 553 2319 ¹)
576 2237 666 2303 virus
688 2240 894 2303 suuminme
916 2238 1030 2322 procul
1049 2247 1211 2317 evomant,
1265 2242 1336 2300 trae
1363 2237 1558 2316 sententiae,
1587 2258 1655 2302 non
1683 2258 1754 2304 esse
1783 2237 1869 2304 hano
1898 2240 1959 2305 sibi
1986 2239 2109 2305 iustam
2137 2240 2241 2326 digla-

198 2342 300 2389 una
322 2323 406 2388 haee
427 2321 468 2387 ab
489 2323 554 2389 illis
576 2323 765 2389 obtenditur
788 2325 883 2402 ratio,
910 2325 986 2408 quia
1008 2334 1212 2409 contempse-
1263 2318 1376 2387 diandi
1397 2342 1538 2388 causam.

193 2411 295 2475 xim
318 2408 426 2474 ebrios
446 2406 604 2474 Saxones.
639 2410 740 2493 Atqui
761 2409 789 2475 si
812 2432 877 2475 non
899 2419 979 2475 sunt
1000 2432 1041 2476 ex
1064 2430 1211 2488 numero,
1349 2405 1389 2473 Si
1417 2409 1477 2473 fiat
1503 2409 1590 2488 iusta
1614 2410 1827 2493 comparatio,
1858 2410 2022 2493 permulta
2051 2420 2131 2476 sunt
2157 2432 2243 2494 quae

192 2516 390 2580 quorsum
411 2495 545 2560 attinuit
564 2493 1067 2580 tantopereeesexcandescere?
1097 2494 1212 2577 Quan-
1263 2492 1334 2557 iure
1356 2513 1416 2558 nos
1439 2493 1479 2558 ad
1502 2493 1726 2560 dimicandum
1747 2496 1854 2562 aerius
1875 2495 2056 2578 impellant.
2100 2496 2170 2563 Nec
2191 2508 2242 2563 ta·

240 2602 330 2646 uam
354 2580 600 2664 hincapparet,
628 2579 729 2647 bonos
750 2583 833 2647 istos
854 2583 1079 2666 Areopagitas,
1102 2592 1141 2647 ut
1163 2583 1212 2646 vi·
1262 2598 1340 2644 men
1367 2600 1425 2662 per
1452 2599 1504 2645 me
1531 2579 1644 2659 stabit,
1681 2583 1785 2645 donee
1812 2602 1887 2664 spes
1914 2582 2024 2665 aliqua
2048 2582 2245 2665 pacificandi
2313 2637 2315 2642 .

191 2603 361 2733 flendae
381 2665 464 2732 lucis
486 2666 636 2731 molestia
654 2687 689 2732 se
710 2667 860 2746 liberent,
884 2667 1014 2733 decreta
1030 2689 1090 2735 sua
1106 2669 1141 2734 iu
1163 2677 1212 2731 te-
1263 2673 1394 2729 ostensa
1413 2664 1522 2745 fuerit,
1545 2668 1728 2751 quominus
1748 2667 1840 2732 salva
1857 2668 1945 2732 iuter
1965 2689 2026 2733 nos
2046 2667 2245 2736 benovolen-

190 2752 346 2818 nebris
369 2750 518 2818 seribere.
562 2751 797 2836 Westphalum
827 2753 944 2820 alicubi
967 2754 1135 2820 hominem
1163 2760 1211 2818 te·
1264 2751 1310 2816 tia
1330 2760 1472 2817 maneat.
1518 2753 1626 2835 Atque
1648 2752 1734 2816 idem
1757 2773 1827 2837 ogo,
1850 2754 1906 2836 qui
1927 2753 2063 2838 indigne
2085 2775 2243 2837 provoca·

184 2838 416 2905 xnulentum
438 2859 556 2904 vocare
578 2838 809 2924 contigerat,²)
831 2861 898 2904 uon
917 2845 991 2918 [pag.
1011 2845 1087 2920 321]
1110 2851 1147 2904 ut
1163 2840 1212 2913 bi·
1264 2843 1317 2902 tus
1340 2837 1564 2904 vehementior
1586 2840 1632 2903 fui
1653 2840 1689 2902 in
1712 2840 1773 2904 hoo
1795 2840 2025 2922 scriptoquam
2047 2840 2241 2907 ferebatve-

184 2919 410 2992 bacitatem
434 2924 483 2989 illi
511 2923 699 3003 obiicerem,
733 2925 830 2992 sicuti
856 2926 1093 3009 interpretatus
1119 2944 1211 2991 sum:
1263 2923 1390 3001 luntas,
1419 2924 1447 2989 si
1470 2924 1552 2989 mihi
1574 2923 1616 2991 ad
1638 2924 1778 2990 amicam
1800 2925 2067 3006 disceptationem
2088 2926 2181 2992 locus
2203 2945 2241 2992 eo

185 3011 283 3079 sed
315 3008 460 3093 qualiter
485 3009 644 3094 propheta
673 3010 778 3077 ebrios
809 3032 880 3077 esse
907 3011 998 3090 dicit,
1031 3019 1067 3076 et
1099 3033 1163 3076 non
1192 3030 1212 3075 a
1264 3007 1332 3074 dies
1352 3008 1495 3076 indictus
1517 3010 1623 3089 fuerit,
1646 3016 1776 3092 praesto
1797 3032 1850 3074 me
1872 3011 2065 3076 statimfore
2086 3013 2241 3094 profiteor

186 3101 320 3177 vino,
345 3096 401 3179 qui
423 3105 555 3179 stupore
576 3098 731 3180 percussi,
754 3105 813 3161 aut
833 3097 997 3182 vertigine
1019 3099 1169 3180 correpti,
1192 3119 1212 3162 a
1264 3113 1302 3160 ec
1324 3095 1479 3178 spondeo:
1508 3107 1542 3162 et
1564 3095 1696 3179 quidem
1719 3117 1758 3160 ea
1777 3095 1878 3160 animi
1900 3095 2034 3161 lenitate
2055 3096 2241 3179 praeditum

183 3202 312 3251 sana
335 3193 445 3246 mente
464 3180 665 3248 exciderunt.
710 3181 808 3264 Quod
829 3183 984 3266 privatim
1006 3182 1130 3248 daune
1150 3182 1210 3248 he-
1264 3201 1348 3264 quae
1370 3180 1544 3264 optabilem
1565 3182 1639 3264 piae
1661 3190 1856 3263 sanctaeque
1867 3182 2091 3247 consensionis
2113 3204 2240 3248 succes·

184 3271 320 3336 tuine
345 3266 467 3334 dictum
490 3279 549 3346 est,
571 3268 613 3334 ad
635 3277 737 3334 totum
749 3277 881 3354 gentem
901 3269 1114 3335 trahioaeoae
1136 3290 1210 3352 pro-
1264 3288 1337 3332 sum
1356 3288 1423 3332 non
1445 3277 1599 3334 moretur.
1643 3267 1758 3349 Neque
1779 3267 1868 3331 enim
1889 3268 1917 3332 is
1939 3287 2014 3332 sum
2036 3267 2243 3349 quitintesti·

182 3357 313 3423 fecto
337 3353 553 3419 temulentiae
574 3365 633 3420 est.
666 3355 783 3438 Itaque
804 3355 940 3439 posthac
962 3356 1123 3422 cautiores
1139 3375 1211 3420 esse
1262 3352 1315 3417 nis
1335 3351 1477 3418 dissidiis
1498 3353 1648 3430 oblecter,
1671 3353 1725 3417 vel
1747 3372 1968 3434 quemeorum
1985 3353 2041 3436 qui
2059 3351 2140 3417 mihi
2163 3351 2241 3418 sub-

183 3442 374 3516 discant,
403 3461 445 3504 no
467 3460 563 3506 caeca
583 3440 708 3505 ultione
733 3442 927 3524 praecipites
959 3442 1117 3506 ferentur.
1157 3440 1210 3505 'In
1262 3438 1412 3504 scribunt
1432 3438 1667 3522 gratulationes
1684 3438 1731 3504 sio
1753 3437 1895 3516 titillent,
1918 3448 1955 3504 ut
1976 3439 2147 3502 materiam
2168 3437 2240 3521 pal·

180 3547 331 3597 musa
354 3546 434 3591 vero
454 3524 627 3592 tractanda
648 3548 746 3610 quam
767 3527 890 3592 fuerint
910 3528 1033 3607 securi,
1062 3527 1123 3593 hoo
1144 3547 1210 3591 uno
1262 3545 1392 3589 marum
1414 3545 1456 3589 ex
1478 3525 1710 3590 certaminibus
1732 3523 1872 3589 libenter
1888 3533 2027 3607 captam.
2073 3521 2165 3604 Quin
2181 3545 2242 3607 po-

181 3615 428 3681 doeumento
449 3612 658 3695 perspicuum
680 3615 745 3690 fiet,
768 3612 855 3696 quod
876 3612 1012 3696 probata
1033 3612 1211 3678 manduca·
1262 3611 1329 3675 tius
1350 3630 1464 3674 eorum
1486 3611 1543 3693 qui
1565 3609 1717 3676 sedandis
1745 3608 2009 3676 contentionibus
2029 3630 2123 3676 suem
2146 3617 2240 3674 auto-

178 3704 319 3767 tione
341 3697 411 3762 veri
423 3699 575 3781 eorporis,
593 3699 770 3781 praeterite
780 3698 885 3777 modo,
908 3699 1053 3784 palmam
1065 3699 1210 3782 seadep-
1261 3696 1394 3761 ritatem
1415 3697 1624 3780 interponere
1642 3694 1822 3761 debuerant
1843 3697 2051 3760 cunctatione
2072 3700 2148 3774 [pag.
2162 3694 2238 3779 324]

180 3793 272 3854 tos
300 3782 483 3850 confidunt.
527 3786 630 3867 Atqui
648 3806 690 3850 an
707 3805 824 3850 vorum
844 3783 1032 3852 comedatur
1053 3786 1090 3850 in
1110 3804 1212 3851 coena
1261 3780 1347 3847 bano
1374 3781 1457 3846 mihi
1485 3782 1714 3848 necessitatem
1740 3781 1868 3866 iniungi
1899 3781 1986 3864 apud
2014 3802 2067 3846 me
2096 3778 2240 3864 deploro.

176 3869 359 3941 Christi
392 3888 525 3952 corpus,
558 3891 618 3954 ego
649 3870 685 3935 in
718 3868 853 3935 dubium
885 3892 1053 3954 nunquam
1081 3870 1210 3938 vocavi:
1262 3867 1402 3950 Saepius
1424 3866 1464 3932 de
1485 3866 1824 3950 pacificatorioaliquo
1846 3874 2011 3933 conventu
2033 3868 2140 3949 sparsi
2161 3872 2240 3932 sunt

175 3964 363 4027 tantum
386 3952 543 4021 admoneo
564 3955 744 4022 videndum
766 3976 846 4035 esse,
869 3955 1038 4040 quomodo.
1262 3974 1418 4018 rumores.
1470 3953 1538 4021 Nec
1565 3973 1643 4018 vere
1671 3951 1824 4019 credibile
1851 3962 1914 4032 est,
1948 3959 2075 4018 tantam
2104 3973 2175 4018 esse
2202 3952 2239 4017 in

316 4040 428 4122 Quam
448 4062 526 4106 vore
548 4041 720 4107 ludibundi
737 4062 834 4106 suum
856 4041 1051 4126 obsequium
1072 4042 1209 4124 praesti·
1284 4037 1462 4124 rincipibus
1482 4039 1670 4123 segnitiam,
1697 4039 1778 4122 quin
1806 4058 1919 4103 eorum
1948 4038 2074 4104 animos
2095 4044 2164 4103 tam
2186 4057 2240 4104 ca-

173 4131 335 4198 tarint
345 4126 551 4210 Westphalo,
575 4128 853 4211 subscriptionum
869 4148 996 4212 quoque
1017 4127 1209 4211 ineptiae,⁸)
1261 4061 1411 4190 domitore
1435 4125 1587 4192 ecelesiae
1609 4123 1778 4207 dissipatio
1789 4122 1830 4188 ad
1852 4123 2035 4207 curandum
2057 4122 2240 4190 remedium

171 4233 310 4303 quas
347 4213 513 4297 exagitare
544 4213 649 4299 piget,
681 4213 791 4298 palum
822 4212 954 4280 faciunt.
1009 4213 1210 4280 Praesertim
1261 4211 1421 4277 sollicitet
1472 4210 1564 4295 Ergo
1590 4209 1685 4276 sicuti
1713 4229 1780 4275 non
1808 4207 1920 4275 dubito
1952 4231 2022 4275 rem
2053 4210 2090 4274 in
2123 4229 2237 4274 eorum

1261 4297 1404 4362 consiliis
1426 4296 1528 4363 fuisse
1549 4316 1615 4362 non
1639 4295 1739 4361 semel
1761 4295 1934 4379 agitatam,
1960 4294 2107 4379 itaquid
2129 4312 2237 4358 reme·

354 4427 358 4432 -
1260 4402 1332 4447 ram
1354 4382 1501 4447 attulerit
1522 4383 1646 4449 neseio:
1676 4381 1737 4446 nisi
1760 4380 1845 4464 quod
1874 4401 1995 4466 magno
2024 4400 2096 4446 cum
2126 4377 2236 4444 dolore

170 4485 263 4549 leis
286 4488 397 4544 oete:
415 4486 895 4558 Egol’ilemennurcragiasscripsi,
913 4495 942 4541 et
958 4488 1103 4558 subscripsi
1120 4489 1209 4544 aetus
1261 4467 1364 4547 video,
1388 4467 1469 4533 dum
1489 4467 1545 4534 alii
1566 4468 1627 4533 sibi
1638 4467 1837 4552 pertinacius
1854 4466 1974 4532 addicti
1985 4473 2071 4545 sunt,
2094 4463 2237 4531 sinistris

170 4554 1037 4625 1210trencavenaeveruicursuu.ccccmo).
1260 4554 1317 4621 alii
1345 4553 1583 4638 suspicionibus
1614 4552 1818 4637 indulgent,¹
1839 4574 1910 4617 rem
1942 4551 2151 4617 utilissimam
2182 4548 2236 4615 vel

299 4626 331 4708 ,1)
352 4626 599 4708 Νθ*”·”””’“.’“”*
617 4631 642 4678 ‘⁸
659 4626 831 4679 *mmm
847 4626 1062 4680 ‘mmm
1080 4624 1208 4680 ffi'd‘*
1259 4640 1393 4725 negligi,
1415 4639 1469 4706 vel
1486 4639 1587 4705 etiam
1604 4639 1723 4724 respui.
1768 4636 1953 4718 Caeterum,
1976 4637 2095 4721 quibus
2116 4634 2235 4700 tolera·

171 4692 324 4768 buoso
343 4711 363 4749 o
379 4695 548 4751 Lutberoata
565 4694 760 4749 Bremenium
776 4700 871 4749 motor.

296 4762 331 4832 2)
355 4763 423 4818 Vide
444 4779 514 4835 quoe
538 4763 731 4819 commoturus
752 4762 791 4817 cd
808 4761 1012 4828 Prmfotionem
1031 4764 1140 4831 primae
1163 4762 1207 4817 de·

174 4833 369 4896 tantone
383 4849 446 4901 pop.
464 4838 560 4887 aomo
578 4830 603 4886 7.

296 4901 331 4969 8)
354 4900 483 4972 Οιιιριιιιιι
500 4903 608 4972 aquati
622 4904 689 4956 eunt
696 4898 881 4958 Theodericus
897 4901 1057 4956 Holthusius
1074 4899 1209 4969 Boranga·

181 4981 334 5033 usnam
352 4970 486 5026 haeresim
504 4980 533 5026 et
554 4987 641 5041 nuper
665 4978 750 5026 ortem
769 4969 892 5040 Zwinglii
914 4970 1056 5034 demens,
1077 4967 1209 5024 Nicolaus
1328 4964 1358 5030 l)
1380 4960 2110 5042 Scsl.Homburpcncca,Lubceeaeoe,Loneburpcaaea.
2128 4956 2235 5012 Brass-

185 5036 398 5101 Bismareius
420 5038 640 5110 Osterburgensis
682 5056 714 5095 ro
736 5040 849 5095 veritate
870 5039 971 5095 tuenda
994 5045 1088 5093 conus
1110 5036 1209 5092 falsum
1259 5037 1386 5101 camera,
1405 5034 1633 5090 Honnooerenece
1664 5034 1866 5097 Vismoricaoes,
1886 5030 2068 5110 Soertacmeo,
2081 5026 2234 5108 Ηιιιιιιιιιιι-

187 5110 329 5183 dogma
353 5110 637 5172 “numentanorum
658 5056 792 5165 delricus
815 5107 916 5164 Lamus
938 5107 1093 5177 improbans
1110 5105 1209 5161 dudum
1260 5118 1310 5172 sce,
1328 5100 1537 5170 Ditmors'eaooe,
1555 5074 1738 5172 Nortioeoac',
1754 5117 1868 5173 qucum
1879 5103 2032 5154 euouectoe
2040 5095 2236 5152 docleatem

191 5179 374 5252 explosum
392 5176 489 5246 dogma
507 5177 703 5248 cmgbanorum
721 5183 771 5232 etc
1260 5171 1418 5228 atemere
1435 5173 1452 5228 i.
1471 5189 1494 5228 c.
1513 5172 1543 5228 0.
1561 5172 1578 5227 6
1597 5201 1629 5211 -
1647 5171 1674 5226 8.
1693 5169 1718 5224 t.

388 4391 437 4398 ι...-

1260 4834 1463 4845 —-——-
