<?xml version="1.0" encoding="UTF-8"?>
<!DOCTYPE html PUBLIC "-//W3C//DTD XHTML 1.0 Transitional//EN"
    "http://www.w3.org/TR/xhtml1/DTD/xhtml1-transitional.dtd">
<html xmlns="http://www.w3.org/1999/xhtml" xml:lang="en" lang="en">
 <head>
  <title>
</title>
<meta http-equiv="Content-Type" content="text/html;charset=utf-8" />
  <meta name='ocr-system' content='tesseract 3.04.00' />
  <meta name='ocr-capabilities' content='ocr_page ocr_carea ocr_par ocr_line ocrx_word'/>
</head>
<body>
  <div class='ocr_page' id='page_1' title='image "./ioanniscalvinio01reusgoog_0178.png"; bbox 0 0 4776 5844; ppageno 0'>
   <div class='ocr_carea' id='block_1_1' title="bbox 139 244 2146 320">
    <p class='ocr_par' dir='ltr' id='par_1_1' title="bbox 139 244 2146 320">
     <span class='ocr_line' id='line_1_1' title="bbox 139 244 2146 320; baseline -0.005 -1"><span class='ocrx_word' id='word_1_1' title='bbox 139 256 202 320; x_wconf 73' lang='lat' dir='ltr'><strong>wi</strong></span> <span class='ocrx_word' id='word_1_2' title='bbox 906 245 1085 317; x_wconf 71' lang='lat' dir='ltr'><strong>numus</strong></span> <span class='ocrx_word' id='word_1_3' title='bbox 1106 244 1373 315; x_wconf 68' lang='lat' dir='ltr'><strong>denomino</strong></span> <span class='ocrx_word' id='word_1_4' title='bbox 2082 246 2146 310; x_wconf 72' lang='lat'><strong>248</strong></span> 
     </span>
    </p>
   </div>
   <div class='ocr_carea' id='block_1_2' title="bbox 43 432 2340 5155">
    <p class='ocr_par' dir='ltr' id='par_1_2' title="bbox 43 432 2156 2238">
     <span class='ocr_line' id='line_1_2' title="bbox 139 432 2154 526; baseline -0.003 -18"><span class='ocrx_word' id='word_1_5' title='bbox 139 450 230 508; x_wconf 90' lang='lat' dir='ltr'><strong>tatur</strong></span> <span class='ocrx_word' id='word_1_6' title='bbox 251 438 350 507; x_wconf 83' lang='lat' dir='ltr'><strong>ornne&#39;</strong></span> <span class='ocrx_word' id='word_1_7' title='bbox 375 463 471 526; x_wconf 89' lang='lat' dir='ltr'><strong>genn.</strong></span> <span class='ocrx_word' id='word_1_8' title='bbox 523 443 632 524; x_wconf 83' lang='lat' dir='ltr'><strong>Atque</strong></span> <span class='ocrx_word' id='word_1_9' title='bbox 659 439 740 507; x_wconf 89' lang='lat' dir='ltr'><strong>haee</strong></span> <span class='ocrx_word' id='word_1_10' title='bbox 766 458 847 505; x_wconf 84' lang='lat' dir='ltr'><strong>veru</strong></span> <span class='ocrx_word' id='word_1_11' title='bbox 875 444 927 505; x_wconf 92' lang='lat' dir='ltr'><strong>est</strong></span> <span class='ocrx_word' id='word_1_12' title='bbox 952 437 1115 522; x_wconf 90' lang='lat' dir='ltr'><strong>plenaque</strong></span> <span class='ocrx_word' id='word_1_13' title='bbox 1165 433 1263 500; x_wconf 91' lang='lat' dir='ltr'><strong>modo</strong></span> <span class='ocrx_word' id='word_1_14' title='bbox 1290 435 1324 500; x_wconf 94' lang='lat' dir='ltr'><strong>in</strong></span> <span class='ocrx_word' id='word_1_15' title='bbox 1352 437 1546 502; x_wconf 89' lang='lat' dir='ltr'><strong>memoriam</strong></span> <span class='ocrx_word' id='word_1_16' title='bbox 1574 432 1673 501; x_wconf 90' lang='lat' dir='ltr'><strong>simul</strong></span> <span class='ocrx_word' id='word_1_17' title='bbox 1706 432 1854 502; x_wconf 87' lang='lat' dir='ltr'><strong>doetrina</strong></span> <span class='ocrx_word' id='word_1_18' title='bbox 1880 441 2003 501; x_wconf 83' lang='lat' dir='ltr'><strong>nostre.</strong></span> <span class='ocrx_word' id='word_1_19' title='bbox 2020 434 2154 515; x_wconf 73' lang='lat' dir='ltr'><strong>veniat,</strong></span> 
     </span>
     <span class='ocr_line' id='line_1_3' title="bbox 43 519 2147 614; baseline -0.005 -18"><span class='ocrx_word' id='word_1_20' title='bbox 43 590 49 596; x_wconf 88' lang='lat'><em>.</em></span> <span class='ocrx_word' id='word_1_21' title='bbox 138 529 268 614; x_wconf 90' lang='lat' dir='ltr'><strong>imperii</strong></span> <span class='ocrx_word' id='word_1_22' title='bbox 289 534 324 593; x_wconf 92' lang='lat' dir='ltr'><strong>et</strong></span> <span class='ocrx_word' id='word_1_23' title='bbox 343 527 512 611; x_wconf 88' lang='lat' dir='ltr'><strong>potestatis</strong></span> <span class='ocrx_word' id='word_1_24' title='bbox 533 526 676 605; x_wconf 88' lang='lat' dir='ltr'><strong>libertas,</strong></span> <span class='ocrx_word' id='word_1_25' title='bbox 699 533 860 609; x_wconf 88' lang='lat' dir='ltr'><strong>qnatenus</strong></span> <span class='ocrx_word' id='word_1_26' title='bbox 882 523 1038 591; x_wconf 78' lang='lat' dir='ltr'><strong>ecelesiae</strong></span> <span class='ocrx_word' id='word_1_27' title='bbox 1059 543 1114 587; x_wconf 88' lang='lat' dir='ltr'><strong>oa·</strong></span> <span class='ocrx_word' id='word_1_28' title='bbox 1166 519 1253 586; x_wconf 87' lang='lat' dir='ltr'><strong>unde</strong></span> <span class='ocrx_word' id='word_1_29' title='bbox 1281 523 1393 587; x_wconf 90' lang='lat' dir='ltr'><strong>statim</strong></span> <span class='ocrx_word' id='word_1_30' title='bbox 1420 521 1583 588; x_wconf 83' lang='lat' dir='ltr'><strong>eonstubit</strong></span> <span class='ocrx_word' id='word_1_31' title='bbox 1609 542 1706 605; x_wconf 88' lang='lat' dir='ltr'><strong>qnam</strong></span> <span class='ocrx_word' id='word_1_32' title='bbox 1733 521 1964 605; x_wconf 87' lang='lat' dir='ltr'><strong>intempestive</strong></span> <span class='ocrx_word' id='word_1_33' title='bbox 1992 540 2062 586; x_wconf 91' lang='lat' dir='ltr'><strong>uno</strong></span> <span class='ocrx_word' id='word_1_34' title='bbox 2083 521 2147 586; x_wconf 90' lang='lat' dir='ltr'><strong>hoe</strong></span> 
     </span>
     <span class='ocr_line' id='line_1_4' title="bbox 137 605 2149 698; baseline -0.003 -20"><span class='ocrx_word' id='word_1_35' title='bbox 137 621 198 698; x_wconf 86' lang='lat' dir='ltr'><strong>put</strong></span> <span class='ocrx_word' id='word_1_36' title='bbox 219 621 277 693; x_wconf 89' lang='lat' dir='ltr'><strong>est,</strong></span> <span class='ocrx_word' id='word_1_37' title='bbox 299 614 408 678; x_wconf 84' lang='lat' dir='ltr'><strong>omnia</strong></span> <span class='ocrx_word' id='word_1_38' title='bbox 429 612 573 696; x_wconf 89' lang='lat' dir='ltr'><strong>implere.</strong></span> <span class='ocrx_word' id='word_1_39' title='bbox 617 613 745 677; x_wconf 85' lang='lat' dir='ltr'><strong>Verum</strong></span> <span class='ocrx_word' id='word_1_40' title='bbox 766 620 975 696; x_wconf 88' lang='lat' dir='ltr'><strong>praepostere</strong></span> <span class='ocrx_word' id='word_1_41' title='bbox 993 608 1055 673; x_wconf 89' lang='lat' dir='ltr'><strong>hoe</strong></span> <span class='ocrx_word' id='word_1_42' title='bbox 1072 608 1114 674; x_wconf 84' lang='lat' dir='ltr'><strong>ed</strong></span> <span class='ocrx_word' id='word_1_43' title='bbox 1165 613 1338 693; x_wconf 85' lang='lat' dir='ltr'><strong>praetextu</strong></span> <span class='ocrx_word' id='word_1_44' title='bbox 1365 627 1426 673; x_wconf 90' lang='lat' dir='ltr'><strong>nes</strong></span> <span class='ocrx_word' id='word_1_45' title='bbox 1452 612 1659 692; x_wconf 78' lang='lat' dir='ltr'>oppugnent,</span> <span class='ocrx_word' id='word_1_46' title='bbox 1688 608 1781 690; x_wconf 89' lang='lat' dir='ltr'><strong>quasi</strong></span> <span class='ocrx_word' id='word_1_47' title='bbox 1808 614 1940 690; x_wconf 88' lang='lat' dir='ltr'><strong>tropum</strong></span> <span class='ocrx_word' id='word_1_48' title='bbox 1959 607 1996 673; x_wconf 92' lang='lat' dir='ltr'><strong>in</strong></span> <span class='ocrx_word' id='word_1_49' title='bbox 2011 605 2149 672; x_wconf 61' lang='lat' dir='ltr'><strong>vChristi</strong></span> 
     </span>
     <span class='ocr_line' id='line_1_5' title="bbox 137 690 2156 784; baseline -0.003 -20"><span class='ocrx_word' id='word_1_50' title='bbox 137 698 340 784; x_wconf 74' lang='lat' dir='ltr'><strong>probandam</strong></span> <span class='ocrx_word' id='word_1_51' title='bbox 369 701 477 765; x_wconf 91' lang='lat' dir='ltr'><strong>earnis</strong></span> <span class='ocrx_word' id='word_1_52' title='bbox 501 697 758 764; x_wconf 78' lang='lat' dir='ltr'><strong>immensitatem</strong></span> <span class='ocrx_word' id='word_1_53' title='bbox 790 697 942 762; x_wconf 81' lang='lat' dir='ltr'><strong>trahitur.</strong></span> <span class='ocrx_word' id='word_1_54' title='bbox 997 696 1115 778; x_wconf 89' lang='lat' dir='ltr'><strong>Longe</strong></span> <span class='ocrx_word' id='word_1_55' title='bbox 1166 690 1274 758; x_wconf 89' lang='lat' dir='ltr'><strong>verbis</strong></span> <span class='ocrx_word' id='word_1_56' title='bbox 1296 700 1453 777; x_wconf 78' lang='lat' dir='ltr'><strong>suggerat</strong></span> <span class='ocrx_word' id='word_1_57' title='bbox 1473 694 1566 760; x_wconf 91' lang='lat' dir='ltr'><strong>nobis</strong></span> <span class='ocrx_word' id='word_1_58' title='bbox 1587 693 1734 758; x_wconf 85' lang='lat' dir='ltr'><strong>humuna</strong></span> <span class='ocrx_word' id='word_1_59' title='bbox 1755 694 1847 758; x_wconf 91' lang='lat' dir='ltr'><strong>ratio.</strong></span> <span class='ocrx_word' id='word_1_60' title='bbox 1881 691 1994 774; x_wconf 81' lang='lat' dir='ltr'><strong>Quum</strong></span> <span class='ocrx_word' id='word_1_61' title='bbox 2015 713 2156 777; x_wconf 80' lang='lat' dir='ltr'><strong>semper·</strong></span> 
     </span>
     <span class='ocr_line' id='line_1_6' title="bbox 133 778 2148 868; baseline -0.002 -18"><span class='ocrx_word' id='word_1_62' title='bbox 133 784 227 859; x_wconf 79' lang='lat' dir='ltr'><strong>enim</strong></span> <span class='ocrx_word' id='word_1_63' title='bbox 261 785 431 868; x_wconf 89' lang='lat' dir='ltr'><strong>augustius</strong></span> <span class='ocrx_word' id='word_1_64' title='bbox 460 784 539 858; x_wconf 90' lang='lat' dir='ltr'><strong>erit,</strong></span> <span class='ocrx_word' id='word_1_65' title='bbox 576 784 726 867; x_wconf 91' lang='lat' dir='ltr'><strong>quamvis</strong></span> <span class='ocrx_word' id='word_1_66' title='bbox 765 781 946 849; x_wconf 87' lang='lat' dir='ltr'><strong>seeundum</strong></span> <span class='ocrx_word' id='word_1_67' title='bbox 981 802 1112 848; x_wconf 82' lang='lat' dir='ltr'><strong>earnem</strong></span> <span class='ocrx_word' id='word_1_68' title='bbox 1166 778 1245 844; x_wconf 86' lang='lat' dir='ltr'><strong>setis</strong></span> <span class='ocrx_word' id='word_1_69' title='bbox 1272 800 1390 843; x_wconf 90' lang='lat' dir='ltr'><strong>sonore</strong></span> <span class='ocrx_word' id='word_1_70' title='bbox 1416 779 1583 862; x_wconf 83' lang='lat' dir='ltr'><strong>professus</strong></span> <span class='ocrx_word' id='word_1_71' title='bbox 1616 779 1736 844; x_wconf 74' lang='lat' dir='ltr'><strong>inerim</strong></span> <span class='ocrx_word' id='word_1_72' title='bbox 1770 780 1817 845; x_wconf 90' lang='lat' dir='ltr'><strong>sio</strong></span> <span class='ocrx_word' id='word_1_73' title='bbox 1849 778 1944 844; x_wconf 89' lang='lat' dir='ltr'><strong>nobis</strong></span> <span class='ocrx_word' id='word_1_74' title='bbox 1972 779 2009 843; x_wconf 94' lang='lat' dir='ltr'><strong>in</strong></span> <span class='ocrx_word' id='word_1_75' title='bbox 2042 798 2148 845; x_wconf 85' lang='lat' dir='ltr'><strong>eoena</strong></span> 
     </span>
     <span class='ocr_line' id='line_1_7' title="bbox 138 864 2147 952; baseline -0.003 -16"><span class='ocrx_word' id='word_1_76' title='bbox 138 870 242 936; x_wconf 87' lang='lat' dir='ltr'><strong>eoelos</strong></span> <span class='ocrx_word' id='word_1_77' title='bbox 262 868 430 948; x_wconf 88' lang='lat' dir='ltr'><strong>inhabitet,</strong></span> <span class='ocrx_word' id='word_1_78' title='bbox 453 871 588 952; x_wconf 89' lang='lat' dir='ltr'><strong>spiritns</strong></span> <span class='ocrx_word' id='word_1_79' title='bbox 616 868 669 935; x_wconf 91' lang='lat' dir='ltr'><strong>sui</strong></span> <span class='ocrx_word' id='word_1_80' title='bbox 697 870 819 935; x_wconf 82' lang='lat' dir='ltr'><strong>virtute</strong></span> <span class='ocrx_word' id='word_1_81' title='bbox 847 889 978 934; x_wconf 90' lang='lat' dir='ltr'><strong>sursum</strong></span> <span class='ocrx_word' id='word_1_82' title='bbox 1002 875 1035 931; x_wconf 91' lang='lat' dir='ltr'><strong>et</strong></span> <span class='ocrx_word' id='word_1_83' title='bbox 1057 865 1113 931; x_wconf 91' lang='lat' dir='ltr'><strong>de-</strong></span> <span class='ocrx_word' id='word_1_84' title='bbox 1164 865 1395 930; x_wconf 90' lang='lat' dir='ltr'><strong>oemmunieari</strong></span> <span class='ocrx_word' id='word_1_85' title='bbox 1418 864 1603 942; x_wconf 77' lang='lat' dir='ltr'><strong>Christum,</strong></span> <span class='ocrx_word' id='word_1_86' title='bbox 1631 872 1671 930; x_wconf 92' lang='grc' dir='ltr'><strong>ιιι</strong></span> <span class='ocrx_word' id='word_1_87' title='bbox 1690 864 1807 931; x_wconf 89' lang='lat' dir='ltr'><strong>modus</strong></span> <span class='ocrx_word' id='word_1_88' title='bbox 1828 865 1872 931; x_wconf 90' lang='lat' dir='ltr'><strong>sit</strong></span> <span class='ocrx_word' id='word_1_89' title='bbox 1891 865 2147 949; x_wconf 86' lang='lat' dir='ltr'><strong>ineomprehen·</strong></span> 
     </span>
     <span class='ocr_line' id='line_1_8' title="bbox 138 948 2147 1039; baseline -0.002 -17"><span class='ocrx_word' id='word_1_90' title='bbox 138 977 250 1022; x_wconf 91' lang='lat' dir='ltr'><strong>orsum</strong></span> <span class='ocrx_word' id='word_1_91' title='bbox 260 965 464 1039; x_wconf 83' lang='lat' dir='ltr'><strong>praesentem</strong></span> <span class='ocrx_word' id='word_1_92' title='bbox 476 977 512 1020; x_wconf 92' lang='lat' dir='ltr'><strong>se</strong></span> <span class='ocrx_word' id='word_1_93' title='bbox 529 953 692 1035; x_wconf 90' lang='lat' dir='ltr'><strong>exhibere,</strong></span> <span class='ocrx_word' id='word_1_94' title='bbox 711 963 749 1018; x_wconf 93' lang='lat' dir='ltr'><strong>nt</strong></span> <span class='ocrx_word' id='word_1_95' title='bbox 768 955 875 1020; x_wconf 90' lang='lat' dir='ltr'><strong>visum</strong></span> <span class='ocrx_word' id='word_1_96' title='bbox 887 962 945 1033; x_wconf 90' lang='lat' dir='ltr'><strong>est,</strong></span> <span class='ocrx_word' id='word_1_97' title='bbox 967 974 1066 1037; x_wconf 86' lang='lat' dir='ltr'><strong>quem</strong></span> <span class='ocrx_word' id='word_1_98' title='bbox 1085 954 1113 1018; x_wconf 89' lang='lat' dir='ltr'><strong>si</strong></span> <span class='ocrx_word' id='word_1_99' title='bbox 1164 948 1284 1014; x_wconf 86' lang='lat' dir='ltr'><strong>sibilis:</strong></span> <span class='ocrx_word' id='word_1_100' title='bbox 1306 950 1443 1034; x_wconf 91' lang='lat' dir='ltr'><strong>ideoque</strong></span> <span class='ocrx_word' id='word_1_101' title='bbox 1464 952 1658 1036; x_wconf 78' lang='lat' dir='ltr'><strong>mysterium</strong></span> <span class='ocrx_word' id='word_1_102' title='bbox 1680 950 1750 1031; x_wconf 91' lang='lat' dir='ltr'><strong>hee,</strong></span> <span class='ocrx_word' id='word_1_103' title='bbox 1772 950 1858 1034; x_wconf 91' lang='lat' dir='ltr'><strong>quod</strong></span> <span class='ocrx_word' id='word_1_104' title='bbox 1874 972 1999 1016; x_wconf 81' lang='lat' dir='ltr'><strong>sensus·</strong></span> <span class='ocrx_word' id='word_1_105' title='bbox 2011 957 2147 1018; x_wconf 86' lang='lat' dir='ltr'><strong>nostros</strong></span> 
     </span>
     <span class='ocr_line' id='line_1_9' title="bbox 138 1034 2147 1124; baseline -0.002 -16"><span class='ocrx_word' id='word_1_106' title='bbox 138 1043 245 1108; x_wconf 83' lang='lat' dir='ltr'><strong>earnis</strong></span> <span class='ocrx_word' id='word_1_107' title='bbox 267 1042 469 1124; x_wconf 88' lang='lat' dir='ltr'><strong>praesentiae</strong></span> <span class='ocrx_word' id='word_1_108' title='bbox 491 1042 674 1106; x_wconf 87' lang='lat' dir='ltr'><strong>neeessario</strong></span> <span class='ocrx_word' id='word_1_109' title='bbox 695 1039 850 1124; x_wconf 88' lang='lat' dir='ltr'><strong>alligetur</strong></span> <span class='ocrx_word' id='word_1_110' title='bbox 867 1037 1022 1122; x_wconf 86' lang='lat' dir='ltr'><strong>operandi</strong></span> <span class='ocrx_word' id='word_1_111' title='bbox 1045 1038 1112 1104; x_wconf 90' lang='lat' dir='ltr'><strong>vir·</strong></span> <span class='ocrx_word' id='word_1_112' title='bbox 1164 1034 1262 1120; x_wconf 92' lang='lat' dir='ltr'><strong>longe</strong></span> <span class='ocrx_word' id='word_1_113' title='bbox 1279 1046 1421 1119; x_wconf 88' lang='lat' dir='ltr'><strong>superat,</strong></span> <span class='ocrx_word' id='word_1_114' title='bbox 1444 1035 1622 1103; x_wconf 91' lang='lat' dir='ltr'><strong>nobisesse</strong></span> <span class='ocrx_word' id='word_1_115' title='bbox 1644 1036 1864 1102; x_wconf 89' lang='lat' dir='ltr'><strong>adorandum:</strong></span> <span class='ocrx_word' id='word_1_116' title='bbox 1887 1036 1966 1120; x_wconf 89' lang='lat' dir='ltr'><strong>quid</strong></span> <span class='ocrx_word' id='word_1_117' title='bbox 1987 1037 2050 1104; x_wconf 91' lang='lat' dir='ltr'><strong>sihi</strong></span> <span class='ocrx_word' id='word_1_118' title='bbox 2071 1036 2147 1103; x_wconf 91' lang='lat' dir='ltr'><strong>vult</strong></span> 
     </span>
     <span class='ocr_line' id='line_1_10' title="bbox 139 1121 2148 1211; baseline -0.001 -18"><span class='ocrx_word' id='word_1_119' title='bbox 139 1137 201 1193; x_wconf 89' lang='lat' dir='ltr'><strong>tus.</strong></span> <span class='ocrx_word' id='word_1_120' title='bbox 235 1127 385 1193; x_wconf 90' lang='lat' dir='ltr'><strong>Dioimns</strong></span> <span class='ocrx_word' id='word_1_121' title='bbox 396 1126 568 1192; x_wconf 90' lang='lat' dir='ltr'><strong>Christum</strong></span> <span class='ocrx_word' id='word_1_122' title='bbox 590 1125 803 1211; x_wconf 87' lang='lat' dir='ltr'><strong>mediatorem</strong></span> <span class='ocrx_word' id='word_1_123' title='bbox 824 1124 969 1190; x_wconf 89' lang='lat' dir='ltr'><strong>leeorum</strong></span> <span class='ocrx_word' id='word_1_124' title='bbox 988 1124 1112 1189; x_wconf 92' lang='lat' dir='ltr'><strong>distan·</strong></span> <span class='ocrx_word' id='word_1_125' title='bbox 1164 1121 1282 1185; x_wconf 83' lang='lat' dir='ltr'><strong>nonina</strong></span> <span class='ocrx_word' id='word_1_126' title='bbox 1303 1122 1368 1187; x_wconf 90' lang='lat' dir='ltr'><strong>ista</strong></span> <span class='ocrx_word' id='word_1_127' title='bbox 1387 1121 1590 1205; x_wconf 88' lang='lat' dir='ltr'><strong>improbitas,</strong></span> <span class='ocrx_word' id='word_1_128' title='bbox 1618 1122 1703 1187; x_wconf 88' lang='lat' dir='ltr'><strong>nihil</strong></span> <span class='ocrx_word' id='word_1_129' title='bbox 1725 1145 1784 1189; x_wconf 92' lang='lat' dir='ltr'><strong>nos</strong></span> <span class='ocrx_word' id='word_1_130' title='bbox 1806 1122 1948 1202; x_wconf 89' lang='lat' dir='ltr'><strong>eredere,</strong></span> <span class='ocrx_word' id='word_1_131' title='bbox 1970 1123 2148 1206; x_wconf 85' lang='lat' dir='ltr'><strong>nisi-qnod·</strong></span> 
     </span>
     <span class='ocr_line' id='line_1_11' title="bbox 76 1203 2145 1296; baseline -0.001 -18"><span class='ocrx_word' id='word_1_132' title='bbox 76 1229 80 1233; x_wconf 77' lang='grc'><em>’</em></span> <span class='ocrx_word' id='word_1_133' title='bbox 137 1215 184 1278; x_wconf 87' lang='lat' dir='ltr'><strong>tie</strong></span> <span class='ocrx_word' id='word_1_134' title='bbox 204 1234 269 1277; x_wconf 92' lang='lat' dir='ltr'><strong>non</strong></span> <span class='ocrx_word' id='word_1_135' title='bbox 287 1211 449 1296; x_wconf 91' lang='lat' dir='ltr'><strong>impediri,</strong></span> <span class='ocrx_word' id='word_1_136' title='bbox 468 1216 542 1291; x_wconf 85' lang='lat' dir='ltr'><strong>[pag.</strong></span> <span class='ocrx_word' id='word_1_137' title='bbox 556 1216 632 1291; x_wconf 79' lang='grc'>314]</span> <span class='ocrx_word' id='word_1_138' title='bbox 653 1213 827 1296; x_wconf 91' lang='lat' dir='ltr'><strong>quominus</strong></span> <span class='ocrx_word' id='word_1_139' title='bbox 844 1211 946 1276; x_wconf 89' lang='lat' dir='ltr'><strong>vitam</strong></span> <span class='ocrx_word' id='word_1_140' title='bbox 964 1211 1112 1276; x_wconf 89' lang='lat' dir='ltr'><strong>nobisex</strong></span> <span class='ocrx_word' id='word_1_141' title='bbox 1164 1203 1268 1272; x_wconf 89' lang='lat' dir='ltr'><strong>dietat</strong></span> <span class='ocrx_word' id='word_1_142' title='bbox 1288 1206 1434 1273; x_wconf 87' lang='lat' dir='ltr'><strong>humanu</strong></span> <span class='ocrx_word' id='word_1_143' title='bbox 1454 1208 1561 1273; x_wconf 78' lang='lat' dir='ltr'><strong>ratio?</strong></span> <span class='ocrx_word' id='word_1_144' title='bbox 1595 1213 1645 1274; x_wconf 80' lang='lat' dir='ltr'><strong>Ae</strong></span> <span class='ocrx_word' id='word_1_145' title='bbox 1662 1209 1729 1274; x_wconf 93' lang='lat' dir='ltr'><strong>iam</strong></span> <span class='ocrx_word' id='word_1_146' title='bbox 1739 1208 1910 1293; x_wconf 81' lang='lat' dir='ltr'><strong>aliquoties</strong></span> <span class='ocrx_word' id='word_1_147' title='bbox 1930 1229 2033 1292; x_wconf 88' lang='lat' dir='ltr'><strong>snpra</strong></span> <span class='ocrx_word' id='word_1_148' title='bbox 2049 1231 2145 1276; x_wconf 92' lang='lat' dir='ltr'><strong>mon·</strong></span> 
     </span>
     <span class='ocr_line' id='line_1_12' title="bbox 137 1292 2146 1380; baseline -0.002 -14"><span class='ocrx_word' id='word_1_149' title='bbox 137 1319 304 1366; x_wconf 90' lang='lat' dir='ltr'><strong>earnesua</strong></span> <span class='ocrx_word' id='word_1_150' title='bbox 315 1297 462 1376; x_wconf 87' lang='lat' dir='ltr'><strong>instillet,</strong></span> <span class='ocrx_word' id='word_1_151' title='bbox 476 1317 514 1362; x_wconf 91' lang='lat' dir='ltr'><strong>ae</strong></span> <span class='ocrx_word' id='word_1_152' title='bbox 526 1307 730 1380; x_wconf 88' lang='lat' dir='ltr'><strong>praesentem</strong></span> <span class='ocrx_word' id='word_1_153' title='bbox 742 1296 1112 1362; x_wconf 87' lang='lat' dir='ltr'><strong>eiusearniseffieaeiam</strong></span> <span class='ocrx_word' id='word_1_154' title='bbox 1164 1292 1276 1371; x_wconf 87' lang='lat' dir='ltr'><strong>stravi,</strong></span> <span class='ocrx_word' id='word_1_155' title='bbox 1300 1314 1366 1357; x_wconf 92' lang='lat' dir='ltr'><strong>non</strong></span> <span class='ocrx_word' id='word_1_156' title='bbox 1386 1293 1519 1362; x_wconf 83' lang='lat' dir='ltr'><strong>aliunde</strong></span> <span class='ocrx_word' id='word_1_157' title='bbox 1542 1315 1640 1378; x_wconf 89' lang='lat' dir='ltr'><strong>quem</strong></span> <span class='ocrx_word' id='word_1_158' title='bbox 1660 1299 1735 1374; x_wconf 74' lang='lat' dir='ltr'><strong>[pag.</strong></span> <span class='ocrx_word' id='word_1_159' title='bbox 1761 1299 1837 1374; x_wconf 82' lang='grc'>317]</span> <span class='ocrx_word' id='word_1_160' title='bbox 1858 1316 1900 1361; x_wconf 91' lang='lat' dir='ltr'><strong>ex</strong></span> <span class='ocrx_word' id='word_1_161' title='bbox 1922 1297 2090 1362; x_wconf 90' lang='lat' dir='ltr'><strong>eommuni</strong></span> <span class='ocrx_word' id='word_1_162' title='bbox 2111 1302 2146 1362; x_wconf 92' lang='lat' dir='ltr'><strong>et</strong></span> 
     </span>
     <span class='ocr_line' id='line_1_13' title="bbox 137 1381 2149 1467; baseline -0.001 -17"><span class='ocrx_word' id='word_1_163' title='bbox 137 1393 283 1463; x_wconf 88' lang='lat' dir='ltr'><strong>exseret,</strong></span> <span class='ocrx_word' id='word_1_164' title='bbox 314 1386 347 1448; x_wconf 93' lang='lat' dir='ltr'><strong>in</strong></span> <span class='ocrx_word' id='word_1_165' title='bbox 370 1405 434 1466; x_wconf 90' lang='lat' dir='ltr'><strong>qna</strong></span> <span class='ocrx_word' id='word_1_166' title='bbox 460 1384 561 1449; x_wconf 91' lang='lat' dir='ltr'><strong>semel</strong></span> <span class='ocrx_word' id='word_1_167' title='bbox 583 1404 642 1448; x_wconf 91' lang='lat' dir='ltr'><strong>nos</strong></span> <span class='ocrx_word' id='word_1_168' title='bbox 664 1382 886 1448; x_wconf 88' lang='lat' dir='ltr'><strong>reooneilievit</strong></span> <span class='ocrx_word' id='word_1_169' title='bbox 907 1382 1007 1464; x_wconf 88' lang='lat' dir='ltr'><strong>patri:</strong></span> <span class='ocrx_word' id='word_1_170' title='bbox 1040 1402 1111 1447; x_wconf 86' lang='lat' dir='ltr'><strong>ear·</strong></span> <span class='ocrx_word' id='word_1_171' title='bbox 1163 1385 1323 1460; x_wconf 88' lang='lat' dir='ltr'><strong>perpetuo</strong></span> <span class='ocrx_word' id='word_1_172' title='bbox 1345 1398 1456 1445; x_wconf 86' lang='lat' dir='ltr'><strong>suerae</strong></span> <span class='ocrx_word' id='word_1_173' title='bbox 1478 1381 1660 1463; x_wconf 78' lang='lat' dir='ltr'><strong>scripturae</strong></span> <span class='ocrx_word' id='word_1_174' title='bbox 1681 1401 1746 1447; x_wconf 89' lang='lat' dir='ltr'><strong>usn</strong></span> <span class='ocrx_word' id='word_1_175' title='bbox 1767 1402 1827 1446; x_wconf 92' lang='lat' dir='ltr'><strong>uos</strong></span> <span class='ocrx_word' id='word_1_176' title='bbox 1849 1381 2087 1467; x_wconf 78' lang='lat' dir='ltr'><strong>metonymiam</strong></span> <span class='ocrx_word' id='word_1_177' title='bbox 2108 1383 2149 1448; x_wconf 82' lang='lat' dir='ltr'><strong>in</strong></span> 
     </span>
     <span class='ocr_line' id='line_1_14' title="bbox 136 1464 2144 1553; baseline -0.001 -18"><span class='ocrx_word' id='word_1_178' title='bbox 136 1491 213 1535; x_wconf 91' lang='lat' dir='ltr'><strong>nem</strong></span> <span class='ocrx_word' id='word_1_179' title='bbox 241 1469 333 1534; x_wconf 89' lang='lat' dir='ltr'><strong>illam</strong></span> <span class='ocrx_word' id='word_1_180' title='bbox 362 1467 588 1552; x_wconf 82' lang='lat' dir='ltr'><strong>praedicamus</strong></span> <span class='ocrx_word' id='word_1_181' title='bbox 616 1490 682 1533; x_wconf 93' lang='lat' dir='ltr'><strong>non</strong></span> <span class='ocrx_word' id='word_1_182' title='bbox 712 1489 807 1536; x_wconf 87' lang='lat' dir='ltr'><strong>seona</strong></span> <span class='ocrx_word' id='word_1_183' title='bbox 836 1488 907 1553; x_wconf 82' lang='lat' dir='ltr'><strong>esse</strong></span> <span class='ocrx_word' id='word_1_184' title='bbox 932 1467 1110 1544; x_wconf 89' lang='lat' dir='ltr'><strong>vivifioam,</strong></span> <span class='ocrx_word' id='word_1_185' title='bbox 1163 1465 1375 1529; x_wconf 79' lang='lat' dir='ltr'><strong>sacrementis</strong></span> <span class='ocrx_word' id='word_1_186' title='bbox 1398 1473 1551 1532; x_wconf 87' lang='lat' dir='ltr'><strong>statuere.</strong></span> <span class='ocrx_word' id='word_1_187' title='bbox 1584 1464 1714 1533; x_wconf 88' lang='lat' dir='ltr'><strong>Deinde</strong></span> <span class='ocrx_word' id='word_1_188' title='bbox 1735 1465 1778 1531; x_wconf 87' lang='lat' dir='ltr'><strong>ad</strong></span> <span class='ocrx_word' id='word_1_189' title='bbox 1798 1467 1996 1550; x_wconf 85' lang='lat' dir='ltr'><strong>henequum</strong></span> <span class='ocrx_word' id='word_1_190' title='bbox 2018 1487 2144 1552; x_wconf 90' lang='lat' dir='ltr'><strong>oppug-</strong></span> 
     </span>
     <span class='ocr_line' id='line_1_15' title="bbox 137 1549 2143 1638; baseline -0.001 -16"><span class='ocrx_word' id='word_1_191' title='bbox 137 1575 176 1622; x_wconf 85' lang='lat' dir='ltr'><strong>ee</strong></span> <span class='ocrx_word' id='word_1_192' title='bbox 204 1564 334 1620; x_wconf 90' lang='lat' dir='ltr'><strong>terreno</strong></span> <span class='ocrx_word' id='word_1_193' title='bbox 362 1576 446 1636; x_wconf 91' lang='lat' dir='ltr'><strong>pane</strong></span> <span class='ocrx_word' id='word_1_194' title='bbox 475 1575 592 1637; x_wconf 89' lang='lat' dir='ltr'><strong>eorpus</strong></span> <span class='ocrx_word' id='word_1_195' title='bbox 618 1561 769 1619; x_wconf 90' lang='lat' dir='ltr'><strong>nostrum</strong></span> <span class='ocrx_word' id='word_1_196' title='bbox 797 1555 906 1619; x_wconf 88' lang='lat' dir='ltr'><strong>alitur.</strong></span> <span class='ocrx_word' id='word_1_197' title='bbox 962 1552 1113 1635; x_wconf 82' lang='lat' dir='ltr'><strong>Superba</strong></span> <span class='ocrx_word' id='word_1_198' title='bbox 1163 1558 1246 1613; x_wconf 82' lang='lat' dir='ltr'><strong>nent</strong></span> <span class='ocrx_word' id='word_1_199' title='bbox 1264 1549 1569 1633; x_wconf 86' lang='lat' dir='ltr'><strong>interpretationem</strong></span> <span class='ocrx_word' id='word_1_200' title='bbox 1585 1572 1653 1617; x_wconf 89' lang='lat' dir='ltr'><strong>uon</strong></span> <span class='ocrx_word' id='word_1_201' title='bbox 1675 1561 1743 1616; x_wconf 90' lang='lat' dir='ltr'><strong>tam</strong></span> <span class='ocrx_word' id='word_1_202' title='bbox 1759 1552 1906 1638; x_wconf 90' lang='lat' dir='ltr'><strong>physiuis</strong></span> <span class='ocrx_word' id='word_1_203' title='bbox 1927 1554 2143 1638; x_wconf 88' lang='lat' dir='ltr'><strong>argumentis,</strong></span> 
     </span>
     <span class='ocr_line' id='line_1_16' title="bbox 136 1636 2145 1725; baseline 0 -20"><span class='ocrx_word' id='word_1_204' title='bbox 136 1642 200 1706; x_wconf 87' lang='lat' dir='ltr'><strong>ista</strong></span> <span class='ocrx_word' id='word_1_205' title='bbox 217 1641 390 1725; x_wconf 87' lang='lat' dir='ltr'><strong>gigantum</strong></span> <span class='ocrx_word' id='word_1_206' title='bbox 407 1640 514 1717; x_wconf 87' lang='lat' dir='ltr'><strong>faetio,</strong></span> <span class='ocrx_word' id='word_1_207' title='bbox 532 1640 597 1704; x_wconf 90' lang='lat' dir='ltr'><strong>nisi</strong></span> <span class='ocrx_word' id='word_1_208' title='bbox 608 1660 716 1705; x_wconf 89' lang='lat' dir='ltr'><strong>eoram</strong></span> <span class='ocrx_word' id='word_1_209' title='bbox 735 1640 872 1706; x_wconf 86' lang='lat' dir='ltr'><strong>sistetur</strong></span> <span class='ocrx_word' id='word_1_210' title='bbox 889 1660 964 1705; x_wconf 89' lang='lat' dir='ltr'><strong>earo</strong></span> <span class='ocrx_word' id='word_1_211' title='bbox 976 1638 1111 1717; x_wconf 90' lang='lat' dir='ltr'><strong>Christi,</strong></span> <span class='ocrx_word' id='word_1_212' title='bbox 1163 1653 1262 1717; x_wconf 89' lang='lat' dir='ltr'><strong>qnam</strong></span> <span class='ocrx_word' id='word_1_213' title='bbox 1284 1636 1476 1702; x_wconf 78' lang='lat' dir='ltr'><strong>coelestibus</strong></span> <span class='ocrx_word' id='word_1_214' title='bbox 1499 1638 1639 1704; x_wconf 89' lang='lat' dir='ltr'><strong>oraoulis</strong></span> <span class='ocrx_word' id='word_1_215' title='bbox 1660 1640 1740 1722; x_wconf 87' lang='lat' dir='ltr'><strong>eogi.</strong></span> <span class='ocrx_word' id='word_1_216' title='bbox 1789 1637 1978 1704; x_wconf 82' lang='lat' dir='ltr'><strong>Pleusibilis</strong></span> <span class='ocrx_word' id='word_1_217' title='bbox 1998 1641 2072 1706; x_wconf 88' lang='lat' dir='ltr'><strong>visa</strong></span> <span class='ocrx_word' id='word_1_218' title='bbox 2094 1646 2145 1706; x_wconf 84' lang='lat' dir='ltr'><strong>est</strong></span> 
     </span>
     <span class='ocr_line' id='line_1_17' title="bbox 137 1721 2143 1809; baseline -0 -18"><span class='ocrx_word' id='word_1_219' title='bbox 137 1726 264 1791; x_wconf 92' lang='lat' dir='ltr'><strong>nullam</strong></span> <span class='ocrx_word' id='word_1_220' title='bbox 286 1726 356 1791; x_wconf 88' lang='lat' dir='ltr'><strong>eius</strong></span> <span class='ocrx_word' id='word_1_221' title='bbox 378 1727 594 1809; x_wconf 86' lang='lat' dir='ltr'><strong>praesentiam</strong></span> <span class='ocrx_word' id='word_1_222' title='bbox 616 1749 634 1791; x_wconf 86' lang='lat' dir='ltr'><strong>a</strong></span> <span class='ocrx_word' id='word_1_223' title='bbox 683 1727 771 1791; x_wconf 89' lang='lat' dir='ltr'><strong>eseit.</strong></span> <span class='ocrx_word' id='word_1_224' title='bbox 817 1727 872 1790; x_wconf 84' lang='lat' dir='ltr'><strong>An</strong></span> <span class='ocrx_word' id='word_1_225' title='bbox 894 1746 960 1789; x_wconf 92' lang='lat' dir='ltr'><strong>non</strong></span> <span class='ocrx_word' id='word_1_226' title='bbox 982 1723 1044 1789; x_wconf 91' lang='lat' dir='ltr'><strong>hoe</strong></span> <span class='ocrx_word' id='word_1_227' title='bbox 1062 1732 1113 1788; x_wconf 89' lang='lat' dir='ltr'><strong>est</strong></span> <span class='ocrx_word' id='word_1_228' title='bbox 1163 1721 1227 1784; x_wconf 87' lang='lat' dir='ltr'><strong>ista</strong></span> <span class='ocrx_word' id='word_1_229' title='bbox 1244 1721 1452 1787; x_wconf 79' lang='lat' dir='ltr'><strong>exclamatio:</strong></span> <span class='ocrx_word' id='word_1_230' title='bbox 1471 1723 1620 1789; x_wconf 86' lang='lat' dir='ltr'><strong>Andisne</strong></span> <span class='ocrx_word' id='word_1_231' title='bbox 1638 1724 1736 1790; x_wconf 81' lang='lat' dir='ltr'><strong>earo?</strong></span> <span class='ocrx_word' id='word_1_232' title='bbox 1754 1724 1890 1790; x_wconf 80' lang='lat' dir='ltr'><strong>audisne</strong></span> <span class='ocrx_word' id='word_1_233' title='bbox 1907 1725 2017 1790; x_wconf 81' lang='lat' dir='ltr'><strong>ratio?</strong></span> <span class='ocrx_word' id='word_1_234' title='bbox 2053 1725 2143 1792; x_wconf 91' lang='lat' dir='ltr'><strong>Con·</strong></span> 
     </span>
     <span class='ocr_line' id='line_1_18' title="bbox 136 1806 2143 1896; baseline -0 -18"><span class='ocrx_word' id='word_1_235' title='bbox 136 1833 212 1879; x_wconf 90' lang='lat' dir='ltr'><strong>enm</strong></span> <span class='ocrx_word' id='word_1_236' title='bbox 245 1811 280 1875; x_wconf 94' lang='lat' dir='ltr'><strong>in</strong></span> <span class='ocrx_word' id='word_1_237' title='bbox 307 1811 475 1896; x_wconf 90' lang='lat' dir='ltr'><strong>angustias</strong></span> <span class='ocrx_word' id='word_1_238' title='bbox 510 1831 626 1893; x_wconf 87' lang='lat' dir='ltr'><strong>eogere</strong></span> <span class='ocrx_word' id='word_1_239' title='bbox 709 1810 879 1892; x_wconf 78' lang='lat' dir='ltr'><strong>Quomodo</strong></span> <span class='ocrx_word' id='word_1_240' title='bbox 912 1831 930 1875; x_wconf 88' lang='lat' dir='ltr'><strong>e</strong></span> <span class='ocrx_word' id='word_1_241' title='bbox 963 1809 1112 1894; x_wconf 91' lang='lat' dir='ltr'><strong>sepulero</strong></span> <span class='ocrx_word' id='word_1_242' title='bbox 1164 1806 1274 1888; x_wconf 85' lang='lat' dir='ltr'><strong>sidera¹</strong></span> <span class='ocrx_word' id='word_1_243' title='bbox 1294 1807 1416 1887; x_wconf 85' lang='lat' dir='ltr'><strong>literas,</strong></span> <span class='ocrx_word' id='word_1_244' title='bbox 1438 1809 1607 1874; x_wconf 89' lang='lat' dir='ltr'><strong>eousidera</strong></span> <span class='ocrx_word' id='word_1_245' title='bbox 1629 1831 1770 1888; x_wconf 90' lang='lat' dir='ltr'><strong>sensum,</strong></span> <span class='ocrx_word' id='word_1_246' title='bbox 1799 1831 1874 1876; x_wconf 91' lang='lat' dir='ltr'><strong>reos</strong></span> <span class='ocrx_word' id='word_1_247' title='bbox 1895 1812 2006 1876; x_wconf 87' lang='lat' dir='ltr'><strong>voeari</strong></span> <span class='ocrx_word' id='word_1_248' title='bbox 2028 1832 2143 1896; x_wconf 90' lang='lat' dir='ltr'><strong>eorpo-</strong></span> 
     </span>
     <span class='ocr_line' id='line_1_19' title="bbox 137 1893 2143 1983; baseline 0 -21"><span class='ocrx_word' id='word_1_249' title='bbox 137 1897 246 1983; x_wconf 83' lang='lat' dir='ltr'><strong>elanso</strong></span> <span class='ocrx_word' id='word_1_250' title='bbox 269 1898 394 1973; x_wconf 90' lang='lat' dir='ltr'><strong>exierit,</strong></span> <span class='ocrx_word' id='word_1_251' title='bbox 418 1905 452 1962; x_wconf 90' lang='lat' dir='ltr'><strong>et</strong></span> <span class='ocrx_word' id='word_1_252' title='bbox 472 1918 531 1980; x_wconf 90' lang='lat' dir='ltr'><strong>per</strong></span> <span class='ocrx_word' id='word_1_253' title='bbox 552 1898 638 1962; x_wconf 88' lang='lat' dir='ltr'><strong>fores</strong></span> <span class='ocrx_word' id='word_1_254' title='bbox 660 1897 787 1963; x_wconf 84' lang='lat' dir='ltr'><strong>eleusas</strong></span> <span class='ocrx_word' id='word_1_255' title='bbox 815 1897 984 1980; x_wconf 88' lang='lat' dir='ltr'><strong>ingressus</strong></span> <span class='ocrx_word' id='word_1_256' title='bbox 1005 1897 1049 1961; x_wconf 95' lang='lat' dir='ltr'><strong>sit</strong></span> <span class='ocrx_word' id='word_1_257' title='bbox 1070 1895 1112 1961; x_wconf 84' lang='lat' dir='ltr'><strong>ad</strong></span> <span class='ocrx_word' id='word_1_258' title='bbox 1163 1893 1210 1956; x_wconf 89' lang='lat' dir='ltr'><strong>ris</strong></span> <span class='ocrx_word' id='word_1_259' title='bbox 1232 1901 1266 1956; x_wconf 93' lang='lat' dir='ltr'><strong>et</strong></span> <span class='ocrx_word' id='word_1_260' title='bbox 1284 1895 1454 1977; x_wconf 80' lang='lat' dir='ltr'><strong>sanguinis</strong></span> <span class='ocrx_word' id='word_1_261' title='bbox 1475 1897 1660 1980; x_wconf 91' lang='lat' dir='ltr'><strong>quieunque</strong></span> <span class='ocrx_word' id='word_1_262' title='bbox 1671 1896 1805 1980; x_wconf 86' lang='lat' dir='ltr'><strong>indigne</strong></span> <span class='ocrx_word' id='word_1_263' title='bbox 1815 1895 2024 1977; x_wconf 84' lang='lat' dir='ltr'><strong>manducant,</strong></span> <span class='ocrx_word' id='word_1_264' title='bbox 2045 1896 2143 1963; x_wconf 90' lang='lat' dir='ltr'><strong>modo</strong></span> 
     </span>
     <span class='ocr_line' id='line_1_20' title="bbox 137 1976 2143 2066; baseline 0 -17"><span class='ocrx_word' id='word_1_265' title='bbox 137 1983 321 2066; x_wconf 79' lang='lat' dir='ltr'><strong>discipulos,</strong></span> <span class='ocrx_word' id='word_1_266' title='bbox 345 1982 423 2047; x_wconf 88' lang='lat' dir='ltr'><strong>alibi</strong></span> <span class='ocrx_word' id='word_1_267' title='bbox 445 1984 596 2066; x_wconf 79' lang='lat' dir='ltr'><strong>exposui:</strong></span> <span class='ocrx_word' id='word_1_268' title='bbox 625 1991 664 2047; x_wconf 91' lang='lat' dir='ltr'><strong>ut</strong></span> <span class='ocrx_word' id='word_1_269' title='bbox 689 1981 812 2065; x_wconf 93' lang='lat' dir='ltr'><strong>liquido</strong></span> <span class='ocrx_word' id='word_1_270' title='bbox 835 1988 973 2060; x_wconf 81' lang='lat' dir='ltr'><strong>constet,</strong></span> <span class='ocrx_word' id='word_1_271' title='bbox 996 2002 1111 2065; x_wconf 88' lang='lat' dir='ltr'><strong>perpe·</strong></span> <span class='ocrx_word' id='word_1_272' title='bbox 1164 1976 1317 2043; x_wconf 91' lang='lat' dir='ltr'><strong>obediant</strong></span> <span class='ocrx_word' id='word_1_273' title='bbox 1337 1981 1560 2046; x_wconf 60' lang='lat' dir='ltr'><strong>institutionis</strong></span> <span class='ocrx_word' id='word_1_274' title='bbox 1584 2003 1650 2047; x_wconf 91' lang='lat' dir='ltr'><strong>non</strong></span> <span class='ocrx_word' id='word_1_275' title='bbox 1672 1984 1831 2047; x_wconf 88' lang='lat' dir='ltr'><strong>mentitur</strong></span> <span class='ocrx_word' id='word_1_276' title='bbox 1852 1983 2003 2065; x_wconf 90' lang='lat' dir='ltr'><strong>spiritus,</strong></span> <span class='ocrx_word' id='word_1_277' title='bbox 2033 1984 2143 2050; x_wconf 92' lang='lat' dir='ltr'><strong>omnis</strong></span> 
     </span>
     <span class='ocr_line' id='line_1_21' title="bbox 136 2065 2143 2153; baseline -0 -18"><span class='ocrx_word' id='word_1_278' title='bbox 136 2091 207 2135; x_wconf 90' lang='lat' dir='ltr'><strong>ram</strong></span> <span class='ocrx_word' id='word_1_279' title='bbox 230 2077 264 2133; x_wconf 92' lang='lat' dir='ltr'><strong>et</strong></span> <span class='ocrx_word' id='word_1_280' title='bbox 285 2069 400 2135; x_wconf 89' lang='lat' dir='ltr'><strong>inseite</strong></span> <span class='ocrx_word' id='word_1_281' title='bbox 422 2068 483 2133; x_wconf 92' lang='lat' dir='ltr'><strong>hoo</strong></span> <span class='ocrx_word' id='word_1_282' title='bbox 505 2077 678 2150; x_wconf 89' lang='lat' dir='ltr'><strong>praetextu</strong></span> <span class='ocrx_word' id='word_1_283' title='bbox 700 2066 823 2152; x_wconf 77' lang='lat' dir='ltr'><strong>colligi,</strong></span> <span class='ocrx_word' id='word_1_284' title='bbox 851 2067 975 2132; x_wconf 88' lang='lat' dir='ltr'><strong>Christi</strong></span> <span class='ocrx_word' id='word_1_285' title='bbox 999 2088 1112 2134; x_wconf 89' lang='lat' dir='ltr'><strong>aseen·</strong></span> <span class='ocrx_word' id='word_1_286' title='bbox 1164 2070 1275 2127; x_wconf 89' lang='lat' dir='ltr'><strong>eutem</strong></span> <span class='ocrx_word' id='word_1_287' title='bbox 1293 2065 1389 2130; x_wconf 91' lang='lat' dir='ltr'><strong>homo</strong></span> <span class='ocrx_word' id='word_1_288' title='bbox 1411 2066 1561 2131; x_wconf 70' lang='lat' dir='ltr'><strong>mendax,</strong></span> <span class='ocrx_word' id='word_1_289' title='bbox 1613 2066 1652 2134; x_wconf 85' lang='lat' dir='ltr'><strong>Si</strong></span> <span class='ocrx_word' id='word_1_290' title='bbox 1674 2068 1746 2151; x_wconf 90' lang='lat' dir='ltr'><strong>quis</strong></span> <span class='ocrx_word' id='word_1_291' title='bbox 1769 2088 1839 2133; x_wconf 90' lang='lat' dir='ltr'><strong>rem</strong></span> <span class='ocrx_word' id='word_1_292' title='bbox 1862 2088 1882 2132; x_wconf 90' lang='lat' dir='ltr'><strong>a</strong></span> <span class='ocrx_word' id='word_1_293' title='bbox 1903 2070 1999 2153; x_wconf 88' lang='lat' dir='ltr'><strong>signo</strong></span> <span class='ocrx_word' id='word_1_294' title='bbox 2020 2068 2143 2135; x_wconf 87' lang='lat' dir='ltr'><strong>avelle·</strong></span> 
     </span>
     <span class='ocr_line' id='line_1_22' title="bbox 136 2151 2142 2238; baseline 0 -17"><span class='ocrx_word' id='word_1_295' title='bbox 136 2176 209 2221; x_wconf 91' lang='lat' dir='ltr'><strong>sum</strong></span> <span class='ocrx_word' id='word_1_296' title='bbox 231 2176 339 2221; x_wconf 90' lang='lat' dir='ltr'><strong>meras</strong></span> <span class='ocrx_word' id='word_1_297' title='bbox 361 2155 461 2219; x_wconf 83' lang='lat' dir='ltr'><strong>inisse</strong></span> <span class='ocrx_word' id='word_1_298' title='bbox 482 2153 686 2238; x_wconf 84' lang='lat' dir='ltr'><strong>praestigias.</strong></span> <span class='ocrx_word' id='word_1_299' title='bbox 1163 2158 1224 2228; x_wconf 88' lang='lat' dir='ltr'><strong>ret,</strong></span> <span class='ocrx_word' id='word_1_300' title='bbox 1247 2151 1281 2213; x_wconf 94' lang='lat' dir='ltr'><strong>in</strong></span> <span class='ocrx_word' id='word_1_301' title='bbox 1304 2151 1373 2216; x_wconf 89' lang='lat' dir='ltr'><strong>loeo</strong></span> <span class='ocrx_word' id='word_1_302' title='bbox 1396 2151 1457 2216; x_wconf 89' lang='lat' dir='ltr'><strong>hoe</strong></span> <span class='ocrx_word' id='word_1_303' title='bbox 1478 2152 1651 2218; x_wconf 90' lang='lat' dir='ltr'><strong>dioeretur.</strong></span> <span class='ocrx_word' id='word_1_304' title='bbox 1702 2153 1769 2220; x_wconf 80' lang='lat' dir='ltr'><strong>Sed</strong></span> <span class='ocrx_word' id='word_1_305' title='bbox 1790 2154 1847 2221; x_wconf 90' lang='lat' dir='ltr'><strong>ubi</strong></span> <span class='ocrx_word' id='word_1_306' title='bbox 1868 2155 2034 2234; x_wconf 86' lang='lat' dir='ltr'><strong>eonvenit,</strong></span> <span class='ocrx_word' id='word_1_307' title='bbox 2064 2178 2142 2223; x_wconf 91' lang='lat' dir='ltr'><strong>vere</strong></span> 
     </span>
    </p>

    <p class='ocr_par' dir='ltr' id='par_1_3' title="bbox 123 2235 2340 5155">
     <span class='ocr_line' id='line_1_23' title="bbox 221 2235 2143 2325; baseline 0.001 -20"><span class='ocrx_word' id='word_1_308' title='bbox 221 2240 294 2305; x_wconf 87' lang='lat' dir='ltr'><strong>Iam</strong></span> <span class='ocrx_word' id='word_1_309' title='bbox 316 2261 418 2323; x_wconf 91' lang='lat' dir='ltr'><strong>quum</strong></span> <span class='ocrx_word' id='word_1_310' title='bbox 440 2240 607 2305; x_wconf 90' lang='lat' dir='ltr'><strong>ruetandis</strong></span> <span class='ocrx_word' id='word_1_311' title='bbox 628 2238 810 2306; x_wconf 79' lang='lat' dir='ltr'><strong>maledictis</strong></span> <span class='ocrx_word' id='word_1_312' title='bbox 831 2238 958 2303; x_wconf 91' lang='lat' dir='ltr'><strong>nullum</strong></span> <span class='ocrx_word' id='word_1_313' title='bbox 981 2239 1111 2317; x_wconf 87' lang='lat' dir='ltr'><strong>faoiaut,</strong></span> <span class='ocrx_word' id='word_1_314' title='bbox 1164 2236 1275 2299; x_wconf 84' lang='lat' dir='ltr'><strong>offerri</strong></span> <span class='ocrx_word' id='word_1_315' title='bbox 1305 2235 1366 2301; x_wconf 88' lang='lat' dir='ltr'><strong>snb</strong></span> <span class='ocrx_word' id='word_1_316' title='bbox 1390 2238 1490 2320; x_wconf 82' lang='lat' dir='ltr'><strong>panis</strong></span> <span class='ocrx_word' id='word_1_317' title='bbox 1513 2238 1660 2324; x_wconf 92' lang='lat' dir='ltr'><strong>symbolo</strong></span> <span class='ocrx_word' id='word_1_318' title='bbox 1682 2239 1808 2305; x_wconf 80' lang='lat' dir='ltr'><strong>Christi</strong></span> <span class='ocrx_word' id='word_1_319' title='bbox 1834 2262 1968 2325; x_wconf 87' lang='lat' dir='ltr'><strong>eorpus,</strong></span> <span class='ocrx_word' id='word_1_320' title='bbox 2002 2263 2081 2307; x_wconf 89' lang='lat' dir='ltr'><strong>vere</strong></span> <span class='ocrx_word' id='word_1_321' title='bbox 2108 2248 2143 2307; x_wconf 92' lang='lat' dir='ltr'><strong>et</strong></span> 
     </span>
     <span class='ocr_line' id='line_1_24' title="bbox 135 2321 2143 2412; baseline 0.002 -22"><span class='ocrx_word' id='word_1_322' title='bbox 135 2325 280 2403; x_wconf 90' lang='lat' dir='ltr'><strong>medum,</strong></span> <span class='ocrx_word' id='word_1_323' title='bbox 303 2327 435 2410; x_wconf 90' lang='lat' dir='ltr'><strong>fingunt</strong></span> <span class='ocrx_word' id='word_1_324' title='bbox 455 2333 567 2389; x_wconf 89' lang='lat' dir='ltr'><strong>tamen</strong></span> <span class='ocrx_word' id='word_1_325' title='bbox 588 2326 624 2389; x_wconf 91' lang='lat' dir='ltr'><strong>in</strong></span> <span class='ocrx_word' id='word_1_326' title='bbox 645 2325 709 2390; x_wconf 90' lang='lat' dir='ltr'><strong>hoe</strong></span> <span class='ocrx_word' id='word_1_327' title='bbox 730 2346 765 2390; x_wconf 93' lang='lat' dir='ltr'><strong>se</strong></span> <span class='ocrx_word' id='word_1_328' title='bbox 782 2347 854 2390; x_wconf 87' lang='lat' dir='ltr'><strong>esse</strong></span> <span class='ocrx_word' id='word_1_329' title='bbox 876 2332 970 2403; x_wconf 88' lang='lat' dir='ltr'><strong>tetes,</strong></span> <span class='ocrx_word' id='word_1_330' title='bbox 993 2333 1031 2389; x_wconf 91' lang='lat' dir='ltr'><strong>ut</strong></span> <span class='ocrx_word' id='word_1_331' title='bbox 1053 2346 1112 2390; x_wconf 91' lang='lat' dir='ltr'><strong>nos</strong></span> <span class='ocrx_word' id='word_1_332' title='bbox 1164 2321 1358 2405; x_wconf 85' lang='lat' dir='ltr'><strong>sangninem</strong></span> <span class='ocrx_word' id='word_1_333' title='bbox 1382 2323 1453 2389; x_wconf 90' lang='lat' dir='ltr'><strong>eius</strong></span> <span class='ocrx_word' id='word_1_334' title='bbox 1481 2325 1541 2390; x_wconf 92' lang='lat' dir='ltr'><strong>sub</strong></span> <span class='ocrx_word' id='word_1_335' title='bbox 1564 2325 1664 2391; x_wconf 85' lang='lat' dir='ltr'><strong>eeliee</strong></span> <span class='ocrx_word' id='word_1_336' title='bbox 1686 2326 1810 2404; x_wconf 86' lang='lat' dir='ltr'><strong>offerri,</strong></span> <span class='ocrx_word' id='word_1_337' title='bbox 1840 2326 1975 2410; x_wconf 90' lang='lat' dir='ltr'><strong>puerilis</strong></span> <span class='ocrx_word' id='word_1_338' title='bbox 1998 2329 2143 2412; x_wconf 87' lang='lat' dir='ltr'><strong>garritus</strong></span> 
     </span>
     <span class='ocr_line' id='line_1_25' title="bbox 135 2407 2142 2494; baseline 0 -17"><span class='ocrx_word' id='word_1_339' title='bbox 135 2411 178 2477; x_wconf 90' lang='lat' dir='ltr'><strong>ad</strong></span> <span class='ocrx_word' id='word_1_340' title='bbox 199 2411 305 2494; x_wconf 90' lang='lat' dir='ltr'><strong>ipsam</strong></span> <span class='ocrx_word' id='word_1_341' title='bbox 319 2408 375 2476; x_wconf 68' lang='lat' dir='ltr'><strong>&#39;rei</strong></span> <span class='ocrx_word' id='word_1_342' title='bbox 396 2410 615 2493; x_wconf 80' lang='lat' dir='ltr'><strong>cognitionem</strong></span> <span class='ocrx_word' id='word_1_343' title='bbox 633 2409 775 2476; x_wconf 80' lang='lat' dir='ltr'><strong>trahant.</strong></span> <span class='ocrx_word' id='word_1_344' title='bbox 818 2410 956 2476; x_wconf 89' lang='lat' dir='ltr'><strong>Interim</strong></span> <span class='ocrx_word' id='word_1_345' title='bbox 978 2411 1056 2493; x_wconf 91' lang='lat' dir='ltr'><strong>quia</strong></span> <span class='ocrx_word' id='word_1_346' title='bbox 1072 2410 1112 2475; x_wconf 94' lang='lat' dir='ltr'><strong>il-</strong></span> <span class='ocrx_word' id='word_1_347' title='bbox 1164 2413 1222 2486; x_wconf 87' lang='lat' dir='ltr'><strong>est,</strong></span> <span class='ocrx_word' id='word_1_348' title='bbox 1244 2415 1339 2472; x_wconf 85' lang='lat' dir='ltr'><strong>tantu</strong></span> <span class='ocrx_word' id='word_1_349' title='bbox 1360 2407 1568 2475; x_wconf 84' lang='lat' dir='ltr'><strong>vehementia</strong></span> <span class='ocrx_word' id='word_1_350' title='bbox 1590 2412 1624 2474; x_wconf 89' lang='lat' dir='ltr'><strong>in</strong></span> <span class='ocrx_word' id='word_1_351' title='bbox 1647 2430 1778 2476; x_wconf 87' lang='lat' dir='ltr'><strong>earnem</strong></span> <span class='ocrx_word' id='word_1_352' title='bbox 1790 2415 1995 2478; x_wconf 85' lang='lat' dir='ltr'><strong>strationem</strong></span> <span class='ocrx_word' id='word_1_353' title='bbox 2016 2413 2142 2480; x_wconf 83' lang='lat' dir='ltr'><strong>invehi.</strong></span> 
     </span>
     <span class='ocr_line' id='line_1_26' title="bbox 136 2491 2143 2581; baseline 0.002 -20"><span class='ocrx_word' id='word_1_354' title='bbox 136 2496 178 2561; x_wconf 91' lang='lat' dir='ltr'><strong>lia</strong></span> <span class='ocrx_word' id='word_1_355' title='bbox 198 2498 282 2562; x_wconf 87' lang='lat' dir='ltr'><strong>forte</strong></span> <span class='ocrx_word' id='word_1_356' title='bbox 310 2496 471 2580; x_wconf 87' lang='lat' dir='ltr'><strong>quispiam</strong></span> <span class='ocrx_word' id='word_1_357' title='bbox 495 2495 678 2580; x_wconf 87' lang='lat' dir='ltr'><strong>seythieem</strong></span> <span class='ocrx_word' id='word_1_358' title='bbox 707 2495 890 2562; x_wconf 85' lang='lat' dir='ltr'><strong>barbariem</strong></span> <span class='ocrx_word' id='word_1_359' title='bbox 912 2497 1042 2574; x_wconf 89' lang='lat' dir='ltr'><strong>obieeit,</strong></span> <span class='ocrx_word' id='word_1_360' title='bbox 1072 2495 1112 2561; x_wconf 87' lang='lat' dir='ltr'><strong>de</strong></span> <span class='ocrx_word' id='word_1_361' title='bbox 1165 2491 1296 2574; x_wconf 83' lang='lat' dir='ltr'><strong>Quanto</strong></span> <span class='ocrx_word' id='word_1_362' title='bbox 1318 2496 1533 2576; x_wconf 87' lang='lat' dir='ltr'><strong>opportunius</strong></span> <span class='ocrx_word' id='word_1_363' title='bbox 1564 2517 1716 2581; x_wconf 89' lang='lat' dir='ltr'><strong>regerere</strong></span> <span class='ocrx_word' id='word_1_364' title='bbox 1743 2497 1871 2564; x_wconf 86' lang='lat' dir='ltr'><strong>liceret:</strong></span> <span class='ocrx_word' id='word_1_365' title='bbox 1916 2498 2067 2565; x_wconf 83' lang='lat' dir='ltr'><strong>Audisne</strong></span> <span class='ocrx_word' id='word_1_366' title='bbox 2094 2500 2143 2566; x_wconf 91' lang='lat' dir='ltr'><strong>la·</strong></span> 
     </span>
     <span class='ocr_line' id='line_1_27' title="bbox 137 2578 2144 2665; baseline 0.002 -19"><span class='ocrx_word' id='word_1_367' title='bbox 137 2602 177 2647; x_wconf 94' lang='lat' dir='ltr'><strong>ea</strong></span> <span class='ocrx_word' id='word_1_368' title='bbox 203 2602 283 2647; x_wconf 84' lang='lat' dir='ltr'><strong>voce</strong></span> <span class='ocrx_word' id='word_1_369' title='bbox 310 2589 377 2646; x_wconf 86' lang='lat' dir='ltr'><strong>tam</strong></span> <span class='ocrx_word' id='word_1_370' title='bbox 404 2580 529 2646; x_wconf 91' lang='lat' dir='ltr'><strong>fervide</strong></span> <span class='ocrx_word' id='word_1_371' title='bbox 558 2581 817 2658; x_wconf 89' lang='lat' dir='ltr'><strong>tumultuantur,</strong></span> <span class='ocrx_word' id='word_1_372' title='bbox 853 2591 890 2646; x_wconf 91' lang='grc' dir='ltr'><strong>ιιι</strong></span> <span class='ocrx_word' id='word_1_373' title='bbox 918 2603 1016 2648; x_wconf 85' lang='lat' dir='ltr'><strong>eausa</strong></span> <span class='ocrx_word' id='word_1_374' title='bbox 1042 2583 1112 2665; x_wconf 90' lang='lat' dir='ltr'><strong>ipsa</strong></span> <span class='ocrx_word' id='word_1_375' title='bbox 1165 2578 1291 2643; x_wconf 78' lang='lat' dir='ltr'><strong>trater?</strong></span> <span class='ocrx_word' id='word_1_376' title='bbox 1321 2578 1456 2645; x_wconf 88' lang='lat' dir='ltr'><strong>audisne</strong></span> <span class='ocrx_word' id='word_1_377' title='bbox 1483 2581 1692 2665; x_wconf 81' lang='lat' dir='ltr'><strong>phrenetice?</strong></span> <span class='ocrx_word' id='word_1_378' title='bbox 1722 2583 1859 2650; x_wconf 82' lang='lat' dir='ltr'><strong>audisne</strong></span> <span class='ocrx_word' id='word_1_379' title='bbox 1880 2585 1999 2664; x_wconf 88' lang='lat' dir='ltr'><strong>bestia,</strong></span> <span class='ocrx_word' id='word_1_380' title='bbox 2028 2607 2144 2651; x_wconf 86' lang='lat' dir='ltr'><strong>veram</strong></span> 
     </span>
     <span class='ocr_line' id='line_1_28' title="bbox 137 2665 2143 2751; baseline 0.001 -18"><span class='ocrx_word' id='word_1_381' title='bbox 137 2669 265 2733; x_wconf 85' lang='lat' dir='ltr'><strong>effluet:</strong></span> <span class='ocrx_word' id='word_1_382' title='bbox 294 2665 355 2732; x_wconf 91' lang='lat' dir='ltr'><strong>sibi</strong></span> <span class='ocrx_word' id='word_1_383' title='bbox 377 2667 512 2751; x_wconf 87' lang='lat' dir='ltr'><strong>indigne</strong></span> <span class='ocrx_word' id='word_1_384' title='bbox 534 2667 659 2732; x_wconf 88' lang='lat' dir='ltr'><strong>orimen</strong></span> <span class='ocrx_word' id='word_1_385' title='bbox 679 2666 741 2734; x_wconf 90' lang='lat' dir='ltr'><strong>hee</strong></span> <span class='ocrx_word' id='word_1_386' title='bbox 763 2667 857 2733; x_wconf 89' lang='lat' dir='ltr'><strong>obiiui</strong></span> <span class='ocrx_word' id='word_1_387' title='bbox 879 2666 920 2732; x_wconf 91' lang='lat' dir='ltr'><strong>ob</strong></span> <span class='ocrx_word' id='word_1_388' title='bbox 942 2689 1014 2733; x_wconf 90' lang='lat' dir='ltr'><strong>eam</strong></span> <span class='ocrx_word' id='word_1_389' title='bbox 1037 2666 1111 2732; x_wconf 92' lang='lat' dir='ltr'><strong>doe·</strong></span> <span class='ocrx_word' id='word_1_390' title='bbox 1163 2685 1224 2729; x_wconf 93' lang='lat' dir='ltr'><strong>nos</strong></span> <span class='ocrx_word' id='word_1_391' title='bbox 1256 2666 1365 2731; x_wconf 87' lang='lat' dir='ltr'><strong>earnis</strong></span> <span class='ocrx_word' id='word_1_392' title='bbox 1394 2676 1428 2730; x_wconf 90' lang='lat' dir='ltr'><strong>et</strong></span> <span class='ocrx_word' id='word_1_393' title='bbox 1460 2668 1631 2751; x_wconf 87' lang='lat' dir='ltr'><strong>sanguinis</strong></span> <span class='ocrx_word' id='word_1_394' title='bbox 1658 2668 1783 2734; x_wconf 89' lang='lat' dir='ltr'><strong>Christi</strong></span> <span class='ocrx_word' id='word_1_395' title='bbox 1811 2672 2143 2738; x_wconf 87' lang='lat' dir='ltr'><strong>eommunioetionem</strong></span> 
     </span>
     <span class='ocr_line' id='line_1_29' title="bbox 136 2750 2144 2840; baseline 0.003 -23"><span class='ocrx_word' id='word_1_396' title='bbox 136 2754 267 2831; x_wconf 89' lang='lat' dir='ltr'><strong>trinam,</strong></span> <span class='ocrx_word' id='word_1_397' title='bbox 297 2754 389 2819; x_wconf 90' lang='lat' dir='ltr'><strong>euius</strong></span> <span class='ocrx_word' id='word_1_398' title='bbox 411 2752 597 2830; x_wconf 81' lang='lat' dir='ltr'><strong>Christum,</strong></span> <span class='ocrx_word' id='word_1_399' title='bbox 627 2753 789 2836; x_wconf 89' lang='lat' dir='ltr'><strong>apostolos</strong></span> <span class='ocrx_word' id='word_1_400' title='bbox 811 2762 844 2816; x_wconf 91' lang='lat' dir='ltr'><strong>et</strong></span> <span class='ocrx_word' id='word_1_401' title='bbox 866 2773 979 2819; x_wconf 91' lang='lat' dir='ltr'><strong>omnes</strong></span> <span class='ocrx_word' id='word_1_402' title='bbox 1001 2753 1111 2818; x_wconf 92' lang='lat' dir='ltr'><strong>ortho-</strong></span> <span class='ocrx_word' id='word_1_403' title='bbox 1162 2750 1198 2814; x_wconf 92' lang='lat' dir='ltr'><strong>in</strong></span> <span class='ocrx_word' id='word_1_404' title='bbox 1216 2770 1308 2816; x_wconf 89' lang='lat' dir='ltr'><strong>saera</strong></span> <span class='ocrx_word' id='word_1_405' title='bbox 1328 2772 1429 2816; x_wconf 86' lang='lat' dir='ltr'><strong>eoene</strong></span> <span class='ocrx_word' id='word_1_406' title='bbox 1450 2754 1621 2818; x_wconf 82' lang='lat' dir='ltr'><strong>asserere?</strong></span> <span class='ocrx_word' id='word_1_407' title='bbox 1671 2753 1836 2836; x_wconf 80' lang='lat' dir='ltr'><strong>Quorsum</strong></span> <span class='ocrx_word' id='word_1_408' title='bbox 1859 2776 1937 2840; x_wconf 88' lang='lat' dir='ltr'><strong>erge</strong></span> <span class='ocrx_word' id='word_1_409' title='bbox 1958 2758 2144 2823; x_wconf 89' lang='lat' dir='ltr'><strong>tumultua-</strong></span> 
     </span>
     <span class='ocr_line' id='line_1_30' title="bbox 137 2835 2144 2923; baseline 0.003 -20"><span class='ocrx_word' id='word_1_410' title='bbox 137 2838 237 2903; x_wconf 89' lang='lat' dir='ltr'><strong>doxos</strong></span> <span class='ocrx_word' id='word_1_411' title='bbox 265 2839 446 2921; x_wconf 27' lang='lat' dir='ltr'><strong>scriptores,</strong></span> <span class='ocrx_word' id='word_1_412' title='bbox 466 2838 589 2903; x_wconf 84' lang='lat' dir='ltr'><strong>habent</strong></span> <span class='ocrx_word' id='word_1_413' title='bbox 616 2842 690 2919; x_wconf 81' lang='lat' dir='ltr'><strong>[pag.</strong></span> <span class='ocrx_word' id='word_1_414' title='bbox 716 2844 791 2919; x_wconf 82' lang='lat'>315]</span> <span class='ocrx_word' id='word_1_415' title='bbox 819 2835 958 2905; x_wconf 81' lang='lat' dir='ltr'><strong>auteres.</strong></span> <span class='ocrx_word' id='word_1_416' title='bbox 1010 2841 1111 2922; x_wconf 84' lang='lat' dir='ltr'><strong>Atqui</strong></span> <span class='ocrx_word' id='word_1_417' title='bbox 1161 2835 1233 2901; x_wconf 74' lang='lat' dir='ltr'><strong>ris?</strong></span> <span class='ocrx_word' id='word_1_418' title='bbox 1265 2836 1318 2901; x_wconf 94' lang='lat' dir='ltr'><strong>vel</strong></span> <span class='ocrx_word' id='word_1_419' title='bbox 1341 2857 1405 2920; x_wconf 90' lang='lat' dir='ltr'><strong>qua</strong></span> <span class='ocrx_word' id='word_1_420' title='bbox 1424 2838 1621 2904; x_wconf 78' lang='lat' dir='ltr'><strong>confidentia</strong></span> <span class='ocrx_word' id='word_1_421' title='bbox 1641 2839 1815 2907; x_wconf 87' lang='lat' dir='ltr'><strong>leotoribus</strong></span> <span class='ocrx_word' id='word_1_422' title='bbox 1836 2849 1944 2908; x_wconf 88' lang='lat' dir='ltr'><strong>tentas</strong></span> <span class='ocrx_word' id='word_1_423' title='bbox 1965 2848 2044 2923; x_wconf 81' lang='lat' dir='ltr'><strong>[pag.</strong></span> <span class='ocrx_word' id='word_1_424' title='bbox 2068 2847 2144 2922; x_wconf 76' lang='lat'><strong>31⁸]</strong></span> 
     </span>
     <span class='ocr_line' id='line_1_31' title="bbox 135 2921 2144 3012; baseline 0.002 -24"><span class='ocrx_word' id='word_1_425' title='bbox 135 2921 198 2989; x_wconf 87' lang='lat' dir='ltr'><strong>hoe</strong></span> <span class='ocrx_word' id='word_1_426' title='bbox 225 2925 387 3007; x_wconf 90' lang='lat' dir='ltr'><strong>imprimis</strong></span> <span class='ocrx_word' id='word_1_427' title='bbox 413 2935 484 2989; x_wconf 86' lang='lat' dir='ltr'><strong>erat</strong></span> <span class='ocrx_word' id='word_1_428' title='bbox 507 2923 792 3003; x_wconf 80' lang='lat' dir='ltr'><strong>considerandum,</strong></span> <span class='ocrx_word' id='word_1_429' title='bbox 822 2947 865 2990; x_wconf 89' lang='lat' dir='ltr'><strong>an</strong></span> <span class='ocrx_word' id='word_1_430' title='bbox 887 2924 1040 2990; x_wconf 91' lang='lat' dir='ltr'><strong>Christus</strong></span> <span class='ocrx_word' id='word_1_431' title='bbox 1063 2924 1111 2989; x_wconf 94' lang='lat' dir='ltr'><strong>di·</strong></span> <span class='ocrx_word' id='word_1_432' title='bbox 1163 2942 1279 2987; x_wconf 90' lang='lat' dir='ltr'><strong>eruere</strong></span> <span class='ocrx_word' id='word_1_433' title='bbox 1300 2922 1418 2999; x_wconf 84' lang='lat' dir='ltr'><strong>oeulos,</strong></span> <span class='ocrx_word' id='word_1_434' title='bbox 1441 2945 1485 2988; x_wconf 91' lang='lat' dir='ltr'><strong>ne</strong></span> <span class='ocrx_word' id='word_1_435' title='bbox 1505 2924 1641 2991; x_wconf 86' lang='lat' dir='ltr'><strong>videant</strong></span> <span class='ocrx_word' id='word_1_436' title='bbox 1661 2928 1825 3008; x_wconf 88' lang='lat' dir='ltr'><strong>quodtem</strong></span> <span class='ocrx_word' id='word_1_437' title='bbox 1843 2929 2144 3012; x_wconf 83' lang='lat' dir='ltr'><strong>eonspieunmest‘l</strong></span> 
     </span>
     <span class='ocr_line' id='line_1_32' title="bbox 136 3006 2144 3097; baseline 0.001 -20"><span class='ocrx_word' id='word_1_438' title='bbox 136 3009 256 3077; x_wconf 87' lang='lat' dir='ltr'><strong>eendo:</strong></span> <span class='ocrx_word' id='word_1_439' title='bbox 286 3009 401 3089; x_wconf 83' lang='lat' dir='ltr'><strong>Edite,</strong></span> <span class='ocrx_word' id='word_1_440' title='bbox 428 3010 490 3076; x_wconf 93' lang='lat' dir='ltr'><strong>hoe</strong></span> <span class='ocrx_word' id='word_1_441' title='bbox 517 3017 567 3074; x_wconf 91' lang='lat' dir='ltr'><strong>est</strong></span> <span class='ocrx_word' id='word_1_442' title='bbox 588 3029 707 3093; x_wconf 88' lang='lat' dir='ltr'><strong>eorpus</strong></span> <span class='ocrx_word' id='word_1_443' title='bbox 732 3031 852 3088; x_wconf 88' lang='lat' dir='ltr'><strong>meum,</strong></span> <span class='ocrx_word' id='word_1_444' title='bbox 875 3031 992 3093; x_wconf 92' lang='lat' dir='ltr'><strong>eorpus</strong></span> <span class='ocrx_word' id='word_1_445' title='bbox 1015 3032 1111 3076; x_wconf 90' lang='lat' dir='ltr'><strong>sunm</strong></span> <span class='ocrx_word' id='word_1_446' title='bbox 1164 3006 1262 3089; x_wconf 82' lang='lat' dir='ltr'><strong>Quod</strong></span> <span class='ocrx_word' id='word_1_447' title='bbox 1283 3008 1325 3073; x_wconf 89' lang='lat' dir='ltr'><strong>ad</strong></span> <span class='ocrx_word' id='word_1_448' title='bbox 1346 3011 1566 3092; x_wconf 78' lang='lat' dir='ltr'><strong>promiseram</strong></span> <span class='ocrx_word' id='word_1_449' title='bbox 1587 3011 1873 3079; x_wconf 75' lang='lat' dir='ltr'><strong>manducationem</strong></span> <span class='ocrx_word' id='word_1_450' title='bbox 1901 3015 2054 3097; x_wconf 91' lang='lat' dir='ltr'><strong>pertinet,</strong></span> <span class='ocrx_word' id='word_1_451' title='bbox 2077 3015 2144 3080; x_wconf 88' lang='lat' dir='ltr'><strong>ela·</strong></span> 
     </span>
     <span class='ocr_line' id='line_1_33' title="bbox 135 3095 2328 3182; baseline 0.003 -23"><span class='ocrx_word' id='word_1_452' title='bbox 135 3095 428 3173; x_wconf 69' lang='lat' dir='ltr'><strong>transformaverit,</strong></span> <span class='ocrx_word' id='word_1_453' title='bbox 452 3104 490 3159; x_wconf 95' lang='grc' dir='ltr'><strong>ιιι</strong></span> <span class='ocrx_word' id='word_1_454' title='bbox 503 3095 626 3160; x_wconf 69' lang='lat' dir='ltr'><strong>veodem</strong></span> <span class='ocrx_word' id='word_1_455' title='bbox 649 3104 814 3161; x_wconf 86' lang='lat' dir='ltr'><strong>momente</strong></span> <span class='ocrx_word' id='word_1_456' title='bbox 836 3095 975 3161; x_wconf 80' lang='lat' dir='ltr'><strong>mortale</strong></span> <span class='ocrx_word' id='word_1_457' title='bbox 996 3105 1029 3161; x_wconf 92' lang='lat' dir='ltr'><strong>et</strong></span> <span class='ocrx_word' id='word_1_458' title='bbox 1049 3097 1112 3161; x_wconf 91' lang='lat' dir='ltr'><strong>im·</strong></span> <span class='ocrx_word' id='word_1_459' title='bbox 1163 3096 1231 3160; x_wconf 91' lang='lat' dir='ltr'><strong>rins</strong></span> <span class='ocrx_word' id='word_1_460' title='bbox 1257 3095 1420 3160; x_wconf 83' lang='lat' dir='ltr'><strong>refutatus</strong></span> <span class='ocrx_word' id='word_1_461' title='bbox 1448 3105 1499 3161; x_wconf 90' lang='lat' dir='ltr'><strong>est</strong></span> <span class='ocrx_word' id='word_1_462' title='bbox 1525 3117 1640 3163; x_wconf 90' lang='lat' dir='ltr'><strong>eorum</strong></span> <span class='ocrx_word' id='word_1_463' title='bbox 1667 3119 1773 3178; x_wconf 87' lang='lat' dir='ltr'><strong>error,</strong></span> <span class='ocrx_word' id='word_1_464' title='bbox 1810 3120 1909 3182; x_wconf 88' lang='lat' dir='ltr'><strong>quam</strong></span> <span class='ocrx_word' id='word_1_465' title='bbox 1936 3110 1976 3165; x_wconf 93' lang='lat' dir='ltr'><strong>ut</strong></span> <span class='ocrx_word' id='word_1_466' title='bbox 2003 3102 2147 3168; x_wconf 87' lang='lat' dir='ltr'><strong>verbum</strong></span> <span class='ocrx_word' id='word_1_467' title='bbox 2258 3159 2328 3165; x_wconf 56' lang='grc'><strong>-</strong></span> 
     </span>
     <span class='ocr_line' id='line_1_34' title="bbox 135 3179 2144 3272; baseline 0.004 -26"><span class='ocrx_word' id='word_1_468' title='bbox 135 3180 288 3261; x_wconf 91' lang='lat' dir='ltr'><strong>mortale,</strong></span> <span class='ocrx_word' id='word_1_469' title='bbox 317 3182 445 3248; x_wconf 87' lang='lat' dir='ltr'><strong>visibile</strong></span> <span class='ocrx_word' id='word_1_470' title='bbox 472 3190 507 3246; x_wconf 91' lang='lat' dir='ltr'><strong>et</strong></span> <span class='ocrx_word' id='word_1_471' title='bbox 531 3181 710 3262; x_wconf 80' lang='lat' dir='ltr'><strong>invisibile,</strong></span> <span class='ocrx_word' id='word_1_472' title='bbox 738 3182 808 3247; x_wconf 91' lang='lat' dir='ltr'><strong>loeo</strong></span> <span class='ocrx_word' id='word_1_473' title='bbox 830 3182 1112 3264; x_wconf 89' lang='lat' dir='ltr'><strong>eireumeeriptum</strong></span> <span class='ocrx_word' id='word_1_474' title='bbox 1163 3179 1283 3245; x_wconf 82' lang='lat' dir='ltr'><strong>addere</strong></span> <span class='ocrx_word' id='word_1_475' title='bbox 1304 3201 1422 3263; x_wconf 79' lang='lat' dir='ltr'><strong>operae</strong></span> <span class='ocrx_word' id='word_1_476' title='bbox 1443 3180 1588 3264; x_wconf 89' lang='lat' dir='ltr'><strong>pretium</strong></span> <span class='ocrx_word' id='word_1_477' title='bbox 1610 3184 1661 3248; x_wconf 87' lang='lat' dir='ltr'><strong>sit</strong></span> <span class='ocrx_word' id='word_1_478' title='bbox 1706 3185 1793 3251; x_wconf 84' lang='lat' dir='ltr'><strong>Reos</strong></span> <span class='ocrx_word' id='word_1_479' title='bbox 1815 3205 1887 3251; x_wconf 90' lang='lat' dir='ltr'><strong>esee</strong></span> <span class='ocrx_word' id='word_1_480' title='bbox 1905 3186 1977 3252; x_wconf 91' lang='lat' dir='ltr'><strong>dieo</strong></span> <span class='ocrx_word' id='word_1_481' title='bbox 1998 3190 2144 3272; x_wconf 86' lang='lat' dir='ltr'><strong>eorporis</strong></span> 
     </span>
     <span class='ocr_line' id='line_1_35' title="bbox 136 3264 2332 3356; baseline 0.005 -23"><span class='ocrx_word' id='word_1_482' title='bbox 136 3274 170 3333; x_wconf 91' lang='lat' dir='ltr'><strong>et</strong></span> <span class='ocrx_word' id='word_1_483' title='bbox 189 3268 387 3333; x_wconf 91' lang='lat' dir='ltr'><strong>immensum</strong></span> <span class='ocrx_word' id='word_1_484' title='bbox 409 3276 504 3332; x_wconf 90' lang='lat' dir='ltr'><strong>esset.</strong></span> <span class='ocrx_word' id='word_1_485' title='bbox 548 3264 689 3347; x_wconf 87' lang='lat' dir='ltr'><strong>Deinde,</strong></span> <span class='ocrx_word' id='word_1_486' title='bbox 707 3289 751 3333; x_wconf 92' lang='lat' dir='ltr'><strong>an</strong></span> <span class='ocrx_word' id='word_1_487' title='bbox 773 3266 899 3332; x_wconf 89' lang='lat' dir='ltr'><strong>Christi</strong></span> <span class='ocrx_word' id='word_1_488' title='bbox 921 3268 1023 3334; x_wconf 88' lang='lat' dir='ltr'><strong>verba</strong></span> <span class='ocrx_word' id='word_1_489' title='bbox 1039 3289 1111 3351; x_wconf 92' lang='lat' dir='ltr'><strong>pos·</strong></span> <span class='ocrx_word' id='word_1_490' title='bbox 1164 3265 1288 3332; x_wconf 87' lang='lat' dir='ltr'><strong>Christi</strong></span> <span class='ocrx_word' id='word_1_491' title='bbox 1310 3287 1429 3332; x_wconf 91' lang='lat' dir='ltr'><strong>eoenae</strong></span> <span class='ocrx_word' id='word_1_492' title='bbox 1451 3269 1684 3350; x_wconf 80' lang='lat' dir='ltr'><strong>profanatores,</strong></span> <span class='ocrx_word' id='word_1_493' title='bbox 1716 3290 1835 3354; x_wconf 89' lang='lat' dir='ltr'><strong>nempe</strong></span> <span class='ocrx_word' id='word_1_494' title='bbox 1856 3271 1967 3350; x_wconf 86' lang='lat' dir='ltr'><strong>oblati,</strong></span> <span class='ocrx_word' id='word_1_495' title='bbox 1991 3276 2144 3356; x_wconf 87' lang='lat' dir='ltr'><strong>quamvis</strong></span> <span class='ocrx_word' id='word_1_496' title='bbox 2234 3303 2332 3345; x_wconf 70' lang='lat'><strong>‹-</strong></span> 
     </span>
     <span class='ocr_line' id='line_1_36' title="bbox 135 3351 2330 3445; baseline 0.004 -27"><span class='ocrx_word' id='word_1_497' title='bbox 135 3352 198 3418; x_wconf 85' lang='lat' dir='ltr'><strong>teri</strong></span> <span class='ocrx_word' id='word_1_498' title='bbox 220 3353 261 3418; x_wconf 90' lang='lat' dir='ltr'><strong>ad</strong></span> <span class='ocrx_word' id='word_1_499' title='bbox 282 3351 504 3438; x_wconf 87' lang='lat' dir='ltr'><strong>prodigiosum</strong></span> <span class='ocrx_word' id='word_1_500' title='bbox 533 3353 594 3419; x_wconf 92' lang='lat' dir='ltr'><strong>hoe</strong></span> <span class='ocrx_word' id='word_1_501' title='bbox 620 3361 840 3420; x_wconf 88' lang='lat' dir='ltr'><strong>eommentnm</strong></span> <span class='ocrx_word' id='word_1_502' title='bbox 868 3355 1046 3433; x_wconf 79' lang='lat' dir='ltr'><strong>traxerint,</strong></span> <span class='ocrx_word' id='word_1_503' title='bbox 1075 3375 1112 3420; x_wconf 90' lang='lat' dir='ltr'><strong>ae</strong></span> <span class='ocrx_word' id='word_1_504' title='bbox 1163 3371 1233 3417; x_wconf 92' lang='lat' dir='ltr'><strong>non</strong></span> <span class='ocrx_word' id='word_1_505' title='bbox 1260 3351 1434 3435; x_wconf 89' lang='lat' dir='ltr'><strong>reeipiant:</strong></span> <span class='ocrx_word' id='word_1_506' title='bbox 1466 3354 1561 3419; x_wconf 91' lang='lat' dir='ltr'><strong>sienti</strong></span> <span class='ocrx_word' id='word_1_507' title='bbox 1587 3363 1671 3420; x_wconf 89' lang='lat' dir='ltr'><strong>teste</strong></span> <span class='ocrx_word' id='word_1_508' title='bbox 1699 3356 2142 3445; x_wconf 81' lang='lat' dir='ltr'><strong>apostolofflebr.10,29),</strong></span> <span class='ocrx_word' id='word_1_509' title='bbox 2225 3418 2330 3444; x_wconf 79' lang='lat'>-</span> 
     </span>
     <span class='ocr_line' id='line_1_37' title="bbox 135 3437 2330 3530; baseline 0.003 -25"><span class='ocrx_word' id='word_1_510' title='bbox 135 3439 164 3505; x_wconf 92' lang='lat' dir='ltr'><strong>si</strong></span> <span class='ocrx_word' id='word_1_511' title='bbox 187 3439 445 3504; x_wconf 87' lang='lat' dir='ltr'><strong>substantialiter</strong></span> <span class='ocrx_word' id='word_1_512' title='bbox 456 3439 583 3504; x_wconf 91' lang='lat' dir='ltr'><strong>Christi</strong></span> <span class='ocrx_word' id='word_1_513' title='bbox 600 3458 734 3504; x_wconf 89' lang='lat' dir='ltr'><strong>earnem</strong></span> <span class='ocrx_word' id='word_1_514' title='bbox 755 3438 972 3519; x_wconf 89' lang='lat' dir='ltr'><strong>eomoderent,</strong></span> <span class='ocrx_word' id='word_1_515' title='bbox 995 3440 1112 3524; x_wconf 90' lang='lat' dir='ltr'><strong>quihus</strong></span> <span class='ocrx_word' id='word_1_516' title='bbox 1164 3440 1361 3522; x_wconf 89' lang='lat' dir='ltr'><strong>sanguinem</strong></span> <span class='ocrx_word' id='word_1_517' title='bbox 1384 3437 1511 3504; x_wconf 84' lang='lat' dir='ltr'><strong>Christi</strong></span> <span class='ocrx_word' id='word_1_518' title='bbox 1537 3440 1707 3506; x_wconf 90' lang='lat' dir='ltr'><strong>oonenloat</strong></span> <span class='ocrx_word' id='word_1_519' title='bbox 1733 3443 1897 3527; x_wconf 86' lang='lat' dir='ltr'><strong>evangelii</strong></span> <span class='ocrx_word' id='word_1_520' title='bbox 1925 3452 2142 3530; x_wconf 87' lang='lat' dir='ltr'><strong>eontemptor,</strong></span> <span class='ocrx_word' id='word_1_521' title='bbox 2204 3503 2250 3528; x_wconf 69' lang='grc'>,</span> <span class='ocrx_word' id='word_1_522' title='bbox 2279 3503 2330 3528; x_wconf 10' lang='grc'><strong>7,,</strong></span> 
     </span>
     <span class='ocr_line' id='line_1_38' title="bbox 135 3523 2332 3609; baseline 0.006 -19"><span class='ocrx_word' id='word_1_523' title='bbox 135 3526 170 3590; x_wconf 93' lang='lat' dir='ltr'><strong>in</strong></span> <span class='ocrx_word' id='word_1_524' title='bbox 192 3546 293 3591; x_wconf 88' lang='lat' dir='ltr'><strong>eoena</strong></span> <span class='ocrx_word' id='word_1_525' title='bbox 321 3527 416 3609; x_wconf 91' lang='lat' dir='ltr'><strong>panis</strong></span> <span class='ocrx_word' id='word_1_526' title='bbox 444 3525 632 3609; x_wconf 87' lang='lat' dir='ltr'><strong>porrigitur.</strong></span> <span class='ocrx_word' id='word_1_527' title='bbox 682 3525 797 3608; x_wconf 88' lang='lat' dir='ltr'><strong>Neque</strong></span> <span class='ocrx_word' id='word_1_528' title='bbox 825 3525 929 3603; x_wconf 92' lang='lat' dir='ltr'><strong>enim,</strong></span> <span class='ocrx_word' id='word_1_529' title='bbox 956 3527 1021 3591; x_wconf 92' lang='lat' dir='ltr'><strong>uisi</strong></span> <span class='ocrx_word' id='word_1_530' title='bbox 1051 3526 1112 3593; x_wconf 90' lang='lat' dir='ltr'><strong>hoe</strong></span> <span class='ocrx_word' id='word_1_531' title='bbox 1164 3542 1231 3588; x_wconf 91' lang='lat' dir='ltr'><strong>non</strong></span> <span class='ocrx_word' id='word_1_532' title='bbox 1253 3523 1317 3588; x_wconf 85' lang='lat' dir='ltr'><strong>alia</strong></span> <span class='ocrx_word' id='word_1_533' title='bbox 1338 3525 1474 3603; x_wconf 91' lang='lat' dir='ltr'><strong>ratione,</strong></span> <span class='ocrx_word' id='word_1_534' title='bbox 1498 3527 1562 3591; x_wconf 91' lang='lat' dir='ltr'><strong>nisi</strong></span> <span class='ocrx_word' id='word_1_535' title='bbox 1584 3528 1660 3609; x_wconf 88' lang='lat' dir='ltr'><strong>quia</strong></span> <span class='ocrx_word' id='word_1_536' title='bbox 1680 3547 1760 3593; x_wconf 87' lang='lat' dir='ltr'><strong>vooe</strong></span> <span class='ocrx_word' id='word_1_537' title='bbox 1780 3550 1841 3593; x_wconf 89' lang='lat' dir='ltr'><strong>sna</strong></span> <span class='ocrx_word' id='word_1_538' title='bbox 1851 3528 2007 3596; x_wconf 88' lang='lat' dir='ltr'><strong>Christus</strong></span> <span class='ocrx_word' id='word_1_539' title='bbox 2024 3553 2086 3598; x_wconf 88' lang='lat' dir='ltr'><strong>nos</strong></span> <span class='ocrx_word' id='word_1_540' title='bbox 2103 3533 2144 3599; x_wconf 87' lang='lat' dir='ltr'><strong>ad</strong></span> <span class='ocrx_word' id='word_1_541' title='bbox 2174 3536 2332 3602; x_wconf 50' lang='lat' dir='ltr'><strong>&lt;tr-1</strong></span> 
     </span>
     <span class='ocr_line' id='line_1_39' title="bbox 136 3608 2333 3696; baseline 0.006 -23"><span class='ocrx_word' id='word_1_542' title='bbox 136 3611 281 3695; x_wconf 86' lang='lat' dir='ltr'><strong>probato,</strong></span> <span class='ocrx_word' id='word_1_543' title='bbox 305 3633 325 3676; x_wconf 87' lang='lat' dir='ltr'><strong>a</strong></span> <span class='ocrx_word' id='word_1_544' title='bbox 347 3611 483 3675; x_wconf 91' lang='lat' dir='ltr'><strong>erimine</strong></span> <span class='ocrx_word' id='word_1_545' title='bbox 505 3609 695 3676; x_wconf 88' lang='lat' dir='ltr'><strong>liberantur.</strong></span> <span class='ocrx_word' id='word_1_546' title='bbox 729 3608 818 3692; x_wconf 81' lang='lat' dir='ltr'><strong>Quid</strong></span> <span class='ocrx_word' id='word_1_547' title='bbox 840 3632 918 3675; x_wconf 93' lang='lat' dir='ltr'><strong>vero</strong></span> <span class='ocrx_word' id='word_1_548' title='bbox 939 3610 1112 3694; x_wconf 90' lang='lat' dir='ltr'><strong>impuden-</strong></span> <span class='ocrx_word' id='word_1_549' title='bbox 1163 3630 1278 3674; x_wconf 83' lang='lat' dir='ltr'><strong>venem</strong></span> <span class='ocrx_word' id='word_1_550' title='bbox 1300 3610 1351 3674; x_wconf 90' lang='lat' dir='ltr'><strong>sui</strong></span> <span class='ocrx_word' id='word_1_551' title='bbox 1373 3609 1792 3693; x_wconf 87' lang='lat' dir='ltr'><strong>partieipationeminvitat</strong></span> <span class='ocrx_word' id='word_1_552' title='bbox 1827 3613 1923 3696; x_wconf 82' lang='lat' dir='ltr'><strong>Quod</strong></span> <span class='ocrx_word' id='word_1_553' title='bbox 1945 3636 2027 3682; x_wconf 86' lang='lat' dir='ltr'><strong>vero</strong></span> <span class='ocrx_word' id='word_1_554' title='bbox 2049 3619 2333 3687; x_wconf 48' lang='lat' dir='ltr'><strong>toties&amp;</strong></span> 
     </span>
     <span class='ocr_line' id='line_1_40' title="bbox 137 3695 2334 3780; baseline 0.005 -21"><span class='ocrx_word' id='word_1_555' title='bbox 137 3695 211 3774; x_wconf 90' lang='lat' dir='ltr'><strong>tius,</strong></span> <span class='ocrx_word' id='word_1_556' title='bbox 235 3717 332 3778; x_wconf 85' lang='lat' dir='ltr'><strong>qnam</strong></span> <span class='ocrx_word' id='word_1_557' title='bbox 354 3705 510 3780; x_wconf 87' lang='lat' dir='ltr'><strong>proterve</strong></span> <span class='ocrx_word' id='word_1_558' title='bbox 529 3696 636 3761; x_wconf 79' lang='lat' dir='ltr'><strong>fronte</strong></span> <span class='ocrx_word' id='word_1_559' title='bbox 664 3696 786 3762; x_wconf 84' lang='lat' dir='ltr'><strong>iactare</strong></span> <span class='ocrx_word' id='word_1_560' title='bbox 813 3697 936 3762; x_wconf 89' lang='lat' dir='ltr'><strong>veteris</strong></span> <span class='ocrx_word' id='word_1_561' title='bbox 959 3697 1112 3763; x_wconf 75' lang='lat' dir='ltr'><strong>eeclesiae</strong></span> <span class='ocrx_word' id='word_1_562' title='bbox 1163 3695 1348 3760; x_wconf 91' lang='lat' dir='ltr'><strong>ineredulos</strong></span> <span class='ocrx_word' id='word_1_563' title='bbox 1370 3703 1405 3760; x_wconf 89' lang='lat' dir='ltr'><strong>et</strong></span> <span class='ocrx_word' id='word_1_564' title='bbox 1425 3695 1567 3778; x_wconf 87' lang='lat' dir='ltr'><strong>perfidos</strong></span> <span class='ocrx_word' id='word_1_565' title='bbox 1584 3696 1714 3763; x_wconf 92' lang='lat' dir='ltr'><strong>obedire</strong></span> <span class='ocrx_word' id='word_1_566' title='bbox 1734 3697 1848 3765; x_wconf 86' lang='lat' dir='ltr'><strong>dieunt</strong></span> <span class='ocrx_word' id='word_1_567' title='bbox 1865 3698 1992 3766; x_wconf 88' lang='lat' dir='ltr'><strong>Christi</strong></span> <span class='ocrx_word' id='word_1_568' title='bbox 2009 3702 2334 3770; x_wconf 75' lang='lat' dir='ltr'><strong>instita—...-</strong></span> 
     </span>
     <span class='ocr_line' id='line_1_41' title="bbox 138 3781 2333 3869; baseline 0.004 -23"><span class='ocrx_word' id='word_1_569' title='bbox 138 3801 346 3861; x_wconf 88' lang='lat' dir='ltr'><strong>eonsensum,</strong></span> <span class='ocrx_word' id='word_1_570' title='bbox 376 3783 432 3865; x_wconf 90' lang='lat' dir='ltr'><strong>qui</strong></span> <span class='ocrx_word' id='word_1_571' title='bbox 457 3783 553 3848; x_wconf 91' lang='lat' dir='ltr'><strong>toties</strong></span> <span class='ocrx_word' id='word_1_572' title='bbox 581 3782 647 3846; x_wconf 89' lang='lat' dir='ltr'><strong>illis</strong></span> <span class='ocrx_word' id='word_1_573' title='bbox 668 3803 827 3848; x_wconf 90' lang='lat' dir='ltr'><strong>exeussus</strong></span> <span class='ocrx_word' id='word_1_574' title='bbox 848 3781 922 3846; x_wconf 82' lang='lat' dir='ltr'><strong>est?</strong></span> <span class='ocrx_word' id='word_1_575' title='bbox 967 3784 1113 3866; x_wconf 74' lang='lat' dir='ltr'><strong>Tropum</strong></span> <span class='ocrx_word' id='word_1_576' title='bbox 1164 3781 1255 3860; x_wconf 88' lang='lat' dir='ltr'><strong>tioni,</strong></span> <span class='ocrx_word' id='word_1_577' title='bbox 1278 3782 1338 3846; x_wconf 91' lang='lat' dir='ltr'><strong>etsi</strong></span> <span class='ocrx_word' id='word_1_578' title='bbox 1356 3789 1472 3865; x_wconf 88' lang='lat' dir='ltr'><strong>argute</strong></span> <span class='ocrx_word' id='word_1_579' title='bbox 1490 3782 1554 3848; x_wconf 90' lang='lat' dir='ltr'><strong>diei</strong></span> <span class='ocrx_word' id='word_1_580' title='bbox 1571 3791 1699 3866; x_wconf 88' lang='lat' dir='ltr'><strong>putant,</strong></span> <span class='ocrx_word' id='word_1_581' title='bbox 1721 3787 2068 3869; x_wconf 81' lang='lat' dir='ltr'><strong>nugatoriumtamen</strong></span> <span class='ocrx_word' id='word_1_582' title='bbox 2086 3797 2333 3857; x_wconf 56' lang='lat' dir='ltr'><strong>est-:fl-</strong></span> 
     </span>
     <span class='ocr_line' id='line_1_42' title="bbox 137 3865 2336 3951; baseline 0.004 -22"><span class='ocrx_word' id='word_1_583' title='bbox 137 3886 204 3930; x_wconf 89' lang='grc' dir='ltr'>ιιοιι</span> <span class='ocrx_word' id='word_1_584' title='bbox 226 3866 420 3946; x_wconf 89' lang='lat' dir='ltr'><strong>admittunt,</strong></span> <span class='ocrx_word' id='word_1_585' title='bbox 444 3869 522 3951; x_wconf 88' lang='lat' dir='ltr'><strong>quia</strong></span> <span class='ocrx_word' id='word_1_586' title='bbox 542 3867 655 3932; x_wconf 88' lang='lat' dir='ltr'><strong>nullus</strong></span> <span class='ocrx_word' id='word_1_587' title='bbox 675 3868 711 3932; x_wconf 93' lang='lat' dir='ltr'><strong>in</strong></span> <span class='ocrx_word' id='word_1_588' title='bbox 732 3868 843 3933; x_wconf 87' lang='lat' dir='ltr'><strong>verbis</strong></span> <span class='ocrx_word' id='word_1_589' title='bbox 865 3875 934 3933; x_wconf 86' lang='lat' dir='ltr'><strong>tem</strong></span> <span class='ocrx_word' id='word_1_590' title='bbox 956 3870 1112 3934; x_wconf 84' lang='lat' dir='ltr'><strong>manifes-</strong></span> <span class='ocrx_word' id='word_1_591' title='bbox 1164 3865 1258 3933; x_wconf 81' lang='lat' dir='ltr'><strong>Haeo</strong></span> <span class='ocrx_word' id='word_1_592' title='bbox 1279 3867 1437 3932; x_wconf 91' lang='lat' dir='ltr'><strong>nimirum</strong></span> <span class='ocrx_word' id='word_1_593' title='bbox 1465 3869 1549 3933; x_wconf 82' lang='lat' dir='ltr'><strong>ratio</strong></span> <span class='ocrx_word' id='word_1_594' title='bbox 1578 3878 1646 3948; x_wconf 89' lang='lat' dir='ltr'><strong>est,</strong></span> <span class='ocrx_word' id='word_1_595' title='bbox 1680 3892 1739 3936; x_wconf 87' lang='lat' dir='ltr'><strong>aur</strong></span> <span class='ocrx_word' id='word_1_596' title='bbox 1766 3871 1860 3936; x_wconf 87' lang='lat' dir='ltr'><strong>initio</strong></span> <span class='ocrx_word' id='word_1_597' title='bbox 1885 3891 1906 3936; x_wconf 86' lang='lat' dir='ltr'><strong>a</strong></span> <span class='ocrx_word' id='word_1_598' title='bbox 1931 3873 2091 3940; x_wconf 85' lang='lat' dir='ltr'><strong>mandate</strong></span> <span class='ocrx_word' id='word_1_599' title='bbox 2112 3880 2336 3943; x_wconf 63' lang='grc' dir='ltr'>εΏεΞι</span> 
     </span>
     <span class='ocr_line' id='line_1_43' title="bbox 137 3951 2338 4040; baseline 0.004 -26"><span class='ocrx_word' id='word_1_600' title='bbox 137 3951 181 4015; x_wconf 89' lang='lat' dir='ltr'><strong>tis</strong></span> <span class='ocrx_word' id='word_1_601' title='bbox 202 3971 273 4016; x_wconf 88' lang='lat' dir='ltr'><strong>esse</strong></span> <span class='ocrx_word' id='word_1_602' title='bbox 294 3961 414 4035; x_wconf 90' lang='lat' dir='ltr'><strong>potest:</strong></span> <span class='ocrx_word' id='word_1_603' title='bbox 436 3953 510 4020; x_wconf 92' lang='lat' dir='ltr'><strong>Hoe</strong></span> <span class='ocrx_word' id='word_1_604' title='bbox 532 3963 583 4019; x_wconf 90' lang='lat' dir='ltr'><strong>est</strong></span> <span class='ocrx_word' id='word_1_605' title='bbox 604 3974 722 4036; x_wconf 87' lang='lat' dir='ltr'><strong>eorpus</strong></span> <span class='ocrx_word' id='word_1_606' title='bbox 744 3974 863 4019; x_wconf 90' lang='lat' dir='ltr'><strong>meum.</strong></span> <span class='ocrx_word' id='word_1_607' title='bbox 908 3952 1012 4035; x_wconf 78' lang='lat' dir='ltr'><strong>Quasi</strong></span> <span class='ocrx_word' id='word_1_608' title='bbox 1034 3977 1112 4021; x_wconf 92' lang='lat' dir='ltr'><strong>vero</strong></span> <span class='ocrx_word' id='word_1_609' title='bbox 1164 3953 1378 4036; x_wconf 88' lang='lat' dir='ltr'><strong>promissione</strong></span> <span class='ocrx_word' id='word_1_610' title='bbox 1395 3954 1635 4020; x_wconf 88' lang='lat' dir='ltr'><strong>institutionem</strong></span> <span class='ocrx_word' id='word_1_611' title='bbox 1646 3958 1881 4040; x_wconf 81' lang='lat' dir='ltr'><strong>separaverint</strong></span> <span class='ocrx_word' id='word_1_612' title='bbox 1911 3957 2017 4039; x_wconf 79' lang='lat' dir='ltr'><strong>Quasi</strong></span> <span class='ocrx_word' id='word_1_613' title='bbox 2028 3959 2338 4027; x_wconf 62' lang='lat' dir='ltr'><strong>Chris—efi-</strong></span> 
     </span>
     <span class='ocr_line' id='line_1_44' title="bbox 137 4038 2339 4123; baseline 0.001 -21"><span class='ocrx_word' id='word_1_614' title='bbox 137 4056 204 4102; x_wconf 90' lang='lat' dir='ltr'><strong>uon</strong></span> <span class='ocrx_word' id='word_1_615' title='bbox 233 4057 334 4119; x_wconf 91' lang='lat' dir='ltr'><strong>aeque</strong></span> <span class='ocrx_word' id='word_1_616' title='bbox 360 4039 554 4105; x_wconf 84' lang='lat' dir='ltr'><strong>manifestus</strong></span> <span class='ocrx_word' id='word_1_617' title='bbox 583 4041 626 4105; x_wconf 87' lang='lat' dir='ltr'><strong>sit</strong></span> <span class='ocrx_word' id='word_1_618' title='bbox 652 4060 773 4105; x_wconf 89' lang='lat' dir='ltr'><strong>sermo:</strong></span> <span class='ocrx_word' id='word_1_619' title='bbox 808 4038 917 4122; x_wconf 84' lang='lat' dir='ltr'><strong>Super</strong></span> <span class='ocrx_word' id='word_1_620' title='bbox 943 4060 1041 4123; x_wconf 90' lang='lat' dir='ltr'><strong>quem</strong></span> <span class='ocrx_word' id='word_1_621' title='bbox 1064 4043 1112 4105; x_wconf 90' lang='lat' dir='ltr'><strong>vi·</strong></span> <span class='ocrx_word' id='word_1_622' title='bbox 1164 4047 1217 4103; x_wconf 91' lang='lat' dir='ltr'><strong>tus</strong></span> <span class='ocrx_word' id='word_1_623' title='bbox 1239 4058 1373 4105; x_wconf 89' lang='lat' dir='ltr'><strong>eoenam</strong></span> <span class='ocrx_word' id='word_1_624' title='bbox 1394 4039 1579 4120; x_wconf 90' lang='lat' dir='ltr'><strong>instituens,</strong></span> <span class='ocrx_word' id='word_1_625' title='bbox 1602 4061 1670 4107; x_wconf 93' lang='lat' dir='ltr'><strong>non</strong></span> <span class='ocrx_word' id='word_1_626' title='bbox 1691 4041 1855 4108; x_wconf 84' lang='lat' dir='ltr'><strong>addiderit</strong></span> <span class='ocrx_word' id='word_1_627' title='bbox 1865 4045 2069 4111; x_wconf 88' lang='lat' dir='ltr'><strong>eouiunetim</strong></span> <span class='ocrx_word' id='word_1_628' title='bbox 2080 4047 2339 4113; x_wconf 68' lang='lat' dir='ltr'><strong>duo-o</strong></span> 
     </span>
     <span class='ocr_line' id='line_1_45' title="bbox 139 4121 2340 4210; baseline 0.003 -22"><span class='ocrx_word' id='word_1_629' title='bbox 139 4121 226 4188; x_wconf 89' lang='lat' dir='ltr'><strong>deris</strong></span> <span class='ocrx_word' id='word_1_630' title='bbox 248 4123 400 4205; x_wconf 89' lang='lat' dir='ltr'><strong>spiritum</strong></span> <span class='ocrx_word' id='word_1_631' title='bbox 422 4135 580 4190; x_wconf 91' lang='lat' dir='ltr'><strong>sanetum.</strong></span> <span class='ocrx_word' id='word_1_632' title='bbox 631 4123 733 4191; x_wconf 81' lang='lat' dir='ltr'><strong>siin</strong></span> <span class='ocrx_word' id='word_1_633' title='bbox 761 4132 899 4191; x_wconf 84' lang='lat' dir='ltr'><strong>ventose</strong></span> <span class='ocrx_word' id='word_1_634' title='bbox 920 4126 1113 4209; x_wconf 81' lang='lat' dir='ltr'><strong>garrulitate</strong></span> <span class='ocrx_word' id='word_1_635' title='bbox 1164 4124 1299 4208; x_wconf 89' lang='lat' dir='ltr'><strong>reliqua.</strong></span> <span class='ocrx_word' id='word_1_636' title='bbox 1333 4125 1405 4190; x_wconf 92' lang='lat' dir='ltr'><strong>Imo</strong></span> <span class='ocrx_word' id='word_1_637' title='bbox 1425 4126 1502 4208; x_wconf 91' lang='lat' dir='ltr'><strong>quid</strong></span> <span class='ocrx_word' id='word_1_638' title='bbox 1523 4125 1612 4191; x_wconf 91' lang='lat' dir='ltr'><strong>aliud</strong></span> <span class='ocrx_word' id='word_1_639' title='bbox 1632 4127 1697 4193; x_wconf 82' lang='lat' dir='ltr'><strong>fuit</strong></span> <span class='ocrx_word' id='word_1_640' title='bbox 1717 4147 1854 4195; x_wconf 87' lang='lat' dir='ltr'><strong>eoenam</strong></span> <span class='ocrx_word' id='word_1_641' title='bbox 1873 4130 2059 4210; x_wconf 88' lang='lat' dir='ltr'><strong>instituere,</strong></span> <span class='ocrx_word' id='word_1_642' title='bbox 2082 4124 2340 4199; x_wconf 56' lang='lat' dir='ltr'><strong>nisa-Ji</strong></span> 
     </span>
     <span class='ocr_line' id='line_1_46' title="bbox 138 4207 2340 4300; baseline 0.005 -27"><span class='ocrx_word' id='word_1_643' title='bbox 138 4208 285 4291; x_wconf 90' lang='lat' dir='ltr'><strong>equitare</strong></span> <span class='ocrx_word' id='word_1_644' title='bbox 307 4207 420 4287; x_wconf 90' lang='lat' dir='ltr'><strong>libeat,</strong></span> <span class='ocrx_word' id='word_1_645' title='bbox 449 4230 548 4293; x_wconf 87' lang='lat' dir='ltr'><strong>quem</strong></span> <span class='ocrx_word' id='word_1_646' title='bbox 570 4211 636 4276; x_wconf 88' lang='lat' dir='ltr'><strong>alte</strong></span> <span class='ocrx_word' id='word_1_647' title='bbox 658 4233 718 4278; x_wconf 91' lang='lat' dir='ltr'><strong>nes</strong></span> <span class='ocrx_word' id='word_1_648' title='bbox 739 4212 871 4276; x_wconf 84' lang='lat' dir='ltr'><strong>efferret</strong></span> <span class='ocrx_word' id='word_1_649' title='bbox 890 4210 1030 4277; x_wconf 90' lang='lat' dir='ltr'><strong>verbum</strong></span> <span class='ocrx_word' id='word_1_650' title='bbox 1051 4212 1113 4278; x_wconf 85' lang='lat' dir='ltr'><strong>Vi·</strong></span> <span class='ocrx_word' id='word_1_651' title='bbox 1164 4210 1336 4291; x_wconf 86' lang='lat' dir='ltr'><strong>mandare,</strong></span> <span class='ocrx_word' id='word_1_652' title='bbox 1364 4218 1404 4275; x_wconf 93' lang='lat' dir='ltr'><strong>ut</strong></span> <span class='ocrx_word' id='word_1_653' title='bbox 1430 4213 1622 4297; x_wconf 84' lang='lat' dir='ltr'><strong>mysterium</strong></span> <span class='ocrx_word' id='word_1_654' title='bbox 1649 4213 1711 4281; x_wconf 90' lang='lat' dir='ltr'><strong>hoe</strong></span> <span class='ocrx_word' id='word_1_655' title='bbox 1731 4218 2340 4300; x_wconf 71' lang='lat' dir='ltr'><strong>peregatnrpromission·1-10</strong></span> 
     </span>
     <span class='ocr_line' id='line_1_47' title="bbox 138 4290 2339 4381; baseline 0.005 -24"><span class='ocrx_word' id='word_1_656' title='bbox 138 4290 245 4370; x_wconf 91' lang='lat' dir='ltr'><strong>dendi,</strong></span> <span class='ocrx_word' id='word_1_657' title='bbox 259 4313 377 4358; x_wconf 89' lang='lat' dir='ltr'><strong>nomen</strong></span> <span class='ocrx_word' id='word_1_658' title='bbox 388 4292 555 4376; x_wconf 86' lang='lat' dir='ltr'><strong>Spiritus?</strong></span> <span class='ocrx_word' id='word_1_659' title='bbox 573 4297 619 4361; x_wconf 84' lang='lat' dir='ltr'><strong>Et</strong></span> <span class='ocrx_word' id='word_1_660' title='bbox 630 4306 740 4363; x_wconf 91' lang='lat' dir='ltr'><strong>tamen</strong></span> <span class='ocrx_word' id='word_1_661' title='bbox 755 4298 782 4362; x_wconf 94' lang='lat' dir='ltr'><strong>si</strong></span> <span class='ocrx_word' id='word_1_662' title='bbox 793 4298 935 4381; x_wconf 88' lang='lat' dir='ltr'><strong>speeiem</strong></span> <span class='ocrx_word' id='word_1_663' title='bbox 946 4298 1114 4364; x_wconf 80' lang='lat' dir='ltr'><strong>columbae</strong></span> <span class='ocrx_word' id='word_1_664' title='bbox 1164 4296 1379 4380; x_wconf 82' lang='lat' dir='ltr'><strong>interposita?</strong></span> <span class='ocrx_word' id='word_1_665' title='bbox 1413 4296 1512 4362; x_wconf 88' lang='lat' dir='ltr'><strong>Certe</strong></span> <span class='ocrx_word' id='word_1_666' title='bbox 1533 4299 1695 4365; x_wconf 89' lang='lat' dir='ltr'><strong>institutio</strong></span> <span class='ocrx_word' id='word_1_667' title='bbox 1716 4299 1843 4366; x_wconf 89' lang='lat' dir='ltr'><strong>Christi</strong></span> <span class='ocrx_word' id='word_1_668' title='bbox 1863 4321 1946 4368; x_wconf 89' lang='lat' dir='ltr'><strong>vera</strong></span> <span class='ocrx_word' id='word_1_669' title='bbox 1966 4301 2022 4368; x_wconf 89' lang='lat' dir='ltr'><strong>lex</strong></span> <span class='ocrx_word' id='word_1_670' title='bbox 2043 4312 2079 4369; x_wconf 91' lang='lat' dir='ltr'><strong>et</strong></span> <span class='ocrx_word' id='word_1_671' title='bbox 2095 4311 2339 4370; x_wconf 59' lang='lat' dir='ltr'><strong>ree-&#39;&#39;0-</strong></span> 
     </span>
     <span class='ocr_line' id='line_1_48' title="bbox 138 4379 2335 4469; baseline 0.006 -24"><span class='ocrx_word' id='word_1_672' title='bbox 138 4379 250 4445; x_wconf 89' lang='lat' dir='ltr'><strong>dieant</strong></span> <span class='ocrx_word' id='word_1_673' title='bbox 259 4379 360 4444; x_wconf 87' lang='lat' dir='ltr'><strong>fuisse</strong></span> <span class='ocrx_word' id='word_1_674' title='bbox 371 4380 532 4462; x_wconf 88' lang='lat' dir='ltr'><strong>spiritum,</strong></span> <span class='ocrx_word' id='word_1_675' title='bbox 544 4383 626 4447; x_wconf 93' lang='lat' dir='ltr'><strong>nihil</strong></span> <span class='ocrx_word' id='word_1_676' title='bbox 639 4383 821 4455; x_wconf 86' lang='lat' dir='ltr'><strong>absurdius.</strong></span> <span class='ocrx_word' id='word_1_677' title='bbox 833 4383 932 4447; x_wconf 84' lang='lat' dir='ltr'><strong>Falso</strong></span> <span class='ocrx_word' id='word_1_678' title='bbox 945 4383 998 4448; x_wconf 95' lang='lat' dir='ltr'><strong>hie</strong></span> <span class='ocrx_word' id='word_1_679' title='bbox 1009 4385 1114 4450; x_wconf 91' lang='lat' dir='ltr'><strong>erimi-</strong></span> <span class='ocrx_word' id='word_1_680' title='bbox 1166 4382 1245 4467; x_wconf 91' lang='lat' dir='ltr'><strong>gula</strong></span> <span class='ocrx_word' id='word_1_681' title='bbox 1266 4390 1318 4448; x_wconf 93' lang='lat' dir='ltr'><strong>est</strong></span> <span class='ocrx_word' id='word_1_682' title='bbox 1337 4382 1559 4468; x_wconf 87' lang='lat' dir='ltr'><strong>peragendae·</strong></span> <span class='ocrx_word' id='word_1_683' title='bbox 1574 4389 1648 4464; x_wconf 78' lang='lat' dir='ltr'><strong>[pag.</strong></span> <span class='ocrx_word' id='word_1_684' title='bbox 1667 4391 1742 4466; x_wconf 76' lang='grc'>319]</span> <span class='ocrx_word' id='word_1_685' title='bbox 1764 4406 1892 4453; x_wconf 88' lang='lat' dir='ltr'><strong>eoenae.</strong></span> <span class='ocrx_word' id='word_1_686' title='bbox 1928 4386 2013 4469; x_wconf 81' lang='lat' dir='ltr'><strong>Quis</strong></span> <span class='ocrx_word' id='word_1_687' title='bbox 2034 4398 2249 4457; x_wconf 44' lang='lat' dir='ltr'><strong>aneu*</strong></span> <span class='ocrx_word' id='word_1_688' title='bbox 2294 4396 2335 4440; x_wconf 64' lang='grc' dir='ltr'><strong>’ω</strong></span> 
     </span>
     <span class='ocr_line' id='line_1_49' title="bbox 138 4466 2334 4558; baseline 0.005 -28"><span class='ocrx_word' id='word_1_689' title='bbox 138 4473 262 4530; x_wconf 84' lang='grc' dir='ltr'>ιιιιιιιιιι·</span> <span class='ocrx_word' id='word_1_690' title='bbox 277 4473 409 4548; x_wconf 90' lang='lat' dir='ltr'><strong>tropum</strong></span> <span class='ocrx_word' id='word_1_691' title='bbox 426 4469 712 4549; x_wconf 88' lang='lat' dir='ltr'><strong>noseomminisoi,</strong></span> <span class='ocrx_word' id='word_1_692' title='bbox 728 4466 857 4552; x_wconf 90' lang='lat' dir='ltr'><strong>quiaad</strong></span> <span class='ocrx_word' id='word_1_693' title='bbox 873 4470 1021 4554; x_wconf 89' lang='lat' dir='ltr'><strong>mysterii</strong></span> <span class='ocrx_word' id='word_1_694' title='bbox 1039 4469 1114 4535; x_wconf 89' lang='lat' dir='ltr'><strong>alti·</strong></span> <span class='ocrx_word' id='word_1_695' title='bbox 1166 4469 1314 4552; x_wconf 87' lang='lat' dir='ltr'><strong>regulam</strong></span> <span class='ocrx_word' id='word_1_696' title='bbox 1346 4488 1366 4532; x_wconf 91' lang='lat' dir='ltr'><strong>a</strong></span> <span class='ocrx_word' id='word_1_697' title='bbox 1393 4468 1528 4536; x_wconf 91' lang='lat' dir='ltr'><strong>Christo</strong></span> <span class='ocrx_word' id='word_1_698' title='bbox 1559 4472 1795 4555; x_wconf 82' lang='lat' dir='ltr'><strong>praeseriptam</strong></span> <span class='ocrx_word' id='word_1_699' title='bbox 1838 4494 1893 4539; x_wconf 93' lang='lat' dir='ltr'><strong>eos</strong></span> <span class='ocrx_word' id='word_1_700' title='bbox 1927 4476 2020 4558; x_wconf 88' lang='lat' dir='ltr'><strong>sequi</strong></span> <span class='ocrx_word' id='word_1_701' title='bbox 2049 4467 2334 4545; x_wconf 50' lang='grc' dir='ltr'><strong>(Βουνῶν</strong></span> 
     </span>
     <span class='ocr_line' id='line_1_50' title="bbox 138 4549 2331 4644; baseline 0.007 -28"><span class='ocrx_word' id='word_1_702' title='bbox 138 4549 286 4641; x_wconf 81' lang='lat' dir='ltr'><strong>tudinem</strong></span> <span class='ocrx_word' id='word_1_703' title='bbox 304 4571 372 4615; x_wconf 94' lang='lat' dir='ltr'><strong>non</strong></span> <span class='ocrx_word' id='word_1_704' title='bbox 384 4553 555 4635; x_wconf 88' lang='lat' dir='ltr'><strong>perveniat</strong></span> <span class='ocrx_word' id='word_1_705' title='bbox 564 4555 700 4621; x_wconf 82' lang='lat' dir='ltr'><strong>rationis</strong></span> <span class='ocrx_word' id='word_1_706' title='bbox 711 4562 843 4621; x_wconf 89' lang='lat' dir='ltr'><strong>nostrae</strong></span> <span class='ocrx_word' id='word_1_707' title='bbox 856 4558 930 4633; x_wconf 84' lang='lat' dir='ltr'><strong>[pag.</strong></span> <span class='ocrx_word' id='word_1_708' title='bbox 944 4559 1020 4634; x_wconf 82' lang='lat'><strong>316]</strong></span> <span class='ocrx_word' id='word_1_709' title='bbox 1038 4577 1114 4639; x_wconf 89' lang='lat' dir='ltr'><strong>eap-</strong></span> <span class='ocrx_word' id='word_1_710' title='bbox 1166 4555 1221 4638; x_wconf 91' lang='lat' dir='ltr'><strong>qni</strong></span> <span class='ocrx_word' id='word_1_711' title='bbox 1242 4555 1421 4637; x_wconf 90' lang='lat' dir='ltr'><strong>praeterito</strong></span> <span class='ocrx_word' id='word_1_712' title='bbox 1443 4554 1598 4622; x_wconf 87' lang='lat' dir='ltr'><strong>mandato</strong></span> <span class='ocrx_word' id='word_1_713' title='bbox 1618 4557 1812 4641; x_wconf 87' lang='lat' dir='ltr'><strong>sepultaque</strong></span> <span class='ocrx_word' id='word_1_714' title='bbox 1829 4560 2047 4641; x_wconf 89' lang='lat' dir='ltr'><strong>promissione</strong></span> <span class='ocrx_word' id='word_1_715' title='bbox 2064 4565 2205 4630; x_wconf 64' lang='lat' dir='ltr'><strong>imss</strong></span> <span class='ocrx_word' id='word_1_716' title='bbox 2295 4566 2331 4644; x_wconf 61' lang='lat' dir='ltr'><strong>P·</strong></span> 
     </span>
     <span class='ocr_line' id='line_1_51' title="bbox 123 4635 2325 4727; baseline 0.004 -26"><span class='ocrx_word' id='word_1_717' title='bbox 123 4646 201 4715; x_wconf 85' lang='lat' dir='ltr'><strong>tns.</strong></span> <span class='ocrx_word' id='word_1_718' title='bbox 217 4635 480 4718; x_wconf 74' lang='lat' dir='ltr'><strong>Quesiverosnb</strong></span> <span class='ocrx_word' id='word_1_719' title='bbox 493 4640 1115 4723; x_wconf 89' lang='lat' dir='ltr'><strong>sensnsnostroseadatineomprehen·</strong></span> <span class='ocrx_word' id='word_1_720' title='bbox 1166 4640 1331 4724; x_wconf 91' lang='lat' dir='ltr'><strong>ginarinm</strong></span> <span class='ocrx_word' id='word_1_721' title='bbox 1361 4643 1469 4706; x_wconf 90' lang='lat' dir='ltr'><strong>neseio</strong></span> <span class='ocrx_word' id='word_1_722' title='bbox 1497 4640 1576 4724; x_wconf 90' lang='lat' dir='ltr'><strong>quid</strong></span> <span class='ocrx_word' id='word_1_723' title='bbox 1604 4642 1752 4727; x_wconf 84' lang='lat' dir='ltr'><strong>fingent?</strong></span> <span class='ocrx_word' id='word_1_724' title='bbox 1802 4644 1896 4710; x_wconf 91' lang='lat' dir='ltr'><strong>Haeo</strong></span> <span class='ocrx_word' id='word_1_725' title='bbox 1926 4645 1933 4660; x_wconf 81' lang='lat'><strong>‘</strong></span> <span class='ocrx_word' id='word_1_726' title='bbox 1961 4646 2030 4712; x_wconf 83' lang='lat' dir='ltr'><strong>&#39;tur</strong></span> <span class='ocrx_word' id='word_1_727' title='bbox 2051 4649 2325 4715; x_wconf 63' lang='lat' dir='ltr'><strong>bow</strong></span> 
     </span>
     <span class='ocr_line' id='line_1_52' title="bbox 138 4722 2319 4811; baseline 0.006 -21"><span class='ocrx_word' id='word_1_728' title='bbox 138 4723 242 4790; x_wconf 89' lang='lat' dir='ltr'><strong>sibilis</strong></span> <span class='ocrx_word' id='word_1_729' title='bbox 257 4722 420 4806; x_wconf 88' lang='lat' dir='ltr'><strong>illaquam</strong></span> <span class='ocrx_word' id='word_1_730' title='bbox 433 4725 610 4805; x_wconf 84' lang='lat' dir='ltr'><strong>asserimus</strong></span> <span class='ocrx_word' id='word_1_731' title='bbox 630 4727 888 4792; x_wconf 91' lang='lat' dir='ltr'><strong>eommunieatio.</strong></span> <span class='ocrx_word' id='word_1_732' title='bbox 905 4726 979 4792; x_wconf 90' lang='lat' dir='ltr'><strong>Nisi</strong></span> <span class='ocrx_word' id='word_1_733' title='bbox 993 4726 1115 4792; x_wconf 89' lang='lat' dir='ltr'><strong>talibus</strong></span> <span class='ocrx_word' id='word_1_734' title='bbox 1165 4726 1238 4791; x_wconf 89' lang='lat' dir='ltr'><strong>istis</strong></span> <span class='ocrx_word' id='word_1_735' title='bbox 1257 4725 1613 4811; x_wconf 90' lang='lat' dir='ltr'><strong>theologisebedientia</strong></span> <span class='ocrx_word' id='word_1_736' title='bbox 1632 4736 1690 4808; x_wconf 92' lang='lat' dir='ltr'><strong>est,</strong></span> <span class='ocrx_word' id='word_1_737' title='bbox 1714 4729 1889 4797; x_wconf 54' lang='lat' dir='ltr'><strong>lusorie‘et</strong></span> <span class='ocrx_word' id='word_1_738' title='bbox 1998 4733 2319 4802; x_wconf 60' lang='lat' dir='ltr'><strong>‘terat-⁶¹⁶²</strong></span> 
     </span>
     <span class='ocr_line' id='line_1_53' title="bbox 138 4808 1817 4901; baseline 0.004 -27"><span class='ocrx_word' id='word_1_739' title='bbox 138 4808 331 4893; x_wconf 90' lang='lat' dir='ltr'><strong>imposturis</strong></span> <span class='ocrx_word' id='word_1_740' title='bbox 349 4809 461 4874; x_wconf 90' lang='lat' dir='ltr'><strong>ludere</strong></span> <span class='ocrx_word' id='word_1_741' title='bbox 479 4809 640 4890; x_wconf 89' lang='lat' dir='ltr'><strong>desinant,</strong></span> <span class='ocrx_word' id='word_1_742' title='bbox 657 4820 756 4894; x_wconf 82' lang='lat' dir='ltr'><strong>quarn</strong></span> <span class='ocrx_word' id='word_1_743' title='bbox 771 4832 888 4878; x_wconf 90' lang='lat' dir='ltr'><strong>vereor</strong></span> <span class='ocrx_word' id='word_1_744' title='bbox 904 4833 947 4878; x_wconf 94' lang='lat' dir='ltr'><strong>ne</strong></span> <span class='ocrx_word' id='word_1_745' title='bbox 962 4820 1114 4897; x_wconf 87' lang='lat' dir='ltr'><strong>retegan-</strong></span> <span class='ocrx_word' id='word_1_746' title='bbox 1166 4832 1230 4895; x_wconf 92' lang='lat' dir='ltr'><strong>que</strong></span> <span class='ocrx_word' id='word_1_747' title='bbox 1251 4812 1316 4878; x_wconf 87' lang='lat' dir='ltr'><strong>fide</strong></span> <span class='ocrx_word' id='word_1_748' title='bbox 1338 4812 1427 4877; x_wconf 89' lang='lat' dir='ltr'><strong>nude</strong></span> <span class='ocrx_word' id='word_1_749' title='bbox 1449 4815 1653 4880; x_wconf 89' lang='lat' dir='ltr'><strong>eaeremonia</strong></span> <span class='ocrx_word' id='word_1_750' title='bbox 1674 4813 1817 4901; x_wconf 80' lang='lat' dir='ltr'><strong>defungi.</strong></span> 
     </span>
     <span class='ocr_line' id='line_1_54' title="bbox 138 4894 2297 4989; baseline 0.007 -31"><span class='ocrx_word' id='word_1_751' title='bbox 138 4900 195 4958; x_wconf 91' lang='lat' dir='ltr'><strong>tur</strong></span> <span class='ocrx_word' id='word_1_752' title='bbox 211 4914 326 4959; x_wconf 87' lang='lat' dir='ltr'><strong>eorum</strong></span> <span class='ocrx_word' id='word_1_753' title='bbox 347 4894 513 4974; x_wconf 88' lang='lat' dir='ltr'><strong>dedeeora,</strong></span> <span class='ocrx_word' id='word_1_754' title='bbox 545 4916 628 4978; x_wconf 89' lang='lat' dir='ltr'><strong>quae</strong></span> <span class='ocrx_word' id='word_1_755' title='bbox 643 4904 757 4980; x_wconf 90' lang='lat' dir='ltr'><strong>operta</strong></span> <span class='ocrx_word' id='word_1_756' title='bbox 772 4918 905 4964; x_wconf 89' lang='lat' dir='ltr'><strong>manere</strong></span> <span class='ocrx_word' id='word_1_757' title='bbox 921 4906 1113 4981; x_wconf 85' lang='lat' dir='ltr'><strong>praestaret</strong></span> <span class='ocrx_word' id='word_1_758' title='bbox 1251 4898 1325 4964; x_wconf 87' lang='lat' dir='ltr'><strong>Hes</strong></span> <span class='ocrx_word' id='word_1_759' title='bbox 1346 4917 1453 4984; x_wconf 86' lang='lat' dir='ltr'><strong>nugas</strong></span> <span class='ocrx_word' id='word_1_760' title='bbox 1474 4898 1834 4984; x_wconf 64' lang='lat' dir='ltr'><strong>gloriaturfflilemauus</strong></span> <span class='ocrx_word' id='word_1_761' title='bbox 1855 4903 1999 4989; x_wconf 86' lang='lat' dir='ltr'><strong>Crugins</strong></span> <span class='ocrx_word' id='word_1_762' title='bbox 2020 4904 2297 4973; x_wconf 48' lang='lat' dir='ltr'><strong>laetat-2³⁰</strong></span> 
     </span>
     <span class='ocr_line' id='line_1_55' title="bbox 139 4977 2286 5070; baseline 0.007 -26"><span class='ocrx_word' id='word_1_763' title='bbox 139 4977 238 5044; x_wconf 90' lang='lat' dir='ltr'><strong>Certe</strong></span> <span class='ocrx_word' id='word_1_764' title='bbox 256 4979 465 5046; x_wconf 80' lang='lat' dir='ltr'><strong>traducendie</strong></span> <span class='ocrx_word' id='word_1_765' title='bbox 487 5003 600 5047; x_wconf 92' lang='lat' dir='ltr'><strong>eorum</strong></span> <span class='ocrx_word' id='word_1_766' title='bbox 621 4983 755 5065; x_wconf 89' lang='lat' dir='ltr'><strong>ineptiis</strong></span> <span class='ocrx_word' id='word_1_767' title='bbox 771 4983 852 5049; x_wconf 88' lang='lat' dir='ltr'><strong>edeo</strong></span> <span class='ocrx_word' id='word_1_768' title='bbox 873 5003 940 5048; x_wconf 93' lang='lat' dir='ltr'><strong>non</strong></span> <span class='ocrx_word' id='word_1_769' title='bbox 961 4984 1113 5064; x_wconf 83' lang='lat' dir='ltr'><strong>obleetur,</strong></span> <span class='ocrx_word' id='word_1_770' title='bbox 1166 5005 1202 5050; x_wconf 92' lang='lat' dir='ltr'><strong>se</strong></span> <span class='ocrx_word' id='word_1_771' title='bbox 1223 4985 1400 5069; x_wconf 86' lang='lat' dir='ltr'><strong>seripsisse.</strong></span> <span class='ocrx_word' id='word_1_772' title='bbox 1414 4984 1440 5070; x_wconf 90' lang='lat'><strong>¹)</strong></span> <span class='ocrx_word' id='word_1_773' title='bbox 1471 4983 1608 5051; x_wconf 89' lang='lat' dir='ltr'><strong>Utinam</strong></span> <span class='ocrx_word' id='word_1_774' title='bbox 1629 5007 1697 5054; x_wconf 92' lang='lat' dir='ltr'><strong>non</strong></span> <span class='ocrx_word' id='word_1_775' title='bbox 1718 4988 1833 5054; x_wconf 81' lang='lat' dir='ltr'><strong>inisset</strong></span> <span class='ocrx_word' id='word_1_776' title='bbox 1853 4989 2029 5057; x_wconf 90' lang='lat' dir='ltr'><strong>immodiee</strong></span> <span class='ocrx_word' id='word_1_777' title='bbox 2050 4977 2286 5058; x_wconf 53' lang='lat' dir='ltr'><strong>leard-</strong></span> 
     </span>
     <span class='ocr_line' id='line_1_56' title="bbox 139 5068 1115 5155; baseline 0.009 -27"><span class='ocrx_word' id='word_1_778' title='bbox 139 5072 178 5128; x_wconf 88' lang='lat' dir='ltr'><strong>ut</strong></span> <span class='ocrx_word' id='word_1_779' title='bbox 196 5086 311 5130; x_wconf 89' lang='lat' dir='ltr'><strong>earum</strong></span> <span class='ocrx_word' id='word_1_780' title='bbox 332 5088 387 5133; x_wconf 93' lang='lat' dir='ltr'><strong>me</strong></span> <span class='ocrx_word' id='word_1_781' title='bbox 408 5088 534 5152; x_wconf 91' lang='lat' dir='ltr'><strong>quoqne</strong></span> <span class='ocrx_word' id='word_1_782' title='bbox 553 5068 681 5151; x_wconf 91' lang='lat' dir='ltr'><strong>pudeat.</strong></span> <span class='ocrx_word' id='word_1_783' title='bbox 713 5068 764 5133; x_wconf 81' lang='lat' dir='ltr'><strong>Ae</strong></span> <span class='ocrx_word' id='word_1_784' title='bbox 780 5068 875 5135; x_wconf 89' lang='lat' dir='ltr'><strong>faeilo</strong></span> <span class='ocrx_word' id='word_1_785' title='bbox 893 5070 999 5152; x_wconf 86' lang='lat' dir='ltr'><strong>patior</strong></span> <span class='ocrx_word' id='word_1_786' title='bbox 1015 5092 1115 5155; x_wconf 88' lang='lat' dir='ltr'><strong>quae·</strong></span> 
     </span>
    </p>
   </div>
   <div class='ocr_carea' id='block_1_3' title="bbox 141 5152 2255 5244">
    <p class='ocr_par' dir='ltr' id='par_1_4' title="bbox 141 5152 2255 5244">
     <span class='ocr_line' id='line_1_57' title="bbox 141 5152 2255 5244; baseline 0.011 -30"><span class='ocrx_word' id='word_1_787' title='bbox 141 5168 269 5232; x_wconf 89' lang='lat' dir='ltr'><strong>eunqne</strong></span> <span class='ocrx_word' id='word_1_788' title='bbox 289 5152 325 5216; x_wconf 94' lang='lat' dir='ltr'><strong>iu</strong></span> <span class='ocrx_word' id='word_1_789' title='bbox 346 5174 407 5219; x_wconf 93' lang='lat' dir='ltr'><strong>nos</strong></span> <span class='ocrx_word' id='word_1_790' title='bbox 424 5162 582 5219; x_wconf 92' lang='lat' dir='ltr'><strong>evomunt</strong></span> <span class='ocrx_word' id='word_1_791' title='bbox 591 5153 719 5238; x_wconf 88' lang='lat' dir='ltr'><strong>probra,</strong></span> <span class='ocrx_word' id='word_1_792' title='bbox 743 5153 814 5219; x_wconf 90' lang='lat' dir='ltr'><strong>sine</strong></span> <span class='ocrx_word' id='word_1_793' title='bbox 826 5153 1015 5222; x_wconf 82' lang='lat' dir='ltr'><strong>defensione</strong></span> <span class='ocrx_word' id='word_1_794' title='bbox 1034 5156 1113 5242; x_wconf 92' lang='lat' dir='ltr'><strong>legi:</strong></span> <span class='ocrx_word' id='word_1_795' title='bbox 1235 5175 1264 5241; x_wconf 90' lang='lat'><strong>1)</strong></span> <span class='ocrx_word' id='word_1_796' title='bbox 1283 5172 1605 5230; x_wconf 61' lang='lat' dir='ltr'><strong>insuescentem</strong></span> <span class='ocrx_word' id='word_1_797' title='bbox 1619 5177 1726 5244; x_wconf 65' lang='lat' dir='ltr'><strong>mnes</strong></span> <span class='ocrx_word' id='word_1_798' title='bbox 1741 5190 1838 5233; x_wconf 73' lang='lat' dir='ltr'><strong>mea</strong></span> <span class='ocrx_word' id='word_1_799' title='bbox 1849 5181 1876 5233; x_wconf 79' lang='lat' dir='ltr'><strong>st</strong></span> <span class='ocrx_word' id='word_1_800' title='bbox 1892 5178 2027 5234; x_wconf 68' lang='grc' dir='ltr'>ωιαειιει</span> <span class='ocrx_word' id='word_1_801' title='bbox 2042 5170 2255 5236; x_wconf 57' lang='grc' dir='ltr'><em>Μ</em></span> 
     </span>
    </p>
   </div>
   <div class='ocr_carea' id='block_1_4' title="bbox 0 0 2392 5844">
    <p class='ocr_par' dir='ltr' id='par_1_5' title="bbox 0 0 2392 5844">
     <span class='ocr_line' id='line_1_58' title="bbox 0 0 2392 5844; baseline 0 1"><span class='ocrx_word' id='word_1_802' title='bbox 0 0 2392 5844; x_wconf 95' lang='lat' dir='ltr'><strong> </strong></span> 
     </span>
    </p>
   </div>
  </div>
 </body>
</html>
