<?xml version="1.0" encoding="UTF-8"?>
<!DOCTYPE html PUBLIC "-//W3C//DTD XHTML 1.0 Transitional//EN"
    "http://www.w3.org/TR/xhtml1/DTD/xhtml1-transitional.dtd">
<html xmlns="http://www.w3.org/1999/xhtml" xml:lang="en" lang="en">
 <head>
  <title>
</title>
<meta http-equiv="Content-Type" content="text/html;charset=utf-8" />
  <meta name='ocr-system' content='tesseract 3.04.00' />
  <meta name='ocr-capabilities' content='ocr_page ocr_carea ocr_par ocr_line ocrx_word'/>
</head>
<body>
  <div class='ocr_page' id='page_1' title='image "./ioanniscalvinio01reusgoog_0211.png"; bbox 0 0 4598 5902; ppageno 0'>
   <div class='ocr_carea' id='block_1_1' title="bbox 94 287 2093 362">
    <p class='ocr_par' dir='ltr' id='par_1_1' title="bbox 94 287 2093 362">
     <span class='ocr_line' id='line_1_1' title="bbox 94 287 2093 362; baseline 0.002 -5"><span class='ocrx_word' id='word_1_1' title='bbox 94 293 157 357; x_wconf 78' lang='lat'><strong>317</strong></span> <span class='ocrx_word' id='word_1_2' title='bbox 710 288 774 355; x_wconf 85' lang='lat' dir='ltr'><strong>DE</strong></span> <span class='ocrx_word' id='word_1_3' title='bbox 796 288 1012 357; x_wconf 80' lang='lat' dir='ltr'><strong>OGGUL&#39;PA</strong></span> <span class='ocrx_word' id='word_1_4' title='bbox 1032 289 1117 356; x_wconf 81' lang='lat' dir='ltr'><strong>DEI</strong></span> <span class='ocrx_word' id='word_1_5' title='bbox 1138 287 1471 357; x_wconf 74' lang='lat' dir='ltr'><strong>PROVIDEN&#39;HA.</strong></span> <span class='ocrx_word' id='word_1_6' title='bbox 2031 297 2093 362; x_wconf 83' lang='grc'><strong>318</strong></span> 
     </span>
    </p>
   </div>
   <div class='ocr_carea' id='block_1_2' title="bbox 94 477 2094 1144">
    <p class='ocr_par' dir='ltr' id='par_1_2' title="bbox 94 477 2094 1144">
     <span class='ocr_line' id='line_1_2' title="bbox 95 477 2094 568; baseline 0.002 -21"><span class='ocrx_word' id='word_1_7' title='bbox 95 481 208 568; x_wconf 87' lang='lat' dir='ltr'><strong>gentia</strong></span> <span class='ocrx_word' id='word_1_8' title='bbox 230 481 367 559; x_wconf 89' lang='lat' dir='ltr'><strong>abdicat,</strong></span> <span class='ocrx_word' id='word_1_9' title='bbox 389 494 427 544; x_wconf 88' lang='lat' dir='ltr'><strong>ut</strong></span> <span class='ocrx_word' id='word_1_10' title='bbox 448 500 468 544; x_wconf 94' lang='lat' dir='ltr'><strong>a</strong></span> <span class='ocrx_word' id='word_1_11' title='bbox 489 480 675 545; x_wconf 80' lang='lat' dir='ltr'><strong>reverentia</strong></span> <span class='ocrx_word' id='word_1_12' title='bbox 692 480 925 564; x_wconf 79' lang='lat' dir='ltr'>mysteriorum</span> <span class='ocrx_word' id='word_1_13' title='bbox 938 479 1001 543; x_wconf 89' lang='lat' dir='ltr'><strong>Dei</strong></span> <span class='ocrx_word' id='word_1_14' title='bbox 1018 479 1068 544; x_wconf 93' lang='lat' dir='ltr'><strong>in·</strong></span> <span class='ocrx_word' id='word_1_15' title='bbox 1119 477 1172 543; x_wconf 91' lang='lat' dir='ltr'><strong>De</strong></span> <span class='ocrx_word' id='word_1_16' title='bbox 1193 478 1264 561; x_wconf 92' lang='lat' dir='ltr'><strong>ipsa</strong></span> <span class='ocrx_word' id='word_1_17' title='bbox 1286 499 1384 544; x_wconf 89' lang='lat' dir='ltr'><strong>causa</strong></span> <span class='ocrx_word' id='word_1_18' title='bbox 1413 480 1459 544; x_wconf 88' lang='lat' dir='ltr'><strong>sie</strong></span> <span class='ocrx_word' id='word_1_19' title='bbox 1486 501 1679 564; x_wconf 90' lang='lat' dir='ltr'><strong>responsum</strong></span> <span class='ocrx_word' id='word_1_20' title='bbox 1707 502 1777 546; x_wconf 87' lang='lat' dir='ltr'><strong>esse</strong></span> <span class='ocrx_word' id='word_1_21' title='bbox 1799 481 1858 547; x_wconf 90' lang='lat' dir='ltr'><strong>tibi</strong></span> <span class='ocrx_word' id='word_1_22' title='bbox 1883 482 2024 562; x_wconf 91' lang='lat' dir='ltr'><strong>confido,</strong></span> <span class='ocrx_word' id='word_1_23' title='bbox 2057 491 2094 550; x_wconf 91' lang='lat' dir='ltr'><strong>nt</strong></span> 
     </span>
     <span class='ocr_line' id='line_1_3' title="bbox 95 563 2094 652; baseline 0.002 -19"><span class='ocrx_word' id='word_1_24' title='bbox 95 569 196 652; x_wconf 86' lang='lat' dir='ltr'><strong>cipiet</strong></span> <span class='ocrx_word' id='word_1_25' title='bbox 218 566 307 632; x_wconf 89' lang='lat' dir='ltr'><strong>fides.</strong></span> <span class='ocrx_word' id='word_1_26' title='bbox 353 566 404 630; x_wconf 79' lang='lat' dir='ltr'><strong>&#39;Pu</strong></span> <span class='ocrx_word' id='word_1_27' title='bbox 426 565 575 631; x_wconf 88' lang='lat' dir='ltr'><strong>homines</strong></span> <span class='ocrx_word' id='word_1_28' title='bbox 597 566 770 630; x_wconf 70' lang='lat' dir='ltr'><strong>illiteratos</strong></span> <span class='ocrx_word' id='word_1_29' title='bbox 791 563 921 648; x_wconf 89' lang='lat' dir='ltr'><strong>prodire</strong></span> <span class='ocrx_word' id='word_1_30' title='bbox 943 566 978 628; x_wconf 92' lang='lat' dir='ltr'><strong>in</strong></span> <span class='ocrx_word' id='word_1_31' title='bbox 1000 586 1068 629; x_wconf 89' lang='lat' dir='ltr'><strong>me·</strong></span> <span class='ocrx_word' id='word_1_32' title='bbox 1121 563 1213 629; x_wconf 89' lang='lat' dir='ltr'><strong>facile</strong></span> <span class='ocrx_word' id='word_1_33' title='bbox 1234 564 1434 647; x_wconf 81' lang='lat' dir='ltr'>perspiciant</span> <span class='ocrx_word' id='word_1_34' title='bbox 1455 566 1564 631; x_wconf 87' lang='lat' dir='ltr'><strong>cuncti</strong></span> <span class='ocrx_word' id='word_1_35' title='bbox 1587 588 1686 632; x_wconf 89' lang='lat' dir='ltr'><strong>sanae</strong></span> <span class='ocrx_word' id='word_1_36' title='bbox 1703 567 1823 632; x_wconf 89' lang='lat' dir='ltr'><strong>mentis</strong></span> <span class='ocrx_word' id='word_1_37' title='bbox 1842 567 1989 647; x_wconf 87' lang='lat' dir='ltr'><strong>lectores,</strong></span> <span class='ocrx_word' id='word_1_38' title='bbox 2010 570 2094 636; x_wconf 89' lang='lat' dir='ltr'><strong>mihi</strong></span> 
     </span>
     <span class='ocr_line' id='line_1_4' title="bbox 94 647 2094 735; baseline 0.001 -15"><span class='ocrx_word' id='word_1_39' title='bbox 94 654 186 720; x_wconf 89' lang='lat' dir='ltr'><strong>dium</strong></span> <span class='ocrx_word' id='word_1_40' title='bbox 205 653 308 731; x_wconf 88' lang='lat' dir='ltr'><strong>iubes,</strong></span> <span class='ocrx_word' id='word_1_41' title='bbox 331 652 386 735; x_wconf 93' lang='lat' dir='ltr'><strong>qui</strong></span> <span class='ocrx_word' id='word_1_42' title='bbox 406 660 515 734; x_wconf 88' lang='lat' dir='ltr'><strong>spreta</strong></span> <span class='ocrx_word' id='word_1_43' title='bbox 536 652 625 717; x_wconf 90' lang='lat' dir='ltr'><strong>omni</strong></span> <span class='ocrx_word' id='word_1_44' title='bbox 647 651 802 729; x_wconf 90' lang='lat' dir='ltr'><strong>doctrine,</strong></span> <span class='ocrx_word' id='word_1_45' title='bbox 825 650 892 716; x_wconf 89' lang='lat' dir='ltr'><strong>solo</strong></span> <span class='ocrx_word' id='word_1_46' title='bbox 913 672 1068 734; x_wconf 83' lang='lat' dir='ltr'><strong>arrogan-</strong></span> <span class='ocrx_word' id='word_1_47' title='bbox 1120 670 1186 712; x_wconf 91' lang='lat' dir='ltr'><strong>non</strong></span> <span class='ocrx_word' id='word_1_48' title='bbox 1209 647 1350 715; x_wconf 77' lang='lat' dir='ltr'><strong>defuisse</strong></span> <span class='ocrx_word' id='word_1_49' title='bbox 1377 649 1470 715; x_wconf 92' lang='lat' dir='ltr'><strong>illum</strong></span> <span class='ocrx_word' id='word_1_50' title='bbox 1499 653 1665 734; x_wconf 92' lang='lat' dir='ltr'><strong>spiritum,</strong></span> <span class='ocrx_word' id='word_1_51' title='bbox 1699 653 1792 718; x_wconf 88' lang='lat' dir='ltr'><strong>euius</strong></span> <span class='ocrx_word' id='word_1_52' title='bbox 1820 663 1869 718; x_wconf 91' lang='lat' dir='ltr'><strong>est</strong></span> <span class='ocrx_word' id='word_1_53' title='bbox 1896 653 1974 719; x_wconf 90' lang='lat' dir='ltr'><strong>dare</strong></span> <span class='ocrx_word' id='word_1_54' title='bbox 2002 677 2037 720; x_wconf 90' lang='lat' dir='ltr'><strong>os</strong></span> <span class='ocrx_word' id='word_1_55' title='bbox 2060 663 2094 721; x_wconf 89' lang='lat' dir='ltr'><strong>et</strong></span> 
     </span>
     <span class='ocr_line' id='line_1_5' title="bbox 96 731 2092 822; baseline 0 -17"><span class='ocrx_word' id='word_1_56' title='bbox 96 741 161 805; x_wconf 86' lang='lat' dir='ltr'><strong>tiae</strong></span> <span class='ocrx_word' id='word_1_57' title='bbox 182 740 264 803; x_wconf 89' lang='lat' dir='ltr'><strong>flatu</strong></span> <span class='ocrx_word' id='word_1_58' title='bbox 287 737 419 821; x_wconf 91' lang='lat' dir='ltr'><strong>turgidi,</strong></span> <span class='ocrx_word' id='word_1_59' title='bbox 447 731 604 803; x_wconf 77' lang='lat' dir='ltr'><strong>audacter</strong></span> <span class='ocrx_word' id='word_1_60' title='bbox 625 737 665 802; x_wconf 92' lang='lat' dir='ltr'><strong>de</strong></span> <span class='ocrx_word' id='word_1_61' title='bbox 687 736 882 803; x_wconf 88' lang='lat' dir='ltr'><strong>coelestibus</strong></span> <span class='ocrx_word' id='word_1_62' title='bbox 903 735 1068 821; x_wconf 75' lang='lat' dir='ltr'><strong>mysteriis</strong></span> <span class='ocrx_word' id='word_1_63' title='bbox 1120 735 1329 816; x_wconf 80' lang='lat' dir='ltr'><strong>sapientiam:</strong></span> <span class='ocrx_word' id='word_1_64' title='bbox 1352 735 1471 818; x_wconf 87' lang='lat' dir='ltr'><strong>quibus</strong></span> <span class='ocrx_word' id='word_1_65' title='bbox 1493 738 1522 802; x_wconf 92' lang='lat' dir='ltr'><strong>si</strong></span> <span class='ocrx_word' id='word_1_66' title='bbox 1543 739 1694 803; x_wconf 83' lang='lat' dir='ltr'><strong>resistere</strong></span> <span class='ocrx_word' id='word_1_67' title='bbox 1716 738 1835 822; x_wconf 85' lang='lat' dir='ltr'><strong>pergis,</strong></span> <span class='ocrx_word' id='word_1_68' title='bbox 1863 752 1952 804; x_wconf 88' lang='lat' dir='ltr'><strong>tuam</strong></span> <span class='ocrx_word' id='word_1_69' title='bbox 1976 749 2092 805; x_wconf 88' lang='lat' dir='ltr'><strong>contu·</strong></span> 
     </span>
     <span class='ocr_line' id='line_1_6' title="bbox 94 820 2092 908; baseline 0 -17"><span class='ocrx_word' id='word_1_70' title='bbox 94 825 254 891; x_wconf 80' lang='lat' dir='ltr'><strong>iudicent:</strong></span> <span class='ocrx_word' id='word_1_71' title='bbox 288 845 348 889; x_wconf 88' lang='lat' dir='ltr'><strong>nee</strong></span> <span class='ocrx_word' id='word_1_72' title='bbox 370 822 451 887; x_wconf 88' lang='lat' dir='ltr'><strong>alios</strong></span> <span class='ocrx_word' id='word_1_73' title='bbox 475 823 625 906; x_wconf 76' lang='lat' dir='ltr'><strong>agnoscis</strong></span> <span class='ocrx_word' id='word_1_74' title='bbox 648 823 808 907; x_wconf 88' lang='lat' dir='ltr'><strong>legitimos</strong></span> <span class='ocrx_word' id='word_1_75' title='bbox 831 821 979 898; x_wconf 91' lang='lat' dir='ltr'><strong>arbitros,</strong></span> <span class='ocrx_word' id='word_1_76' title='bbox 1003 821 1068 886; x_wconf 90' lang='lat' dir='ltr'><strong>nisi</strong></span> <span class='ocrx_word' id='word_1_77' title='bbox 1120 820 1260 897; x_wconf 83' lang='lat' dir='ltr'><strong>maciem</strong></span> <span class='ocrx_word' id='word_1_78' title='bbox 1288 825 1361 900; x_wconf 76' lang='lat' dir='ltr'><strong>[paq.</strong></span> <span class='ocrx_word' id='word_1_79' title='bbox 1388 826 1460 900; x_wconf 84' lang='lat'>120]</span> <span class='ocrx_word' id='word_1_80' title='bbox 1486 845 1561 888; x_wconf 89' lang='lat' dir='ltr'><strong>eum</strong></span> <span class='ocrx_word' id='word_1_81' title='bbox 1589 825 1658 905; x_wconf 85' lang='lat' dir='ltr'><strong>pari</strong></span> <span class='ocrx_word' id='word_1_82' title='bbox 1686 823 1841 890; x_wconf 89' lang='lat' dir='ltr'><strong>dedecore</strong></span> <span class='ocrx_word' id='word_1_83' title='bbox 1869 824 1993 908; x_wconf 90' lang='lat' dir='ltr'><strong>prodes.</strong></span> <span class='ocrx_word' id='word_1_84' title='bbox 2044 827 2092 893; x_wconf 89' lang='lat' dir='ltr'><strong>Ut</strong></span> 
     </span>
     <span class='ocr_line' id='line_1_7' title="bbox 94 903 2092 995; baseline 0.001 -19"><span class='ocrx_word' id='word_1_85' title='bbox 94 911 152 995; x_wconf 90' lang='lat' dir='ltr'><strong>qui</strong></span> <span class='ocrx_word' id='word_1_86' title='bbox 173 910 318 976; x_wconf 74' lang='lat' dir='ltr'><strong>contenti</strong></span> <span class='ocrx_word' id='word_1_87' title='bbox 340 908 469 993; x_wconf 84' lang='lat' dir='ltr'><strong>vulgari</strong></span> <span class='ocrx_word' id='word_1_88' title='bbox 491 929 604 986; x_wconf 88' lang='lat' dir='ltr'><strong>sensu,</strong></span> <span class='ocrx_word' id='word_1_89' title='bbox 631 909 760 973; x_wconf 87' lang='lat' dir='ltr'><strong>fortiter</strong></span> <span class='ocrx_word' id='word_1_90' title='bbox 781 906 954 992; x_wconf 89' lang='lat' dir='ltr'><strong>repudiant</strong></span> <span class='ocrx_word' id='word_1_91' title='bbox 975 905 1068 990; x_wconf 85' lang='lat' dir='ltr'><strong>quid·</strong></span> <span class='ocrx_word' id='word_1_92' title='bbox 1120 903 1252 969; x_wconf 87' lang='lat' dir='ltr'><strong>tandem</strong></span> <span class='ocrx_word' id='word_1_93' title='bbox 1282 907 1474 972; x_wconf 76' lang='lat' dir='ltr'><strong>manifestae</strong></span> <span class='ocrx_word' id='word_1_94' title='bbox 1508 910 1638 973; x_wconf 85' lang='lat' dir='ltr'><strong>veritati</strong></span> <span class='ocrx_word' id='word_1_95' title='bbox 1671 908 1782 988; x_wconf 91' lang='lat' dir='ltr'><strong>cedas,</strong></span> <span class='ocrx_word' id='word_1_96' title='bbox 1815 931 1999 994; x_wconf 88' lang='lat' dir='ltr'><strong>quanquam</strong></span> <span class='ocrx_word' id='word_1_97' title='bbox 2032 914 2092 978; x_wconf 82' lang='lat' dir='ltr'><strong>vix</strong></span> 
     </span>
     <span class='ocr_line' id='line_1_8' title="bbox 96 989 2089 1144; baseline 0.002 -84"><span class='ocrx_word' id='word_1_98' title='bbox 96 994 174 1081; x_wconf 91' lang='lat' dir='ltr'><strong>quid</strong></span> <span class='ocrx_word' id='word_1_99' title='bbox 197 1016 264 1059; x_wconf 95' lang='lat' dir='ltr'><strong>non</strong></span> <span class='ocrx_word' id='word_1_100' title='bbox 287 993 418 1059; x_wconf 85' lang='lat' dir='ltr'><strong>arridet.</strong></span> <span class='ocrx_word' id='word_1_101' title='bbox 1120 1011 1252 1074; x_wconf 86' lang='lat' dir='ltr'><strong>sperare</strong></span> <span class='ocrx_word' id='word_1_102' title='bbox 1265 989 1376 1070; x_wconf 88' lang='lat' dir='ltr'><strong>audeo,</strong></span> <span class='ocrx_word' id='word_1_103' title='bbox 1399 1002 1512 1144; x_wconf 51' lang='lat' dir='ltr'><strong>ohlaw</strong></span> <span class='ocrx_word' id='word_1_104' title='bbox 1525 1006 1634 1058; x_wconf 88' lang='lat' dir='ltr'><strong>tamen</strong></span> <span class='ocrx_word' id='word_1_105' title='bbox 1657 1003 1691 1059; x_wconf 91' lang='grc'><strong>11</strong></span> <span class='ocrx_word' id='word_1_106' title='bbox 1712 996 1839 1078; x_wconf 88' lang='lat' dir='ltr'><strong>precari</strong></span> <span class='ocrx_word' id='word_1_107' title='bbox 1850 1018 1914 1060; x_wconf 92' lang='lat' dir='ltr'><strong>non</strong></span> <span class='ocrx_word' id='word_1_108' title='bbox 1934 997 2089 1063; x_wconf 91' lang='lat' dir='ltr'><strong>desinam.</strong></span> 
     </span>
    </p>
   </div>
   <div class='ocr_carea' id='block_1_3' title="bbox 85 1074 2091 2533">
    <p class='ocr_par' dir='ltr' id='par_1_3' title="bbox 85 1074 2091 2533">
     <span class='ocr_line' id='line_1_9' title="bbox 181 1074 2090 1165; baseline 0.002 -20"><span class='ocrx_word' id='word_1_109' title='bbox 181 1079 284 1145; x_wconf 83' lang='lat' dir='ltr'><strong>Aliud</strong></span> <span class='ocrx_word' id='word_1_110' title='bbox 306 1102 385 1144; x_wconf 87' lang='lat' dir='ltr'><strong>vero</strong></span> <span class='ocrx_word' id='word_1_111' title='bbox 406 1077 562 1162; x_wconf 81' lang='lat' dir='ltr'><strong>probrum</strong></span> <span class='ocrx_word' id='word_1_112' title='bbox 584 1100 647 1163; x_wconf 90' lang='lat' dir='ltr'><strong>quc</strong></span> <span class='ocrx_word' id='word_1_113' title='bbox 676 1099 766 1144; x_wconf 91' lang='lat' dir='ltr'><strong>meos</strong></span> <span class='ocrx_word' id='word_1_114' title='bbox 796 1077 971 1161; x_wconf 88' lang='lat' dir='ltr'><strong>discipulos</strong></span> <span class='ocrx_word' id='word_1_115' title='bbox 993 1096 1067 1161; x_wconf 87' lang='lat' dir='ltr'><strong>gra·</strong></span> <span class='ocrx_word' id='word_1_116' title='bbox 1120 1074 1216 1156; x_wconf 76' lang='lat' dir='ltr'><strong>Quod</strong></span> <span class='ocrx_word' id='word_1_117' title='bbox 1239 1075 1372 1140; x_wconf 90' lang='lat' dir='ltr'><strong>tandem</strong></span> <span class='ocrx_word' id='word_1_118' title='bbox 1395 1101 1433 1143; x_wconf 89' lang='lat' dir='ltr'><strong>su</strong></span> <span class='ocrx_word' id='word_1_119' title='bbox 1457 1079 1527 1144; x_wconf 91' lang='lat' dir='ltr'><strong>iicis</strong></span> <span class='ocrx_word' id='word_1_120' title='bbox 1549 1080 1712 1158; x_wconf 87' lang='lat' dir='ltr'><strong>cavillum,</strong></span> <span class='ocrx_word' id='word_1_121' title='bbox 1736 1101 1803 1146; x_wconf 92' lang='lat' dir='ltr'><strong>non</strong></span> <span class='ocrx_word' id='word_1_122' title='bbox 1825 1103 1896 1147; x_wconf 90' lang='lat' dir='ltr'><strong>esse</strong></span> <span class='ocrx_word' id='word_1_123' title='bbox 1918 1082 2002 1165; x_wconf 91' lang='lat' dir='ltr'><strong>qnod</strong></span> <span class='ocrx_word' id='word_1_124' title='bbox 2025 1085 2090 1150; x_wconf 87' lang='lat' dir='ltr'><strong>tuis</strong></span> 
     </span>
     <span class='ocr_line' id='line_1_10' title="bbox 94 1161 2089 1250; baseline 0.001 -17"><span class='ocrx_word' id='word_1_125' title='bbox 94 1189 163 1247; x_wconf 85' lang='lat' dir='ltr'><strong>vas,</strong></span> <span class='ocrx_word' id='word_1_126' title='bbox 186 1165 280 1232; x_wconf 84' lang='lat' dir='ltr'><strong>facile</strong></span> <span class='ocrx_word' id='word_1_127' title='bbox 301 1166 442 1247; x_wconf 81' lang='lat' dir='ltr'><strong>excipiet</strong></span> <span class='ocrx_word' id='word_1_128' title='bbox 463 1165 590 1230; x_wconf 90' lang='lat' dir='ltr'><strong>Paulus</strong></span> <span class='ocrx_word' id='word_1_129' title='bbox 613 1166 692 1246; x_wconf 76' lang='grc'>(111.</span> <span class='ocrx_word' id='word_1_130' title='bbox 712 1169 741 1241; x_wconf 87' lang='grc'><strong>3,</strong></span> <span class='ocrx_word' id='word_1_131' title='bbox 764 1164 827 1248; x_wconf 91' lang='grc'>10),</span> <span class='ocrx_word' id='word_1_132' title='bbox 857 1184 920 1247; x_wconf 91' lang='lat' dir='ltr'><strong>quo</strong></span> <span class='ocrx_word' id='word_1_133' title='bbox 953 1173 1067 1227; x_wconf 84' lang='lat' dir='ltr'><strong>autore</strong></span> <span class='ocrx_word' id='word_1_134' title='bbox 1119 1161 1274 1227; x_wconf 86' lang='lat' dir='ltr'><strong>conviciis</strong></span> <span class='ocrx_word' id='word_1_135' title='bbox 1286 1182 1496 1228; x_wconf 88' lang='lat' dir='ltr'><strong>succenseam</strong></span> <span class='ocrx_word' id='word_1_136' title='bbox 1517 1164 1545 1229; x_wconf 90' lang='lat' dir='ltr'><strong>si</strong></span> <span class='ocrx_word' id='word_1_137' title='bbox 1556 1167 1738 1232; x_wconf 88' lang='lat' dir='ltr'><strong>necessario</strong></span> <span class='ocrx_word' id='word_1_138' title='bbox 1760 1167 1881 1250; x_wconf 89' lang='lat' dir='ltr'><strong>scripte</strong></span> <span class='ocrx_word' id='word_1_139' title='bbox 1892 1188 1963 1233; x_wconf 88' lang='grc'>1111</span> <span class='ocrx_word' id='word_1_140' title='bbox 1980 1169 2089 1234; x_wconf 89' lang='lat' dir='ltr'><strong>credo:</strong></span> 
     </span>
     <span class='ocr_line' id='line_1_11' title="bbox 94 1247 2090 1331; baseline 0 -12"><span class='ocrx_word' id='word_1_141' title='bbox 94 1262 128 1319; x_wconf 91' lang='lat' dir='ltr'><strong>te</strong></span> <span class='ocrx_word' id='word_1_142' title='bbox 162 1261 196 1318; x_wconf 90' lang='lat' dir='ltr'><strong>et</strong></span> <span class='ocrx_word' id='word_1_143' title='bbox 231 1252 279 1316; x_wconf 87' lang='lat' dir='ltr'><strong>tui</strong></span> <span class='ocrx_word' id='word_1_144' title='bbox 313 1251 435 1315; x_wconf 85' lang='lat' dir='ltr'><strong>similes</strong></span> <span class='ocrx_word' id='word_1_145' title='bbox 471 1255 544 1331; x_wconf 79' lang='lat' dir='ltr'><strong>[pag.</strong></span> <span class='ocrx_word' id='word_1_146' title='bbox 570 1257 641 1328; x_wconf 82' lang='lat'>119]</span> <span class='ocrx_word' id='word_1_147' title='bbox 671 1249 851 1315; x_wconf 88' lang='lat' dir='ltr'><strong>haereticos</strong></span> <span class='ocrx_word' id='word_1_148' title='bbox 884 1248 1067 1331; x_wconf 84' lang='lat' dir='ltr'><strong>relinquere</strong></span> <span class='ocrx_word' id='word_1_149' title='bbox 1119 1247 1200 1310; x_wconf 91' lang='lat' dir='ltr'><strong>mihi</strong></span> <span class='ocrx_word' id='word_1_150' title='bbox 1223 1267 1302 1311; x_wconf 83' lang='lat' dir='ltr'><strong>vero</strong></span> <span class='ocrx_word' id='word_1_151' title='bbox 1322 1250 1408 1313; x_wconf 90' lang='lat' dir='ltr'><strong>serie</strong></span> <span class='ocrx_word' id='word_1_152' title='bbox 1429 1258 1463 1314; x_wconf 90' lang='lat' dir='ltr'><strong>et</strong></span> <span class='ocrx_word' id='word_1_153' title='bbox 1479 1253 1594 1316; x_wconf 82' lang='lat' dir='ltr'><strong>efficax</strong></span> <span class='ocrx_word' id='word_1_154' title='bbox 1617 1250 1657 1316; x_wconf 90' lang='lat' dir='ltr'><strong>ad</strong></span> <span class='ocrx_word' id='word_1_155' title='bbox 1680 1251 1886 1317; x_wconf 86' lang='lat' dir='ltr'><strong>tolerantiam</strong></span> <span class='ocrx_word' id='word_1_156' title='bbox 1908 1253 2090 1320; x_wconf 82' lang='lat' dir='ltr'><strong>exhortatio</strong></span> 
     </span>
     <span class='ocr_line' id='line_1_12' title="bbox 93 1333 2091 1421; baseline 0.001 -17"><span class='ocrx_word' id='word_1_157' title='bbox 93 1339 232 1415; x_wconf 87' lang='lat' dir='ltr'><strong>malunt,</strong></span> <span class='ocrx_word' id='word_1_158' title='bbox 256 1358 354 1420; x_wconf 88' lang='lat' dir='ltr'><strong>quem</strong></span> <span class='ocrx_word' id='word_1_159' title='bbox 377 1335 547 1401; x_wconf 89' lang='lat' dir='ltr'><strong>audiendis</strong></span> <span class='ocrx_word' id='word_1_160' title='bbox 565 1336 632 1400; x_wconf 90' lang='lat' dir='ltr'><strong>tuis</strong></span> <span class='ocrx_word' id='word_1_161' title='bbox 648 1335 858 1417; x_wconf 88' lang='lat' dir='ltr'><strong>blasphemiis</strong></span> <span class='ocrx_word' id='word_1_162' title='bbox 876 1354 972 1398; x_wconf 90' lang='lat' dir='ltr'><strong>aures</strong></span> <span class='ocrx_word' id='word_1_163' title='bbox 990 1355 1067 1399; x_wconf 87' lang='lat' dir='ltr'><strong>suas</strong></span> <span class='ocrx_word' id='word_1_164' title='bbox 1119 1341 1183 1396; x_wconf 86' lang='lat' dir='ltr'><strong>est:</strong></span> <span class='ocrx_word' id='word_1_165' title='bbox 1205 1333 1335 1414; x_wconf 88' lang='lat' dir='ltr'><strong>quando</strong></span> <span class='ocrx_word' id='word_1_166' title='bbox 1357 1333 1399 1398; x_wconf 91' lang='lat' dir='ltr'><strong>ad</strong></span> <span class='ocrx_word' id='word_1_167' title='bbox 1423 1336 1634 1401; x_wconf 83' lang='lat' dir='ltr'><strong>fraenandam</strong></span> <span class='ocrx_word' id='word_1_168' title='bbox 1645 1337 1903 1421; x_wconf 87' lang='lat' dir='ltr'><strong>indignationem</strong></span> <span class='ocrx_word' id='word_1_169' title='bbox 1926 1339 2010 1404; x_wconf 91' lang='lat' dir='ltr'><strong>nihil</strong></span> <span class='ocrx_word' id='word_1_170' title='bbox 2028 1341 2091 1407; x_wconf 90' lang='lat' dir='ltr'><strong>hac</strong></span> 
     </span>
     <span class='ocr_line' id='line_1_13' title="bbox 92 1417 2090 1507; baseline 0.001 -17"><span class='ocrx_word' id='word_1_171' title='bbox 92 1425 181 1491; x_wconf 89' lang='lat' dir='ltr'><strong>ultro</strong></span> <span class='ocrx_word' id='word_1_172' title='bbox 203 1421 359 1506; x_wconf 90' lang='lat' dir='ltr'><strong>polluere.</strong></span> <span class='ocrx_word' id='word_1_173' title='bbox 402 1422 513 1505; x_wconf 83' lang='lat' dir='ltr'><strong>Negas</strong></span> <span class='ocrx_word' id='word_1_174' title='bbox 534 1423 581 1486; x_wconf 89' lang='lat' dir='ltr'><strong>ita</strong></span> <span class='ocrx_word' id='word_1_175' title='bbox 603 1442 674 1486; x_wconf 89' lang='lat' dir='ltr'><strong>esse</strong></span> <span class='ocrx_word' id='word_1_176' title='bbox 696 1419 876 1504; x_wconf 84' lang='lat' dir='ltr'><strong>egendum,</strong></span> <span class='ocrx_word' id='word_1_177' title='bbox 905 1420 1063 1502; x_wconf 75' lang='grc'>111111-</span> <span class='ocrx_word' id='word_1_178' title='bbox 1118 1417 1258 1482; x_wconf 88' lang='lat' dir='ltr'><strong>Davidis</strong></span> <span class='ocrx_word' id='word_1_179' title='bbox 1292 1417 1512 1486; x_wconf 87' lang='lat' dir='ltr'><strong>admonitione</strong></span> <span class='ocrx_word' id='word_1_180' title='bbox 1546 1422 1656 1488; x_wconf 90' lang='lat' dir='ltr'><strong>utilius</strong></span> <span class='ocrx_word' id='word_1_181' title='bbox 1688 1423 1742 1488; x_wconf 94' lang='grc'><strong>111</strong></span> <span class='ocrx_word' id='word_1_182' title='bbox 1775 1425 1899 1507; x_wconf 88' lang='lat' dir='ltr'><strong>aptius:</strong></span> <span class='ocrx_word' id='word_1_183' title='bbox 1934 1423 2090 1492; x_wconf 81' lang='lat' dir='ltr'><strong>Sinemus</strong></span> 
     </span>
     <span class='ocr_line' id='line_1_14' title="bbox 94 1503 2087 1596; baseline 0 -20"><span class='ocrx_word' id='word_1_184' title='bbox 94 1509 204 1577; x_wconf 89' lang='lat' dir='ltr'><strong>diendi</strong></span> <span class='ocrx_word' id='word_1_185' title='bbox 226 1509 294 1573; x_wconf 90' lang='lat' dir='ltr'><strong>sint</strong></span> <span class='ocrx_word' id='word_1_186' title='bbox 314 1529 435 1572; x_wconf 88' lang='lat' dir='ltr'><strong>omnes.</strong></span> <span class='ocrx_word' id='word_1_187' title='bbox 488 1506 592 1587; x_wconf 79' lang='lat' dir='ltr'><strong>Quasi</strong></span> <span class='ocrx_word' id='word_1_188' title='bbox 622 1528 701 1572; x_wconf 87' lang='lat' dir='ltr'><strong>vero</strong></span> <span class='ocrx_word' id='word_1_189' title='bbox 723 1507 845 1570; x_wconf 87' lang='grc'>1111111</span> <span class='ocrx_word' id='word_1_190' title='bbox 867 1505 989 1570; x_wconf 87' lang='lat' dir='ltr'><strong>dictum</strong></span> <span class='ocrx_word' id='word_1_191' title='bbox 1012 1506 1065 1582; x_wconf 87' lang='lat' dir='ltr'><strong>sit,</strong></span> <span class='ocrx_word' id='word_1_192' title='bbox 1119 1525 1193 1568; x_wconf 88' lang='lat' dir='ltr'><strong>eum</strong></span> <span class='ocrx_word' id='word_1_193' title='bbox 1205 1503 1408 1582; x_wconf 88' lang='lat' dir='ltr'><strong>maledicere,</strong></span> <span class='ocrx_word' id='word_1_194' title='bbox 1431 1506 2087 1596; x_wconf 72' lang='grc'>11111111111111111111111111(28111.</span> 
     </span>
     <span class='ocr_line' id='line_1_15' title="bbox 92 1589 2089 1679; baseline 0 -18"><span class='ocrx_word' id='word_1_195' title='bbox 92 1595 296 1661; x_wconf 88' lang='lat' dir='ltr'><strong>haereticum</strong></span> <span class='ocrx_word' id='word_1_196' title='bbox 317 1593 494 1670; x_wconf 89' lang='lat' dir='ltr'><strong>hominem,</strong></span> <span class='ocrx_word' id='word_1_197' title='bbox 523 1594 550 1657; x_wconf 91' lang='lat' dir='ltr'><strong>si</strong></span> <span class='ocrx_word' id='word_1_198' title='bbox 573 1591 623 1656; x_wconf 93' lang='grc'><strong>111</strong></span> <span class='ocrx_word' id='word_1_199' title='bbox 645 1601 678 1656; x_wconf 88' lang='grc'><strong>11</strong></span> <span class='ocrx_word' id='word_1_200' title='bbox 700 1602 750 1656; x_wconf 84' lang='lat' dir='ltr'><strong>ter</strong></span> <span class='ocrx_word' id='word_1_201' title='bbox 772 1591 857 1656; x_wconf 91' lang='lat' dir='ltr'><strong>serio</strong></span> <span class='ocrx_word' id='word_1_202' title='bbox 879 1589 1067 1656; x_wconf 88' lang='lat' dir='ltr'><strong>admonitus</strong></span> <span class='ocrx_word' id='word_1_203' title='bbox 1124 1595 1169 1666; x_wconf 79' lang='lat' dir='ltr'><strong>iti,</strong></span> <span class='ocrx_word' id='word_1_204' title='bbox 1193 1591 1255 1668; x_wconf 85' lang='lat'>10).</span> <span class='ocrx_word' id='word_1_205' title='bbox 1300 1590 1431 1656; x_wconf 75' lang='lat' dir='ltr'><strong>Sciebat</strong></span> <span class='ocrx_word' id='word_1_206' title='bbox 1458 1592 1590 1675; x_wconf 88' lang='lat' dir='ltr'><strong>quidem</strong></span> <span class='ocrx_word' id='word_1_207' title='bbox 1611 1593 1723 1658; x_wconf 87' lang='lat' dir='ltr'><strong>David</strong></span> <span class='ocrx_word' id='word_1_208' title='bbox 1744 1593 1854 1660; x_wconf 78' lang='lat' dir='ltr'><strong>Semei</strong></span> <span class='ocrx_word' id='word_1_209' title='bbox 1882 1595 1996 1661; x_wconf 90' lang='lat' dir='ltr'><strong>eadem</strong></span> <span class='ocrx_word' id='word_1_210' title='bbox 2024 1618 2089 1679; x_wconf 91' lang='lat' dir='ltr'><strong>qua</strong></span> 
     </span>
     <span class='ocr_line' id='line_1_16' title="bbox 92 1675 2089 1765; baseline 0.001 -19"><span class='ocrx_word' id='word_1_211' title='bbox 92 1702 158 1746; x_wconf 94' lang='lat' dir='ltr'><strong>non</strong></span> <span class='ocrx_word' id='word_1_212' title='bbox 181 1679 356 1762; x_wconf 89' lang='lat' dir='ltr'><strong>resipiscit,</strong></span> <span class='ocrx_word' id='word_1_213' title='bbox 388 1678 559 1743; x_wconf 85' lang='lat' dir='ltr'><strong>vitandum</strong></span> <span class='ocrx_word' id='word_1_214' title='bbox 582 1698 661 1742; x_wconf 88' lang='lat' dir='ltr'><strong>esse.</strong></span> <span class='ocrx_word' id='word_1_215' title='bbox 707 1676 920 1742; x_wconf 85' lang='lat' dir='ltr'><strong>Audientiam</strong></span> <span class='ocrx_word' id='word_1_216' title='bbox 943 1676 1066 1759; x_wconf 89' lang='lat' dir='ltr'><strong>siquis</strong></span> <span class='ocrx_word' id='word_1_217' title='bbox 1117 1675 2089 1765; x_wconf 72' lang='grc'>1111111111,111111111111111111111111111111111111111</span> 
     </span>
     <span class='ocr_line' id='line_1_17' title="bbox 92 1760 2088 1853; baseline 0.001 -21"><span class='ocrx_word' id='word_1_218' title='bbox 92 1766 152 1832; x_wconf 78' lang='lat' dir='ltr'><strong>tibi</strong></span> <span class='ocrx_word' id='word_1_219' title='bbox 174 1788 215 1831; x_wconf 91' lang='lat' dir='ltr'><strong>ne</strong></span> <span class='ocrx_word' id='word_1_220' title='bbox 278 1776 320 1842; x_wconf 90' lang='grc'><strong>11,</strong></span> <span class='ocrx_word' id='word_1_221' title='bbox 343 1776 430 1830; x_wconf 89' lang='lat' dir='ltr'><strong>esset</strong></span> <span class='ocrx_word' id='word_1_222' title='bbox 452 1764 561 1848; x_wconf 87' lang='lat' dir='ltr'><strong>alique</strong></span> <span class='ocrx_word' id='word_1_223' title='bbox 582 1764 739 1846; x_wconf 89' lang='lat' dir='ltr'><strong>querendi</strong></span> <span class='ocrx_word' id='word_1_224' title='bbox 762 1763 859 1827; x_wconf 89' lang='lat' dir='ltr'><strong>ratio:</strong></span> <span class='ocrx_word' id='word_1_225' title='bbox 883 1760 941 1826; x_wconf 88' lang='lat' dir='ltr'><strong>sed</strong></span> <span class='ocrx_word' id='word_1_226' title='bbox 962 1783 1066 1844; x_wconf 91' lang='lat' dir='ltr'><strong>quum</strong></span> <span class='ocrx_word' id='word_1_227' title='bbox 1118 1761 1266 1825; x_wconf 85' lang='lat' dir='ltr'><strong>fortuitos</strong></span> <span class='ocrx_word' id='word_1_228' title='bbox 1288 1760 1430 1844; x_wconf 89' lang='lat' dir='ltr'><strong>impetus</strong></span> <span class='ocrx_word' id='word_1_229' title='bbox 1452 1785 1487 1828; x_wconf 90' lang='lat' dir='ltr'><strong>se</strong></span> <span class='ocrx_word' id='word_1_230' title='bbox 1508 1765 1613 1830; x_wconf 87' lang='lat' dir='ltr'><strong>iacere</strong></span> <span class='ocrx_word' id='word_1_231' title='bbox 1631 1765 1775 1847; x_wconf 88' lang='lat' dir='ltr'><strong>putabat,</strong></span> <span class='ocrx_word' id='word_1_232' title='bbox 1799 1786 1918 1833; x_wconf 86' lang='lat' dir='ltr'><strong>arcana</strong></span> <span class='ocrx_word' id='word_1_233' title='bbox 1927 1766 1991 1832; x_wconf 91' lang='lat' dir='ltr'><strong>Dei</strong></span> <span class='ocrx_word' id='word_1_234' title='bbox 2013 1790 2088 1853; x_wconf 91' lang='lat' dir='ltr'><strong>pro·</strong></span> 
     </span>
     <span class='ocr_line' id='line_1_18' title="bbox 90 1844 2088 1934; baseline 0.001 -17"><span class='ocrx_word' id='word_1_235' title='bbox 90 1853 125 1917; x_wconf 92' lang='lat' dir='ltr'><strong>in</strong></span> <span class='ocrx_word' id='word_1_236' title='bbox 155 1849 221 1934; x_wconf 91' lang='lat' dir='ltr'><strong>pub</strong></span> <span class='ocrx_word' id='word_1_237' title='bbox 236 1851 283 1914; x_wconf 83' lang='lat' dir='ltr'><strong>&#39;eo</strong></span> <span class='ocrx_word' id='word_1_238' title='bbox 311 1850 410 1914; x_wconf 87' lang='lat' dir='ltr'><strong>etiam</strong></span> <span class='ocrx_word' id='word_1_239' title='bbox 439 1870 607 1926; x_wconf 88' lang='lat' dir='ltr'><strong>consessu,</strong></span> <span class='ocrx_word' id='word_1_240' title='bbox 636 1848 691 1914; x_wconf 93' lang='lat' dir='ltr'><strong>ubi</strong></span> <span class='ocrx_word' id='word_1_241' title='bbox 717 1847 775 1913; x_wconf 89' lang='lat' dir='ltr'><strong>tibi</strong></span> <span class='ocrx_word' id='word_1_242' title='bbox 807 1849 967 1931; x_wconf 88' lang='lat' dir='ltr'><strong>permissa</strong></span> <span class='ocrx_word' id='word_1_243' title='bbox 994 1857 1066 1911; x_wconf 88' lang='grc'>1111</span> <span class='ocrx_word' id='word_1_244' title='bbox 1118 1844 1263 1911; x_wconf 82' lang='lat' dir='ltr'><strong>videntia</strong></span> <span class='ocrx_word' id='word_1_245' title='bbox 1283 1846 1458 1930; x_wconf 84' lang='lat' dir='ltr'><strong>gubernari</strong></span> <span class='ocrx_word' id='word_1_246' title='bbox 1480 1857 1651 1932; x_wconf 88' lang='lat' dir='ltr'><strong>reputans,</strong></span> <span class='ocrx_word' id='word_1_247' title='bbox 1684 1873 1719 1916; x_wconf 91' lang='lat' dir='ltr'><strong>se</strong></span> <span class='ocrx_word' id='word_1_248' title='bbox 1746 1852 1854 1934; x_wconf 89' lang='lat' dir='ltr'><strong>ipsum</strong></span> <span class='ocrx_word' id='word_1_249' title='bbox 1877 1854 1939 1919; x_wconf 90' lang='lat' dir='ltr'><strong>hac</strong></span> <span class='ocrx_word' id='word_1_250' title='bbox 1961 1857 2088 1921; x_wconf 84' lang='lat' dir='ltr'><strong>ratione</strong></span> 
     </span>
     <span class='ocr_line' id='line_1_19' title="bbox 90 1930 2087 2022; baseline 0.001 -19"><span class='ocrx_word' id='word_1_251' title='bbox 90 1935 273 2004; x_wconf 86' lang='lat' dir='ltr'><strong>blaterandi</strong></span> <span class='ocrx_word' id='word_1_252' title='bbox 290 1935 434 2014; x_wconf 89' lang='lat' dir='ltr'><strong>libertas,</strong></span> <span class='ocrx_word' id='word_1_253' title='bbox 457 1936 523 1999; x_wconf 92' lang='lat' dir='ltr'><strong>imo</strong></span> <span class='ocrx_word' id='word_1_254' title='bbox 543 1934 584 1999; x_wconf 92' lang='lat' dir='ltr'><strong>ad</strong></span> <span class='ocrx_word' id='word_1_255' title='bbox 607 1955 705 2016; x_wconf 90' lang='lat' dir='ltr'><strong>quem</strong></span> <span class='ocrx_word' id='word_1_256' title='bbox 715 1936 833 1999; x_wconf 88' lang='lat' dir='ltr'><strong>citatus</strong></span> <span class='ocrx_word' id='word_1_257' title='bbox 845 1942 878 1998; x_wconf 94' lang='lat' dir='ltr'><strong>et</strong></span> <span class='ocrx_word' id='word_1_258' title='bbox 894 1934 961 1997; x_wconf 83' lang='lat' dir='ltr'><strong>iere</strong></span> <span class='ocrx_word' id='word_1_259' title='bbox 980 1942 1064 1998; x_wconf 90' lang='lat' dir='ltr'><strong>trac·</strong></span> <span class='ocrx_word' id='word_1_260' title='bbox 1117 1931 1253 1996; x_wconf 88' lang='lat' dir='ltr'><strong>cohibet.</strong></span> <span class='ocrx_word' id='word_1_261' title='bbox 1305 1930 1410 1998; x_wconf 81' lang='lat' dir='ltr'><strong>Sicuti</strong></span> <span class='ocrx_word' id='word_1_262' title='bbox 1438 1956 1607 2018; x_wconf 89' lang='lat' dir='ltr'><strong>nunquam</strong></span> <span class='ocrx_word' id='word_1_263' title='bbox 1636 1935 1755 2001; x_wconf 89' lang='lat' dir='ltr'><strong>diaboli</strong></span> <span class='ocrx_word' id='word_1_264' title='bbox 1783 1947 1817 2002; x_wconf 89' lang='lat' dir='ltr'><strong>et</strong></span> <span class='ocrx_word' id='word_1_265' title='bbox 1838 1939 2013 2022; x_wconf 89' lang='lat' dir='ltr'><strong>impiorum</strong></span> <span class='ocrx_word' id='word_1_266' title='bbox 2037 1942 2087 2004; x_wconf 93' lang='lat' dir='ltr'><strong>in-</strong></span> 
     </span>
     <span class='ocr_line' id='line_1_20' title="bbox 89 2015 2087 2106; baseline 0.002 -19"><span class='ocrx_word' id='word_1_267' title='bbox 89 2032 143 2088; x_wconf 91' lang='lat' dir='ltr'><strong>tus</strong></span> <span class='ocrx_word' id='word_1_268' title='bbox 165 2024 283 2099; x_wconf 83' lang='lat' dir='ltr'><strong>fueras,</strong></span> <span class='ocrx_word' id='word_1_269' title='bbox 307 2022 416 2086; x_wconf 81' lang='lat' dir='ltr'><strong>victus</strong></span> <span class='ocrx_word' id='word_1_270' title='bbox 439 2022 583 2097; x_wconf 89' lang='lat' dir='ltr'><strong>cesseris,</strong></span> <span class='ocrx_word' id='word_1_271' title='bbox 607 2020 680 2103; x_wconf 90' lang='lat' dir='ltr'><strong>quie</strong></span> <span class='ocrx_word' id='word_1_272' title='bbox 699 2020 832 2085; x_wconf 87' lang='lat' dir='ltr'><strong>tandem</strong></span> <span class='ocrx_word' id='word_1_273' title='bbox 855 2020 918 2084; x_wconf 90' lang='lat' dir='ltr'><strong>erit</strong></span> <span class='ocrx_word' id='word_1_274' title='bbox 939 2018 1063 2096; x_wconf 89' lang='lat' dir='ltr'><strong>modus,</strong></span> <span class='ocrx_word' id='word_1_275' title='bbox 1116 2015 1222 2081; x_wconf 89' lang='lat' dir='ltr'><strong>sultns</strong></span> <span class='ocrx_word' id='word_1_276' title='bbox 1246 2020 1424 2100; x_wconf 89' lang='lat' dir='ltr'><strong>composita</strong></span> <span class='ocrx_word' id='word_1_277' title='bbox 1449 2020 1672 2086; x_wconf 88' lang='lat' dir='ltr'><strong>moderatione</strong></span> <span class='ocrx_word' id='word_1_278' title='bbox 1700 2023 1872 2106; x_wconf 91' lang='lat' dir='ltr'><strong>quisquam</strong></span> <span class='ocrx_word' id='word_1_279' title='bbox 1898 2025 1994 2104; x_wconf 88' lang='lat' dir='ltr'><strong>feret,</strong></span> <span class='ocrx_word' id='word_1_280' title='bbox 2023 2026 2087 2091; x_wconf 92' lang='lat' dir='ltr'><strong>nisi</strong></span> 
     </span>
     <span class='ocr_line' id='line_1_21' title="bbox 91 2102 2085 2252; baseline 0.002 -79"><span class='ocrx_word' id='word_1_281' title='bbox 91 2110 120 2174; x_wconf 91' lang='lat' dir='ltr'><strong>si</strong></span> <span class='ocrx_word' id='word_1_282' title='bbox 144 2107 204 2173; x_wconf 87' lang='lat' dir='ltr'><strong>tibi</strong></span> <span class='ocrx_word' id='word_1_283' title='bbox 227 2127 360 2189; x_wconf 86' lang='lat' dir='ltr'><strong>semper</strong></span> <span class='ocrx_word' id='word_1_284' title='bbox 381 2116 514 2189; x_wconf 89' lang='lat' dir='ltr'><strong>pateant</strong></span> <span class='ocrx_word' id='word_1_285' title='bbox 535 2107 662 2189; x_wconf 93' lang='lat' dir='ltr'><strong>piorum</strong></span> <span class='ocrx_word' id='word_1_286' title='bbox 685 2126 794 2179; x_wconf 88' lang='lat' dir='ltr'><strong>aures,</strong></span> <span class='ocrx_word' id='word_1_287' title='bbox 823 2103 926 2170; x_wconf 90' lang='lat' dir='ltr'><strong>donec</strong></span> <span class='ocrx_word' id='word_1_288' title='bbox 947 2103 988 2168; x_wconf 92' lang='lat' dir='ltr'><strong>ad</strong></span> <span class='ocrx_word' id='word_1_289' title='bbox 1011 2126 1064 2169; x_wconf 91' lang='lat' dir='ltr'><strong>sa·</strong></span> <span class='ocrx_word' id='word_1_290' title='bbox 1115 2102 1170 2252; x_wconf 53' lang='lat' dir='ltr'><strong>gui</strong></span> <span class='ocrx_word' id='word_1_291' title='bbox 1194 2103 1234 2166; x_wconf 87' lang='lat' dir='ltr'><strong>ab</strong></span> <span class='ocrx_word' id='word_1_292' title='bbox 1256 2103 1322 2167; x_wconf 93' lang='lat' dir='ltr'><strong>illis</strong></span> <span class='ocrx_word' id='word_1_293' title='bbox 1344 2104 1384 2169; x_wconf 91' lang='lat' dir='ltr'><strong>ad</strong></span> <span class='ocrx_word' id='word_1_294' title='bbox 1397 2106 1506 2170; x_wconf 91' lang='lat' dir='ltr'><strong>Deum</strong></span> <span class='ocrx_word' id='word_1_295' title='bbox 1524 2128 1627 2171; x_wconf 92' lang='lat' dir='ltr'><strong>unum</strong></span> <span class='ocrx_word' id='word_1_296' title='bbox 1650 2128 1766 2174; x_wconf 90' lang='lat' dir='ltr'><strong>sensus</strong></span> <span class='ocrx_word' id='word_1_297' title='bbox 1788 2131 1863 2174; x_wconf 88' lang='lat' dir='ltr'><strong>suos</strong></span> <span class='ocrx_word' id='word_1_298' title='bbox 1880 2112 2085 2176; x_wconf 89' lang='lat' dir='ltr'><strong>converterit.</strong></span> 
     </span>
     <span class='ocr_line' id='line_1_22' title="bbox 88 2190 2086 2274; baseline 0.002 -16"><span class='ocrx_word' id='word_1_299' title='bbox 88 2195 259 2260; x_wconf 87' lang='lat' dir='ltr'><strong>turitatem</strong></span> <span class='ocrx_word' id='word_1_300' title='bbox 282 2213 387 2274; x_wconf 89' lang='lat' dir='ltr'><strong>usque</strong></span> <span class='ocrx_word' id='word_1_301' title='bbox 408 2193 480 2257; x_wconf 90' lang='lat' dir='ltr'><strong>Deo</strong></span> <span class='ocrx_word' id='word_1_302' title='bbox 508 2190 739 2257; x_wconf 81' lang='lat' dir='ltr'><strong>maledixeris?</strong></span> <span class='ocrx_word' id='word_1_303' title='bbox 791 2192 841 2256; x_wconf 77' lang='lat' dir='ltr'><strong>Tu</strong></span> <span class='ocrx_word' id='word_1_304' title='bbox 864 2191 974 2256; x_wconf 88' lang='lat' dir='ltr'><strong>omnia</strong></span> <span class='ocrx_word' id='word_1_305' title='bbox 995 2191 1062 2273; x_wconf 89' lang='lat' dir='ltr'><strong>pie·</strong></span> <span class='ocrx_word' id='word_1_306' title='bbox 1144 2198 1310 2271; x_wconf 87' lang='lat' dir='ltr'><strong>ompescat</strong></span> <span class='ocrx_word' id='word_1_307' title='bbox 1332 2201 1364 2254; x_wconf 88' lang='lat' dir='ltr'><strong>te</strong></span> <span class='ocrx_word' id='word_1_308' title='bbox 1382 2191 1482 2269; x_wconf 88' lang='lat' dir='ltr'><strong>Deus,</strong></span> <span class='ocrx_word' id='word_1_309' title='bbox 1506 2190 1620 2258; x_wconf 87' lang='lat' dir='ltr'><strong>Satan.</strong></span> <span class='ocrx_word' id='word_1_310' title='bbox 1664 2195 1781 2259; x_wconf 82' lang='lat' dir='ltr'><strong>Amen.</strong></span> <span class='ocrx_word' id='word_1_311' title='bbox 1815 2195 1971 2262; x_wconf 81' lang='lat' dir='ltr'><strong>Genevae</strong></span> <span class='ocrx_word' id='word_1_312' title='bbox 1982 2195 2086 2262; x_wconf 89' lang='lat' dir='ltr'><strong>Nonis</strong></span> 
     </span>
     <span class='ocr_line' id='line_1_23' title="bbox 86 2273 1592 2362; baseline -0.001 -18"><span class='ocrx_word' id='word_1_313' title='bbox 86 2282 167 2345; x_wconf 88' lang='lat' dir='ltr'><strong>tetis</strong></span> <span class='ocrx_word' id='word_1_314' title='bbox 188 2279 348 2362; x_wconf 90' lang='lat' dir='ltr'><strong>principia</strong></span> <span class='ocrx_word' id='word_1_315' title='bbox 371 2277 516 2355; x_wconf 88' lang='lat' dir='ltr'><strong>ridendo,</strong></span> <span class='ocrx_word' id='word_1_316' title='bbox 540 2278 686 2343; x_wconf 86' lang='lat' dir='ltr'><strong>suaviter</strong></span> <span class='ocrx_word' id='word_1_317' title='bbox 707 2289 740 2342; x_wconf 91' lang='lat' dir='ltr'><strong>te</strong></span> <span class='ocrx_word' id='word_1_318' title='bbox 762 2277 912 2343; x_wconf 88' lang='lat' dir='ltr'><strong>oblectas.</strong></span> <span class='ocrx_word' id='word_1_319' title='bbox 957 2274 1062 2340; x_wconf 85' lang='lat' dir='ltr'><strong>Visne</strong></span> <span class='ocrx_word' id='word_1_320' title='bbox 1114 2273 1271 2352; x_wconf 91' lang='lat' dir='ltr'><strong>Ianuarii,</strong></span> <span class='ocrx_word' id='word_1_321' title='bbox 1289 2275 1335 2339; x_wconf 89' lang='lat' dir='ltr'><strong>M.</strong></span> <span class='ocrx_word' id='word_1_322' title='bbox 1358 2277 1401 2341; x_wconf 91' lang='lat' dir='ltr'><strong>D.</strong></span> <span class='ocrx_word' id='word_1_323' title='bbox 1425 2277 1553 2343; x_wconf 75' lang='lat' dir='ltr'><strong>LVIII.</strong></span> <span class='ocrx_word' id='word_1_324' title='bbox 1569 2277 1592 2362; x_wconf 83' lang='lat'><strong>¹)</strong></span> 
     </span>
     <span class='ocr_line' id='line_1_24' title="bbox 86 2361 1316 2446; baseline -0.004 -16"><span class='ocrx_word' id='word_1_325' title='bbox 86 2373 157 2430; x_wconf 85' lang='lat' dir='ltr'><strong>tam</strong></span> <span class='ocrx_word' id='word_1_326' title='bbox 180 2362 326 2446; x_wconf 89' lang='lat' dir='ltr'><strong>stupidos</strong></span> <span class='ocrx_word' id='word_1_327' title='bbox 351 2383 422 2428; x_wconf 89' lang='lat' dir='ltr'><strong>esse</strong></span> <span class='ocrx_word' id='word_1_328' title='bbox 444 2361 507 2428; x_wconf 89' lang='lat' dir='ltr'><strong>Dei</strong></span> <span class='ocrx_word' id='word_1_329' title='bbox 530 2362 622 2442; x_wconf 88' lang='lat' dir='ltr'><strong>filios,</strong></span> <span class='ocrx_word' id='word_1_330' title='bbox 643 2371 681 2427; x_wconf 91' lang='lat' dir='ltr'><strong>ut</strong></span> <span class='ocrx_word' id='word_1_331' title='bbox 702 2362 756 2429; x_wconf 83' lang='lat' dir='ltr'><strong>rel</strong></span> <span class='ocrx_word' id='word_1_332' title='bbox 777 2361 966 2445; x_wconf 86' lang='lat' dir='ltr'><strong>procacitati</strong></span> <span class='ocrx_word' id='word_1_333' title='bbox 984 2371 1061 2425; x_wconf 89' lang='lat' dir='ltr'><strong>tuae</strong></span> <span class='ocrx_word' id='word_1_334' title='bbox 1114 2398 1245 2404; x_wconf 39' lang='lat'><strong>--—›&gt;‡</strong></span> <span class='ocrx_word' id='word_1_335' title='bbox 1258 2400 1316 2404; x_wconf 60' lang='lat'><strong>=-—</strong></span> 
     </span>
     <span class='ocr_line' id='line_1_25' title="bbox 85 2445 1837 2533; baseline 0.002 -16"><span class='ocrx_word' id='word_1_336' title='bbox 85 2448 269 2529; x_wconf 87' lang='lat' dir='ltr'><strong>arrideant,</strong></span> <span class='ocrx_word' id='word_1_337' title='bbox 299 2449 352 2516; x_wconf 83' lang='lat' dir='ltr'><strong>vel</strong></span> <span class='ocrx_word' id='word_1_338' title='bbox 376 2449 544 2533; x_wconf 85' lang='lat' dir='ltr'><strong>sacrilegis</strong></span> <span class='ocrx_word' id='word_1_339' title='bbox 571 2449 699 2532; x_wconf 89' lang='lat' dir='ltr'><strong>probris</strong></span> <span class='ocrx_word' id='word_1_340' title='bbox 728 2448 810 2513; x_wconf 92' lang='lat' dir='ltr'><strong>nihil</strong></span> <span class='ocrx_word' id='word_1_341' title='bbox 839 2445 1059 2513; x_wconf 85' lang='lat' dir='ltr'><strong>moveantur?</strong></span> <span class='ocrx_word' id='word_1_342' title='bbox 1183 2461 1837 2532; x_wconf 67' lang='grc'>1)11111111111111111111111111111.</span> 
     </span>
    </p>
   </div>
   <div class='ocr_carea' id='block_1_4' title="bbox 0 0 2304 5900">
    <p class='ocr_par' dir='ltr' id='par_1_4' title="bbox 0 0 2304 5900">
     <span class='ocr_line' id='line_1_26' title="bbox 0 0 2304 5900; baseline 0 0"><span class='ocrx_word' id='word_1_343' title='bbox 0 0 2304 5900; x_wconf 95' lang='lat' dir='ltr'><strong> </strong></span> 
     </span>
    </p>
   </div>
  </div>
 </body>
</html>
