4590 5858
211 877 634 969 PRAEFATIONFa
656 879 858 963 BIBLIIS
877 881 1134 963 GALL'IOIS
1155 881 1321 964 PETRI
1343 882 1587 965 ROBERTI
1609 878 1931 986 OLIVETANI,
1959 879 2214 962 NEOOOMI

820 1005 927 1086 1535
954 990 1249 1092 IMPRESSlS,
1272 999 1599 1083 PRAEMISSA.
1725 1049 1728 1053 ·

208 1250 367 1344 resurae
383 1287 561 1345 emenus
579 1286 811 1358 orassemus,
830 1287 990 1355 anemos,
1015 1287 1182 1344 ramun-
1234 1287 1312 1354 sur?
1356 1288 1428 1354 1m0
1460 1290 1489 1353 si
1520 1288 1592 1354 istis
1624 1288 1764 1355 mamis
1792 1287 1872 1371 (qus
1910 1296 1988 1356 suns
2020 1289 2124 1355 animi
2159 1289 2212 1356 vol

276 1373 351 1443 3⁰³,
368 1373 621 1442 GENTIBUSQUE
636 1372 797 1429 OMNIBUS
815 1372 956 1429 CHRISTI
972 1373 1123 1429 IMPERIO
1233 1373 1458 1459 magnitudine
1479 1373 1532 1441 vel
1549 1373 1731 1459 ierooitate)
1752 1372 1904 1458 pudenda
1914 1384 1965 1442 est
1983 1397 2054 1442 sors
2065 1373 2212 1441 disoendi

516 1457 677 1515 SUBDITIS
695 1458 876 1515 SALUTEM
1053 1485 1056 1493 ’
1233 1481 1310 1527 oum
1337 1459 1473 1543 plebeiis
1495 1466 1529 1524 et
1554 1459 1705 1525 rudibus:
1740 1466 1899 1544 quantum
1926 1459 2083 1545 probrum
2115 1467 2211 1526 esta

1234 1545 1354 1611 talibus
1387 1546 1651 1630 praeoeptoribus
1679 1544 1818 1626 dissere,
1853 1546 1909 1628 qui
1934 1545 2027 1612 nulla
2051 1547 2089 1612 in
2117 1560 2210 1631 parte

294 1631 478 1731 lffnvilegia·
490 1631 584 1696 novis
602 1629 695 1695 libris
712 1631 880 1731 impetrari
891 1652 951 1730 nee
973 1630 1031 1698 aba
1048 1631 1182 1731 reolim,
1233 1631 1287 1698 vel
1309 1631 1541 1731 abieotissimos
1562 1630 1795 1732 eroelluerunt,
1817 1631 1881 1697 nisi
1910 1630 1996 1716 quod
2022 1654 2042 1699 a
2066 1632 2211 1732 Domino

208 1715 977 1870 {ttulitbttttttt‘ltflt
998 1725 1183 1887 “illita
1234 1715 2211 1888 ttttfttt..lffttttt‘ttthtttqt

209 1897 360 1955 ornatus:
382 1886 477 1952 modo
498 1910 541 1952 ne
562 1886 598 1952 id
615 1895 701 1952 esset
722 1887 777 1953 vel
803 1889 911 1972 gratia
939 1888 1098 1969 elioitum,
1129 1888 1182 1954 vel
1233 1886 1394 1954 ordinem:
1416 1909 1499 1971 quae
1519 1887 1719 1954 luoulentam
1741 1889 1805 1954 Dei
1827 1888 2064 1972 benignitatem
2093 1909 2209 1974 agnos·

208 1974 347 2059 peounia
369 1972 574 2056 redemptum
586 1972 965 2056 Prinoipisbeuefieium,
984 1983 1181 2059 quotemere
1234 1994 1307 2040 eere
1329 1972 1433 2051 debet,
1457 1973 1535 2040 dum
1563 1995 1583 2040 a
1607 1974 1791 2058 prophetis,
1820 1973 2021 2053 dootoribus,
2050 1976 2139 2040 inter
2161 1997 2209 2041 re·

209 2059 491 2126 oommenderetur
513 2059 555 2124 ad
577 2058 771 2157 typographi
793 2069 981 2141 quaestum:
1002 2059 1060 2126 sed
1082 2081 1182 2146 grave
1233 2058 1330 2138 tibus,
1354 2059 1410 2143 qui
1432 2058 1473 2124 ab
1495 2080 1533 2125 eo
1555 2061 1646 2126 missi
1668 2070 1754 2139 sunt,
1775 2061 1877 2210 probe
1905 2061 2100 2126 instituitur.
2139 1995 2209 2127 Phed

207 2166 419 2230 pressumque
460 2146 694 2222 testimomum,
733 2165 796 2227 quo
836 2145 908 2212 luee
941 2154 974 2210 et
1011 2146 1182 2212 hominum
1234 2144 1296 2212 hoo
1318 2151 1445 2210 tantum
1473 2145 1617 2229 postulo,
1646 2155 1683 2210 ut
1710 2145 1799 2211 fidei

208 2232 310 2299 oeulis
340 2230 373 2296 di
421 2252 460 2295 us
493 2250 535 2294 ex
563 2250 641 2297 vero
669 2231 949 2314 pronuntiaretur.
992 2231 1066 2298 Hoe
1094 2232 1182 2298 enim
1233 2230 1420 2314 loquentem
1442 2230 1555 2297 audire
1572 2231 1677 2310 lioeat,
1690 2145 2210 2313 etadooepppeugpwlotrsequuspffl

208 2316 353 2383 remedio
397 2314 509 2382 eoebat
536 2316 675 2383 ooeroeri
703 2316 862 2382 furiosam
890 2318 986 2383 istam
1012 2317 1182 2401 seripturi·
1233 2316 1289 2382 ille
1321 2336 1341 2381 a
1373 2316 1508 2382 minimo
1537 2339 1639 2466 usque
1667 2316 1708 2382 ad
1737 2318 1919 2384 maximum
1948 2319 2098 2402 eognosei
2129 2317 2208 2397 vult,

209 2404 334 2468 entium
356 2401 534 2479 libidinem,
557 2422 639 2484 quae
662 2408 712 2466 tot
732 2401 892 2468 librorum
913 2404 1064 2468 examina
1092 2403 1183 2469 nullo
1234 2401 1365 2485 qnando
1390 2424 1502 2468 omnes
1525 2409 1582 2468 oss
1602 2401 1740 2476 sdsisrosf
1770 2403 1839 2468 fore
1865 2403 2052 2487 pollieetnr,
2082 2402 2209 2487 quando

208 2488 319 2568 modo,
348 2487 439 2552 nullo
465 2486 605 2564 delectu,
634 2486 725 2552 nullo
752 2487 892 2570 pudore,
924 2488 1060 2554 subinde
1092 2488 1183 2554 nobis
1234 2487 1444 2571 conqueritur
1464 2489 1591 2554 insuia
1613 2509 1742 2572 semper
1767 2488 1981 2554 laborandum
2004 2487 2113 2554 adhue
2134 2509 2211 2568 esse,

209 2574 304 2658 parit.
350 2572 443 2639 Adeo
462 2572 529 2636 urit
551 2594 614 2637 non
638 2593 758 2653 paucos
786 2572 904 2639 stolida
926 2573 1069 2640 nominis
1095 2575 1184 2659 eupi—
1235 2593 1318 2655 qnos
1339 2582 1435 2641 vooat
1457 2574 1635 2641 ablaotatos
1658 2574 1791 2653 alaote,
1813 2573 1943 2640 avulsos
1970 2574 2011 2640 ab
2039 2574 2210 2640 uberibus:

210 2659 310 2738 ditae,
334 2667 372 2724 ut
391 2656 508 2722 malint
534 2658 651 2742 quovis
677 2657 820 2725 facinore
848 2667 1012 2743 uteunque
1039 2660 1184 2727 innotes-
1235 2658 1365 2742 quaudo
1385 2659 1532 2743 parvulis
1558 2658 1616 2725 dat
1637 2660 1845 2744 sapientiam,
1898 2658 2074 2744 auperibus
2101 2657 2210 2740 risyyc·

208 2766 290 2822 aere,
313 2744 511 2828 quambene
530 2743 641 2808 latere.
684 2743 782 2808 Nune
803 2744 976 2812 immodica
998 2766 1059 2812 sua
1084 2745 1182 2812 faoili·
1235 2750 1384 2809 λίσασθαι
1405 2746 1570 2829 praeeipit
1601 2744 1711 2827 Quum
1734 2766 1812 2829 ergo
1830 2683 1979 2812 vidimus
2000 2768 2042 2811 ex
2064 2746 2211 2812 omnibus

208 2840 275 2897 tate
293 2831 433 2913 pessime
451 2828 626 2895 eonsulunt
642 2829 838 2912 reipublicae
855 2830 1036 2915 Prinoipes,
1055 2831 1185 2915 quinon
1235 2829 1404 2897 ordinibus
1426 2852 1496 2897 esse
1518 2831 1572 2915 qni
1593 2831 1629 2895 in
1650 2832 1715 2897 Dei
1745 2830 1858 2897 eohola
1882 2832 2069 2913 proficiant,
2097 2852 2211 2915 ugnos·

208 2917 303 2982 modo
326 2916 426 2982 bonos
450 2914 552 2980 malos
572 2914 673 2982 libros
691 2915 744 2980 edi
765 2917 969 2999 permittunt,
998 2916 1055 2984 sed
1082 2918 1185 3001 pessi·
1235 2916 1340 2983 aimus
1363 2917 1432 2982 eius
1453 2917 1634 2996 veritatem,
1656 2917 1712 3000 qui
1734 2917 1883 3000 promisit
1903 2917 2088 2982 effusurum
2116 2938 2152 2982 se
2174 2915 2211 2982 de

206 3025 278 3068 mos
300 3022 445 3086 quosque
467 3022 526 3067 suo
554 3000 710 3086 suffragio
741 3001 961 3085 eomprobsnt.
1004 3003 1078 3069 Hoo
1106 3025 1185 3070 vero
1236 3002 1354 3086 spiritu
1377 3024 1435 3068 suu
1458 3022 1558 3086 super
1579 3022 1711 3068 omnem
1732 3023 1872 3069 earnem
1917 3002 1980 3069 Isti
2008 3010 2124 3069 eontra
2150 3003 2210 3067 fre-

208 3109 337 3155 saorum
359 3107 455 3170 opus,
486 3086 572 3169 qnod
599 3109 658 3152 nee
686 3108 792 3171 nuper
819 3098 935 3155 natum
962 3097 1026 3169 eet,
1054 3112 1114 3155 nee
1143 3090 1184 3155 ab
1236 3097 1331 3153 munt
1353 3097 1386 3153 et
1406 3087 1629 3172 indignantur.
1673 3087 1761 3171 Quid
1783 3089 1845 3155 hoo
1867 3095 1916 3154 est
1938 3088 2002 3152 nisi
2024 3088 2098 3153 Deo
2120 3108 2209 3153 suam

207 3175 338 3240 homine
360 3173 552 3258 profestum,
574 3172 646 3238 ideo
668 3172 841 3239 hominum
852 3174 1184 3242 testimoniominime
1235 3173 1422 3258 largitatem
1444 3172 1663 3258 exprobrare?
1708 3172 1791 3240 Osi
1819 3195 1856 3239 eo
1884 3172 2013 3240 saeoulo
2042 3173 2210 3250 vixissent

208 3260 356 3344 indigere
379 3259 487 3324 visum
505 3269 562 3324 est
595 3259 641 3323 Et
651 3279 728 3324 eane
739 3259 943 3343 iniquissime
959 3270 1183 3344 comparatum
1236 3281 1300 3342 quo
1321 3258 1476 3344 Philippo
1498 3268 1592 3324 erant
1611 3258 2103 3344 quatuorfiliaeprophetantes,
2116 3280 2211 3344 quam

209 3356 303 3424 esset,
327 3347 354 3411 si
377 3344 498 3410 talibus
520 3344 634 3428 elogiis
661 3366 744 3429 opus
773 3345 923 3425 haberet,
949 3367 1087 3430 quorum
1114 3368 1183 3413 sor·
1235 3344 1370 3430 indigne
1391 3366 1447 3411 eas
1472 3343 1647 3411 tulissent?
1675 3346 1739 3410 nisi
1767 3346 1850 3436 ⁸forte
1877 3353 1910 3410 et
1933 3344 2079 3429 indignis
2109 3344 2212 3410 modis

209 3431 304 3499 dibus
337 3431 421 3496 nihil
450 3429 539 3495 aliud
570 3451 667 3513 quam
705 3430 892 3497 foedaretur
925 3433 996 3498 eius
1029 3432 1182 3517 dignitas.
1235 3431 1444 3515 aooepiseent
1501 3429 1643 3512 Quando
1677 3451 1755 3496 vero
1793 3431 1856 3496 Dei
1896 3431 2049 3510 verbum,
2089 3431 2212 3514 quoties

208 3516 386 3584 Oraeulum
408 3538 486 3600 ergo
507 3525 541 3581 et
560 3516 825 3582 aeternaveritas
842 3518 963 3583 summi
983 3519 1080 3603 regis,
1102 3517 1185 3585 eoeli
1234 3516 1366 3582 libitum
1386 3528 1451 3595 est,
1479 3516 1608 3581 fortiter
1631 3523 1858 3594 contemnunt,
1892 3537 1952 3583 our
1982 3536 2050 3580 non
2081 3525 2213 3600 patrum

208 3615 315 3668 terrae
337 3603 501 3685 marisque
531 3601 663 3678 domini,
691 3623 871 3687 regumque
910 3603 1013 3688 regis,
1041 3603 1184 3687 diploma
1235 3602 1353 3668 saltem
1375 3602 1525 3685 exempla
1542 3602 1723 3681 imitantur,
1741 3602 1858 3686 quibus
1879 3608 2009 3667 tantum
2031 3624 2066 3667 se
2089 3601 2213 3668 deferre

209 3699 259 3754 est
287 3688 465 3772 privilegii,
498 3687 584 3771 quod
614 3688 709 3754 nobis
744 3690 918 3772 magnifiee
952 3688 1184 3774 splendideque
1235 3686 1415 3753 simulant?
1458 3687 1684 3774 Hieronymus
1705 3709 1773 3752 non
1794 3696 1845 3753 est
1865 3686 2061 3772 dedignatus
2083 3686 2214 3752 mulier-

207 3761 316 3856 ips'um
354 3773 574 3839 sommendat:
612 3773 697 3855 quod
734 3795 862 3839 summa
899 3776 1110 3841 veneratione
1143 3776 1184 3842 ab
1235 3773 1326 3840 oulas
1347 3772 1446 3839 studii
1464 3781 1639 3839 oonsortes.
1670 3772 1935 3858 Chrysostomua
1958 3781 1992 3839 et
2008 3773 2214 3858 Augustinus

207 3857 360 3925 omnibus
395 3860 548 3942 gentibus
587 3859 748 3926 aetatibus
784 3859 953 3926 ordinibus
985 3860 1114 3945 publice
1146 3880 1185 3927 ae
1235 3857 1364 3943 quando
1385 3881 1452 3924 non
1473 3858 1602 3942 plebem
1624 3859 1799 3925 hortantur
1815 3857 1949 3925 adhaeo
1970 3856 2100 3924 studia?
2118 3880 2214 3942 quam

206 3943 360 4028 privatim
382 3945 488 4028 eroipi
514 3946 614 4012 iubet
658 3946 713 4010 En
741 3944 893 4027 edietum,
921 3947 974 4013 oui
1003 3968 1115 4013 omues
1142 3946 1185 4012 ad
1235 3946 1425 4028 frequenter
1443 3944 1618 4021 inouloant
1640 3952 1679 4010 ut
1699 3944 1787 4010 domi
1809 3944 1965 4029 relegant,
1992 3965 2076 4026 quae
2101 3945 2136 4009 in
2163 3965 2214 4010 eo·

205 4050 311 4096 unum
332 4028 543 4112 obsequentes
564 4053 636 4098 esse
652 4031 834 4097 conveniat
1236 4030 1335 4097 olseia
1356 4029 1553 4095 audierunt?
1597 4029 1687 4112 Quid
1705 4029 1791 4114 quod
1802 4030 2058 4115 chrysostomus
2080 4029 2213 4114 plebeiis

294 4112 361 4181 Sed
382 4115 501 4198 impiae
518 4116 720 4199 quorundam
738 4137 835 4183 voees
856 4117 1045 4195 audiuntur,
1073 4117 1185 4184 elami-
1237 4117 1343 4201 magis
1370 4137 1467 4199 quam
1491 4115 1658 4182 monaehis
1687 4117 1903 4182 neeessariam
1937 4136 2010 4182 esse
2033 4117 2213 4200 scripturae

208 4203 350 4267 tantiam
372 4221 441 4265 rem
463 4222 534 4267 esse
561 4203 746 4286 indignam,
774 4203 903 4288 vulgari
931 4203 1012 4270 haee
1046 4203 1185 4287 simplioi
1238 4210 1370 4268 sanotae
1401 4201 1574 4268 leotionem
1607 4201 1788 4268 oontendit:
1822 4199 1907 4285 quod
1934 4202 2033 4268 variis
2061 4222 2214 4268 surarum

207 4287 394 4372 plebeoulae
420 4288 590 4371 mysteria:
624 4290 659 4352 in
686 4289 803 4372 quibus
831 4290 887 4373 qui
916 4297 1016 4356 totam
1045 4297 1185 4354 aetatem
1237 4296 1272 4353 et
1293 4286 1676 4372 negotiorumfluotibus
1697 4287 1808 4353 iaotati
1829 4287 2085 4372 innaulragium
2107 4287 2213 4353 statim

209 4373 428 4450 detriverunt,
456 4375 585 4456 mugnis
606 4373 726 4458 alioqui
748 4383 781 4441 et
808 4375 933 4460 ingenii
959 4383 993 4440 et
1019 4374 1185 4440 doetrinae
1238 4372 1465 4456 abriperentur
1498 4373 1619 4440 eaeouli
1647 4373 1759 4452 huius,
1793 4372 1859 4439 nisi
1885 4373 1926 4438 ad
1950 4371 2037 4439 hano
2062 4393 2212 4440 aneorum

208 4460 378 4543 praesidiis
397 4458 511 4535 adiuti,
533 4459 569 4522 in
590 4460 697 4524 medio
719 4470 830 4526 tamen
852 4461 957 4527 stadio
978 4461 1108 4543 saepius
1130 4459 1185 4526 de·
1237 4457 1435 4524 haererent?
1491 4458 1662 4525 Laudatus
1692 4466 1744 4525 est
1774 4459 1816 4525 ab
1845 4459 1988 4525 Eusebio
2019 4458 2208 4542 Pamphilus

208 4546 369 4611 feserunt:
392 4545 487 4628 pauei
509 4553 566 4609 aut
587 4545 670 4609 forte
697 4547 830 4611 omnino
853 4547 937 4612 nulli
962 4545 1099 4629 reperti,
1128 4546 1185 4630 qui
1236 4552 1374 4628 martyr,
1396 4545 1452 4627 qui
1471 4566 1580 4611 saeros
1596 4545 1721 4611 oodioes
1742 4552 1874 4628 paratos
1895 4565 2024 4627 semper
2046 4542 2136 4610 domi
2156 4544 2207 4609 hs·

209 4631 359 4697 ultimam
383 4631 503 4696 lineam
536 4630 714 4714 attigerint.
764 4631 867 4713 Quid,
903 4632 1073 4717 inquiunt,
1106 4653 1185 4716 prae
1236 4630 1343 4710 bebat,
1365 4650 1446 4712 quos
1466 4638 1500 4695 et
1521 4631 1602 4698 viris
1620 4640 1654 4696 et
1674 4630 1823 4696 foeminis
1845 4630 1926 4695 lar‘
1966 4639 2030 4695 tur.
2062 4630 2134 4697 Neo
2153 4650 2205 4713 pu·

209 4718 283 4783 istis
305 4717 433 4800 assequi
455 4723 591 4800 possunt
611 4716 722 4781 miseri
733 4717 851 4784 idiotae
863 4720 1009 4785 omnium
1027 4717 1184 4784 bonarum
1236 4717 1322 4782 riore
1344 4715 1401 4781 illo
1423 4715 1552 4783 saeoulo
1573 4716 1742 4796 duntaxat,
1764 4715 1822 4783 sed
1844 4738 1877 4780 m
1915 4716 1957 4781 tis
1978 4722 2094 4799 postea
2120 4714 2204 4780 annis

210 4804 330 4868 artium
351 4803 458 4880 rudes,
481 4811 514 4867 et
536 4803 579 4885 (ei
601 4823 679 4867 usus
701 4803 884 4887 quaeritur)
906 4826 1018 4871 rerum
1039 4804 1185 4869 omnium
1236 4801 1343 4869 valuit
1370 4801 1451 4867 haee
1478 4802 1627 4869 libertas:
1656 4802 1758 4869 doneo
1784 4810 1974 4885 eorruptum
1997 4803 2132 4886 suisque
2157 4821 2202 4866 ou·

209 4888 375 4972 imperiti?
404 4888 530 4952 Verum
552 4909 655 4971 quum
677 4887 841 4954 Dominus
858 4909 877 4953 e
892 4899 1061 4974 pastorum
1082 4889 1186 4956 eaulis
1236 4887 1429 4971 piditatibus
1466 4887 1658 4954 immersum
1695 4887 1816 4972 vulgus
1849 4897 1965 4970 suapte
1999 4886 2146 4970 nequitia
2176 4888 2200 4948 st

208 4974 394 5058 prophetae,
413 4996 431 5038 o
452 4976 649 5057 piseatorum
671 4972 872 5039 navisuliss
930 4974 1014 5041 tolos
1042 4975 1105 5041 sibi
1131 4995 1185 5041 oo-
1234 4974 1368 5059 ignavia
1400 4973 1462 5040 hoo
1493 4973 1592 5038 studii
1614 4995 1718 5057 genus
1743 4973 1868 5040 abieeit
1912 4973 2010 5038 Nune
2031 4971 2088 5037 ubi
2109 4967 2200 5055 repeti

210 5059 341 5143 aptarit
369 5078 427 5125 our
453 5081 519 5126 non
546 5070 580 5126 et
605 5083 694 5128 nuno
716 5057 840 5126 similes
867 4995 1041 5144 ddhpulos
1070 5060 1207 5155 digne·¹
1235 5061 1349 5145 eoepit,
1373 5058 1507 5127 emersit
1527 5057 1608 5126 haee
1630 5061 1788 5146 tyrannis,
1812 5078 1895 5143 quae
1912 5057 2105 5143 populuma
2126 5074 2198 5122 eom·
