4776 5844
272 236 337 315 '2¹1¹
1042 229 1220 309 euellit
1238 227 1509 306 ‘ADMCNI'PIO
2212 231 2276 299 212

272 420 361 500 mile
376 430 537 501 tacemns:
559 442 620 497 nee
636 420 1075 505 placitanostraingerimus
1091 417 1134 489 ad
1151 416 1250 496 fidem
1302 415 1466 489 edendum
1488 436 1615 502 corpas,
1637 417 1703 486 nisi
1712 417 1872 486 sciremus
1882 418 1976 486 nobis
1989 419 2025 483 in
2047 418 2158 486 cibam
2179 416 2278 502 spiri·

276 508 410 576 Christo
421 505 654 608 abrogandam:
677 507 771 571 euius
788 506 947 572 autoritas
956 528 1022 571 non
1033 506 1144 579 minus
1154 524 1249 568 reve·
1301 501 1425 571 tualem
1447 502 1527 582 dari,
1547 503 1626 585 quie
1646 504 1815 570 vivilimm
1836 511 1895 570 est,
1930 501 2018 585 Qudd
2036 501 2146 570 valeat
2164 522 2277 581 coena,

275 603 389 662 reuter
406 593 531 662 anobis
547 592 734 677 suspicitur,
752 601 786 658 et
797 591 945 659 doctrina
962 591 1101 658 fideliter
1114 591 1249 674 exponi·
1300 608 1458 670 quorsum
1479 597 1614 671 spcotet,
1634 610 1803 673 nunquam
1824 597 2004 674 gustarunt
2023 588 2113 655 bruti
2138 589 2192 654 isti
2215 589 2278 654 ho·

275 674 1249 763 tur,quametilludseanimosefacereobtenduntbiagde·
1300 673 1418 740 mines.
1450 673 1569 740 Nullus
1590 675 1678 739 enim
1700 697 1742 740 ex
1760 675 1870 741 verbis
1887 674 2012 742 Christi
2034 675 2159 741 fructus
2182 673 2279 744 nobis

275 765 471 850 burgenses,
498 774 533 829 et
560 765 621 830 hoc
648 785 685 829 se
711 763 828 833 dextre
857 775 1023 847 praestare
1051 763 1247 830 existimant
1301 761 1479 841 proveniet,
1502 761 1565 825 nisi
1583 760 1672 826 hune
1693 782 1827 827 sensum
1848 762 1883 825 in
1905 761 2058 828 cordibus
2075 761 2198 827 nostris
2220 761 2278 826 ob·

276 849 365 933 Quid
387 873 408 916 a
428 870 529 917 coena
551 848 681 915 differat
701 849 904 918 circumcisio
925 849 1025 933 probe
1047 870 1088 914 ex
1117 848 1249 931 scriptis
1301 844 1444 913 tineent:
1482 849 1555 925 [pag.
1585 851 1661 926 aee]
1688 847 1791 912 Panis
1822 845 1877 913 hic
1907 846 1982 914 idco
2014 866 2132 930 eorpus
2163 867 2278 912 meum

275 938 396 1006 nostris
419 935 545 1013 discent
565 935 712 1001 lectores.
762 939 836 1016 [pag.
854 940 930 1015 206]
952 935 1026 1001 Hoc
1052 943 1140 1001 certe
1161 954 1249 999 eom·
1300 940 1370 1009 est,
1404 939 1438 1000 et
1470 931 1555 996 calix
1593 939 1643 998 est
1674 932 1825 1016 sanguis,
1864 933 1941 1016 quia
1978 954 2052 998 caro
2091 953 2165 998 mea
2198 952 2279 998 vere

275 1044 375 1093 mane
402 1020 514 1100 habet,
548 1020 635 1105 quod
667 1019 788 1089 visibili
813 1021 962 1105 symbolo
987 1042 1040 1086 res
1069 1019 1249 1104 spiritualis
1300 1028 1351 1080 est
1371 1015 1477 1095 cibus,
1506 1026 1540 1082 et
1562 1019 1698 1101 sanguis
1720 1040 1797 1084 vere
1819 1027 1924 1101 potus.
1972 1019 2087 1101 Neque
2112 1019 2203 1084 enim
2226 1017 2279 1084 inv

204 1151 207 1156 ·
274 1109 449 1176 coniuncta
470 1108 540 1173 fuit.
586 1108 678 1173 Deus
700 1108 804 1185 enim,
831 1107 886 1189 qui
914 1105 976 1172 hoe
1004 1108 1105 1173 veteri
1128 1104 1248 1189 populo
1300 1102 1478 1186 gurgitatio
1500 1103 1570 1182 hic,
1599 1103 1657 1169 sed
1680 1105 1768 1170 vitae
1797 1104 1969 1188 perceptio¹
1982 1126 2023 1170 ex
2046 1124 2166 1170 aream
2187 1126 2279 1175 com·

271 1195 395 1280 pignos
416 1193 599 1276 adoptionis
620 1213 700 1257 suae
721 1213 793 1260 esee
814 1190 926 1272 voluit,
949 1212 1018 1258 non
1029 1191 1164 1262 fallebat
1173 1213 1248 1258 suos
1299 1188 1519 1254 manicatione
1541 1188 1635 1255 nobis
1656 1189 1808 1255 traditur.
1841 1190 1887 1254 Et
1908 1198 2018 1256 temen
2036 1212 2104 1256 non
2124 1188 2280 1261 dubitant

272 1280 368 1357 tilios.
419 1278 492 1346 Iam
520 1280 554 1343 in
582 1299 683 1344 coena
710 1277 783 1350 dieo
806 1277 890 1344 nibil
919 1277 1049 1343 obstare
1077 1279 1249 1362 quominus
1299 1272 1420 1338 iterum
1432 1272 1734 1360 Magdeburgenses
1747 1276 1815 1342 suis
1836 1276 2015 1342 mendaciis
2040 1297 2101 1342 nos
2127 1276 2279 1356 obruere,

272 1365 431 1450 symbolis
459 1365 554 1448 panis
584 1374 617 1430 et
644 1361 716 1428 vini
739 1365 861 1448 figuret
887 1363 1040 1431 Christus
1067 1363 1153 1447 qnod
1181 1362 1249 1430 illio
1301 1359 1536 1428 violentissime
1558 1381 1578 1426 a
1599 1360 1693 1429 nobis
1714 1361 1853 1446 discerpi
1872 1383 2017 1443 coenam,
2039 1363 2115 1446 quia
2136 1364 2279 1447 promis·

272 1452 386 1527 testari
408 1451 490 1527 vult,
512 1460 546 1516 et
562 1471 632 1515 rem
651 1450 758 1533 ipsam
776 1470 852 1514 vere
870 1458 1023 1533 praestet
1057 1448 1096 1517 Si
1117 1449 1249 1515 diversa
1299 1445 1424 1527 sionem
1447 1445 1549 1517 solam
1571 1467 1742 1531 urgemus,
1771 1468 1831 1514 nec
1854 1468 1926 1513 eam
1947 1449 2081 1528 sincere,
2104 1450 2156 1514 vel
2178 1450 2278 1537 spiri·

273 1546 323 1608 est
342 1536 522 1620 spiritualis
542 1556 663 1602 coenae
684 1536 808 1604 veritas
825 1535 865 1600 ab
877 1535 932 1601 illa
944 1557 1042 1617 quam
1061 1533 1129 1601 dixi
1148 1535 1248 1601 luisse
1300 1530 1423 1596 tualem
1445 1532 1667 1614 operationem
1689 1532 1814 1599 Christi
1837 1535 1874 1598 in
1895 1532 2000 1611 nobis,
2030 1535 2078 1601 sio
2104 1544 2218 1603 tamen
2239 1546 2280 1604 nt

273 1623 539 1699 circumcisionis,
562 1642 627 1686 non
648 1621 735 1685 male
757 1621 828 1686 oroi
853 1622 923 1695 ient
945 1620 1248 1706 Magdeburgenses
1299 1637 1399 1682 coena
1417 1616 1543 1683 Christi
1568 1626 1697 1684 mutum
1725 1620 1750 1685 si

273 1707 474 1774 servendum
502 1729 572 1774 esse
600 1706 784 1774 discrimen.
830 1642 898 1775 geel
919 1728 1024 1789 neque
1046 1706 1086 1771 de
1108 1728 1147 1773 eo
1169 1727 1246 1772 oon·
1299 1711 1424 1781 torum,
1441 1725 1519 1801 'uon
1545 1703 1695 1787 applicet
1745 1640 1799 1768 fn

272 1793 432 1861 troversia
463 1802 527 1871 est,
560 1812 666 1875 neque
698 1800 768 1857 tam
795 1792 881 1858 male
908 1793 1031 1876 profeci
1057 1794 1090 1857 in
1121 1792 1247 1864 Christi
1298 1809 1354 1853 eos
1376 1788 1506 1856 ducitur
1528 1789 1794 1875 promissionibus
1815 1791 1974 1856 insistere.
2006 1792 2108 1875 Atqui
2118 1793 2276 1877 putabam

272 1879 396 1958 schola,
424 1879 504 1963 quin
531 1877 654 1963 grsdrm
682 1887 717 1943 et
744 1877 853 1943 varios
879 1876 991 1943 modos
1013 1877 1165 1944 distincte
1187 1900 1245 1947 no·
1297 1873 1384 1940 hano
1406 1874 1615 1959 praecipuam
1637 1897 1709 1942 esse
1737 1877 1815 1942 fidei
1835 1888 1869 1942 et
1890 1877 2022 1960 pietatis
2042 1878 2191 1959 laudem,
2222 1902 2276 1947 ao·

272 1976 347 2032 tem.
392 1963 498 2031 Sicuti
519 1984 596 2048 ergo
618 1982 677 2047 per
698 1963 978 2029 circumcisionem
999 1964 1090 2029 insiti
1112 1965 1247 2031 fuerunt
1298 1962 1464 2042 quiescere
1473 1961 1509 2025 in
1523 1961 1587 2027 Dei
1604 1962 1882 2045 promissionibus.
1904 1962 1990 2030 Mihi
2006 1985 2086 2029 vero
2104 1986 2172 2031 non
2190 1968 2274 2034 tanti

270 2059 380 2134 patres
401 2050 437 2115 in
466 2071 596 2116 sacrum
623 2049 797 2133 populum,
825 2058 864 2115 ιιι
884 2058 1020 2132 paterno
1043 2050 1106 2115 Dei
1135 2070 1246 2115 amore
1296 2057 1375 2111 sunt
1395 2068 1507 2112 eornm
1529 2047 1782 2123 fulminationes,
1805 2070 1843 2116 ac
1863 2049 1940 2113 vani
1963 2050 2116 2133 crepitus,
2139 2054 2275 2139 utplus

268 2137 345 2205 freti
364 2134 523 2203 haeredes
544 2143 655 2201 essent
672 2135 821 2221 coelestis
838 2135 940 2200 vitae:
963 2135 1010 2200 ita
1031 2133 1128 2203 hodie
1150 2135 1245 2203 nobis
1296 2152 1452 2214 quaerere
1473 2132 1583 2213 libeat,
1605 2155 1703 2216 quam
1723 2133 1805 2199 mihi
1826 2135 1922 2199 offert
1943 2134 2068 2203 Christi
2090 2139 2273 2220 promissio.

269 2243 380 2298 sacrae
402 2243 477 2288 oum
495 2220 563 2286 filio
584 2219 649 2286 Dei
671 2220 911 2287 coniunctionis
932 2222 1087 2304 figuram,
1114 2242 1130 2285 s
1153 2222 1244 2288 mbo-¹
1297 2218 1348 2284 De
1381 2219 1506 2302 gratiae
1537 2220 1754 2302 applicatione
1786 2220 1865 2286 alibi
1897 2218 1966 2286 diri
1998 2233 2160 2304 quantum
2194 2228 2274 2293 satis

269 2308 355 2388 lum,
383 2316 542 2379 tesseram
570 2328 607 2371 ec
637 2306 762 2389 pignus
782 2307 919 2390 proponi
946 2306 1027 2373 dico.
1078 2244 1152 2373 ead
1168 2307 1245 2389 quia
1296 2312 1381 2369 erat:
1410 2324 1483 2369 eam
1503 2305 1627 2371 scilicet
1653 2325 1720 2370 non
1742 2307 1852 2372 minus
1873 2306 2038 2389 praeclare
2060 2329 2080 2375 a
2104 2311 2199 2376 nobis
2220 2334 2273 2378 as-

270 2415 338 2459 non
359 2415 378 2458 a
402 2393 428 2457 ‘t
444 2392 613 2459 nobiseum
636 2391 772 2457 Christe
811 2391 981 2471 fallaciter,
1008 2413 1086 2461 vere
1108 2413 1167 2477 per
1188 2393 1245 2457 illa
1296 2390 1362 2455 scri
1383 2392 1972 2474 [pag.210]quamierattotaeorum
1990 2393 2138 2461 facultas.
2172 2395 2273 2465 Corn.

270 2477 385 2564 evmbo
439 2478 678 2561 repraesentari
707 2414 793 2559 qnod
815 2477 1015 2560 significant,
1049 2485 1087 2543 ut
1114 2479 1244 2561 reipsa
1296 2475 1567 2554 munientionem,
1595 2476 1700 2563 qualis
1730 2498 1749 2542 a
1777 2498 1830 2543 me
1857 2477 2005 2556 docetur,
2032 2488 2215 2548 extenuent
2236 2491 2275 2551 ut

266 2570 340 2644 [pag.
360 2569 437 2644 207]
459 2584 533 2628 caro
556 2569 590 2628 et
612 2564 746 2647 sanguis
767 2561 893 2628 Christi
915 2584 974 2628 nos
995 2574 1140 2647 pascant,
1169 2586 1244 2630 sua·
1296 2560 1443 2640 libuerit,
1476 2584 1542 2627 non
1563 2569 1676 2628 tamen
1696 2562 1815 2629 efficiet
1835 2585 1948 2629 eorum
1969 2564 2168 2649 malignitas,
2191 2570 2274 2653 quin

267 2671 329 2733 que
348 2647 533 2715 substantia
553 2648 735 2714 vivificent,
777 2645 889 2729 Quare
907 2649 1245 2735 Magdeburgensibus
1297 2657 1477 2730 agnoscant
1497 2647 1544 2731 pii
1563 2668 1678 2715 omncs
1699 2646 1783 2714 nihil
1805 2671 1858 2714 me
1880 2649 1968 2732 quod
1989 2649 2032 2716 ad
2048 2650 2125 2716 fidei
2146 2657 2287 2736 proteo»

266 2733 349 2801 nihil
377 2734 557 2817 improbius
585 2734 666 2818 fingi
694 2741 816 2817 potest,
849 2734 904 2821 qui
931 2755 991 2819 pro
1019 2757 1056 2801 re
1083 2736 1244 2819 spirituali
1296 2740 1368 2799 tum
1389 2732 1488 2799 iaciat
1508 2734 1667 2799 omittere.
1702 2731 1815 2815 Quare
1823 2735 1970 2808 ,multum
1981 2734 2083 2814 abest,
2105 2746 2144 2803 ut
2160 2762 2275 2823 quem·

266 2841 327 2889 nos
348 2828 480 2891 tantum
502 2820 620 2885 afferre
648 2819 921 2904 significationem
935 2822 1147 2888 ,remissionis
1170 2844 1244 2905 pec-
1297 2837 1394 2901 quam
1421 2818 1494 2887 sani
1525 2819 1651 2891 cerebri
1678 2839 1811 2888 movere
1844 2819 1960 2891 debeat
1991 2821 2132 2890 crudelis
2159 2847 2276 2895 eorum

267 2914 414 2976 catorum
439 2914 472 2969 et
499 2906 626 2990 petiae
652 2903 716 2972 Dei
745 2906 891 2972 mentiri.
908 2905 1045 2975 audent:
1079 2916 1177 2990 etque
1203 2929 1245 2973 ex
1296 2904 1469 2985 calumnia,
1490 2927 1583 2972 noea
1600 2926 1702 2972 coena
1723 2927 1833 2976 arram
1854 2907 2061 2979 certitudinis
2081 2907 2158 2976 fidei
2180 2932 2275 2995 pror-

266 2990 375 3068 verbis
396 2991 517 3056 nostris
538 2991 673 3074 liquere,
696 2990 828 3074 signum
850 2991 877 3058 si
898 3045 901 3050 .
925 2993 937 3056 i
959 3000 1088 3065 tantum
1109 2993 1243 3078 porrigi,
1297 3012 1354 3056 sus
1376 2991 1514 3071 auferre,
1536 2993 1613 3074 quia
1626 2992 1799 3058 materiam
1809 2993 1996 3072 auferimus,
2019 3015 2138 3077 nempe
2149 2995 2276 3068 Christi

265 3098 332 3159 non
354 3097 409 3154 res
430 3077 532 3160 ipses:
552 3077 649 3159 qnasi
672 3076 793 3143 centies
815 3098 879 3162 epu
923 3099 976 3146 me
998 3099 1064 3154 non
1085 3086 1244 3159 occurrat,
1296 3097 1437 3161 eorpus,
1457 3098 1557 3160 quum
1575 3085 1679 3143 totus
1700 3098 1817 3151 coenae
1846 3079 1981 3145 effectus
2009 3080 2191 3150 secundum
2213 3104 2277 3151 nos

267 3184 386 3231 coenae
407 3162 579 3227 materiam
597 3161 729 3234 differre
750 3163 796 3234 ab
814 3163 932 3228 effectu
950 3162 1007 3233 vel,
1022 3165 1145 3230 fructu:
1168 3165 1245 3247 quia
1296 3162 1336 3229 ab
1359 3183 1478 3228 arcana
1499 3163 1608 3228 carnis
1634 3173 1668 3228 ct
1689 3163 1859 3248 sanguinis
1880 3165 2171 3235 communicatione
2194 3190 2276 3252 pen·

268 3270 348 3332 qaas
370 3269 389 3313 a
411 3247 764 3331 Christopercipimus
791 3250 915 3332 gratias
937 3249 1051 3319 ordine
1073 3250 1246 3333 praecedat
1297 3247 1467 3331 dentque
1488 3250 1527 3313 fit
1548 3257 1585 3313 nt
1607 3249 1712 3315 vitam
1738 3271 1831 3316 suam
1859 3248 1954 3316 nobis
1974 3251 2128 3334 inspiret,
2157 3265 2194 3320 et
2215 3278 2277 3323 nos

242 3404 247 3413 ,
268 3334 448 3418 spiritualis
470 3354 544 3398 cum
563 3354 662 3399 carne
680 3335 967 3418 etsanguineeius
983 3336 1243 3403 communicatio.
1296 3351 1401 3399 unum
1424 3355 1500 3400 eum
1521 3334 1593 3417 ipso
1614 3336 1725 3401 simus.
1771 3334 1889 3416 Qualis
1910 3344 2020 3418 autem
2042 3358 2119 3403 erra
2139 3343 2276 3410 certita-
2298 3360 2300 3363 ·

267 3421 340 3489 Iuro
362 3441 401 3486 eo
423 3440 525 3502 usque
547 3419 683 3503 proiecti
706 3430 785 3486 sunt
806 3420 950 3503 pudoris,
973 3430 1010 3486 ut
1030 3442 1091 3486 nos
1112 3423 1245 3507 signum
1297 3418 1381 3487 dinis
1404 3421 1468 3485 erit
1489 3441 1623 3504 corpus,
1653 3420 1684 3488 si
1709 3419 1793 3485 illud
1813 3420 1996 3505 promiscue
2020 3424 2276 3498 scelestissimus

269 3514 398 3573 tantum
431 3506 633 3571 remissionis
665 3514 872 3590 peccatorum
903 3506 1088 3589 relinquere
1121 3507 1245 3574 obstre-
1296 3506 1433 3588 quisquc
1453 3504 1654 3590 ingurgitet?
1689 3506 1775 3571 Nam
1786 3515 1906 3590 praeut
1923 3507 2011 3590 apud
2032 3509 2121 3592 ipsos
2143 3533 2276 3594 proram

268 3598 359 3678 pant
409 3590 507 3671 Quod
535 3589 666 3668 tandem
695 3589 873 3657 subiiciunt
901 3614 961 3658 nos
988 3600 1114 3661 tantum
1150 3595 1246 3678 signa
1297 3598 1331 3657 et
1351 3591 1487 3674 puppim
1508 3600 1645 3674 occupet
1664 3591 1806 3669 carnalis
1825 3593 2041 3673 manducatio,
2068 3594 2276 3679 spiritualem

270 3677 451 3762 signorum,
486 3674 619 3741 umbras
649 3678 856 3756 umbrarum,
895 3685 928 3743 et
960 3700 1024 3745 non
1058 3679 1123 3746 nisi
1148 3700 1246 3746 mera
1297 3676 1401 3742 vitam
1423 3677 1491 3741 fere
1512 3676 1570 3760 pili
1591 3698 1658 3743 non
1679 3678 1864 3743 aestimant.

271 3762 398 3842 somnia
417 3772 454 3827 etv
471 3761 702 3845 phantasmata
721 3763 879 3847 ingerere,
903 3785 968 3831 non
980 3771 1109 3841 tantum
1121 3785 1246 3831 sarcas-
1384 3759 1557 3828 Decimum
1579 3771 1730 3828 octavum
1748 3774 1978 3847 argumentum
1995 3765 2150 3837 recitant:
2173 3769 2277 3841 Nulla

269 3868 345 3913 mus
372 3857 436 3927 est,
465 3847 526 3925 scd¹
546 3847 660 3930 putida
686 3847 840 3916 dicacitas
868 3849 1040 3916 virulentis
1067 3850 1246 3916 mendaciis
1298 3855 1412 3915 contra
1438 3846 1536 3913 fidem
1571 3848 1670 3933 recipi
1706 3847 1802 3915 debet
1829 3850 2071 3933 interpretatio:
2104 3858 2177 3934 [pag.
2198 3856 2274 3943 211]

268 3933 404 4014 referta,
419 3942 453 3998 et
473 3931 558 3997 nihil
579 3953 599 3998 a
620 3934 738 3999 canino
756 3933 878 3999 latratu
896 3935 1059 4001 differens.
1102 3937 1148 4001 Et
1168 3957 1245 4002 eon·
1298 3933 1354 4000 sed
1377 3934 1459 3999 haec
1480 3933 1714 4017 interpretatio,
1738 3935 1824 4018 qnod
1841 3934 1994 4001 Christus
2016 3937 2277 4008 substantialiter

267 4018 362 4086 tinuc
383 4025 458 4102 post
481 4017 655 4084 verborum
683 4040 828 4085 meorum
857 4025 931 4100 [pag.
946 4028 1024 4100 208]
1055 4022 1246 4088 recitatione
1298 4028 1332 4086 et
1363 4019 1522 4086 invisibili
1549 4019 1645 4085 modo
1679 4019 1841 4086 edendum
1875 4022 1986 4087 tradat
2018 4045 2135 4107 corpus
2167 4047 2276 4108 strum,

268 4125 364 4170 suam
391 4103 550 4169 malitiam
578 4117 689 4186 aperte
716 4105 873 4189 produnt:
908 4105 996 4189 quod
1021 4107 1144 4175 seilicet
1172 4128 1246 4174 earo
1298 4115 1442 4172 nonest
1473 4104 1624 4189 analogia
1653 4105 1744 4175 fidoi:
1767 4106 1971 4192 repudianda
1991 4108 2095 4194 igitur
2122 4121 2183 4178 est
2234 4114 2276 4181 In

269 4189 397 4257 Christi
420 4210 540 4255 arcana
561 4189 696 4272 spiritus
718 4192 842 4257 virtute
863 4191 905 4264 ad
929 4214 987 4257 nos
1009 4200 1167 4276 penetret,
1196 4194 1246 4259 vi·
1298 4190 1422 4257 maiore
1449 4193 1662 4274 quantumvis
1689 4192 1781 4258 nulla
1802 4194 1846 4258 sit
1866 4193 2055 4272 difficultas,
2083 4196 2277 4267 obmurmu-

270 4285 404 4359 tamque
426 4274 601 4341 efficaciter
628 4276 769 4360 inspiret
796 4278 828 4342 in
857 4279 983 4343 animas
1009 4286 1147 4349 nostras
1192 4280 1247 4344 An
1298 4283 1375 4343 rant
1392 4283 1514 4355 tamen,
1535 4276 1634 4343 falsos
1655 4277 1802 4344 doctores
1819 4279 1924 4345 multa
1943 4279 2130 4359 obtendere,
2152 4293 2197 4348 ut.
2214 4284 2277 4351 bac

268 4361 333 4430 hoc
351 4375 402 4427 est
423 4381 550 4427 merum
570 4360 774 4444 phantasma,
795 4362 846 4430 vel
868 4361 987 4428 umbra
1008 4364 1163 4432 umbrae?
1208 4362 1247 4430 Si
1299 4372 1370 4428 arte
1390 4362 1501 4426 sucum
1523 4364 1652 4430 faciant
1697 4362 1764 4430 Sed
1786 4360 1841 4430 hio
1862 4365 2038 4449 ostendant
2058 4367 2170 4434 fucum
2193 4371 2275 4439 fiori

267 4468 339 4517 non
361 4446 502 4512 eundem
526 4448 827 4515 communicationis
854 4449 989 4521 modum
1010 4458 1127 4528 statuo,
1150 4470 1247 4532 quem
1299 4449 1463 4515 Minorem
1486 4449 1671 4530 probamus,
1698 4450 1789 4532 quia,
1819 4472 1919 4533 quum
1942 4473 2061 4534 panem
2082 4456 2276 4541 porrigeret,

267 4531 588 4618 Magdeburgenscs:
611 4554 653 4598 an
674 4534 746 4600 ideo
766 4536 917 4617 protinus
941 4534 1063 4618 duplici
1085 4534 1248 4602 calumnia
1298 4533 1427 4601 visibile
1448 4555 1565 4617 corpus
1587 4533 1743 4619 gestabat.
1788 4534 1900 4615 Quare
1918 4538 2111 4621 oportuisset
2132 4561 2206 4609 ease
2227 4543 2276 4609 bi·

269 4617 463 4704 gravandus
484 4619 561 4698 sim,
594 4621 688 4702 quasi
709 4641 774 4685 non
795 4620 893 4686 modo
920 4622 1166 4698 remanseram,
1189 4621 1247 4687 sed
1299 4639 1476 4703 corporeae
1502 4617 1865 4699 Absurdumenimest,
1889 4622 2277 4710 fideiqueprinoipiisrc·

269 4703 403 4789 signum
424 4725 552 4787 quoque
569 4706 619 4770 rei
638 4705 751 4788 ipsius,
773 4713 953 4773 attentum
965 4716 1097 4775 maneat
1113 4707 1248 4791 signum
1299 4713 1435 4790 pugnat,
1459 4705 1581 4790 duplex
1603 4706 1703 4777 luisse
1725 4706 1851 4773 Christi
1873 4728 2001 4792 corpus.
2044 4711 2275 4793 Respondent:

271 4789 385 4875 signi?
436 4790 521 4855 Exci
545 4791 633 4867 iunt,
670 4811 738 4855 non
767 4790 845 4874 quid
871 4790 970 4860 homo
995 4793 1153 4876 proterat,
1188 4792 1246 4858 sed
1300 4790 1461 4872 Quamvis
1484 4790 1629 4858 humana
1655 4792 1738 4857 ratio
1764 4791 1806 4858 ad
1833 4803 1961 4876 petram
1982 4795 2127 4862 scandali
2148 4797 2278 4868 duriter

273 4874 350 4960 quid
371 4887 497 4941 asserat
517 4813 670 4941 Christus
692 4876 908 4960 spectandum
929 4899 1015 4944 esse:
1048 4879 1156 4962 ipsum
1187 4900 1246 4944 au·
1299 4875 1439 4943 allidens
1459 4878 1668 4962 naufragium
1687 4877 1798 4956 faeiat,
1826 4878 1925 4944 fidem
1945 4883 2150 4964 acquiescere
2172 4884 2276 4955 diser*

271 4967 340 5026 tem
360 4982 427 5026 non
448 4961 569 5027 dicere:
592 4962 666 5047 Ego
688 4962 724 5025 in
745 4962 843 5028 coelis
863 4961 981 5030 sedens
1001 4964 1038 5028 in
1060 4964 1154 5031 vobis
1171 4985 1245 5048 ope·
1299 4964 1343 5028 tis
1374 4963 1485 5029 verbis
1504 4962 1638 5029 Christi
1694 4960 1798 5044 Quasi
1829 4985 1908 5031 vcro
1941 4966 2104 5032 humanae
2136 4972 2276 5039 rationis

264 5046 369 5134 ¹rabor
393 5048 550 5114 virtutmn
578 5048 686 5113 earnis
712 5068 820 5126 meae,
849 5048 922 5114 sed:
955 5049 1029 5115 Hoc
1057 5057 1109 5115 est
1130 5070 1247 5133 eorpus
1299 5058 1519 5115 commentum
1547 5053 1605 5130 sit,
1633 5050 1720 5132 quod
1746 5049 1844 5116 claris
1869 5052 2051 5135 scripturae
2076 5055 2275 5126 testimoniis

269 5146 393 5196 meum.
437 5131 540 5212 Quasi
568 5153 647 5198 vero
669 5133 846 5218 quidquam
868 5134 1038 5217 prodesset
1059 5135 1131 5201 dari
1152 5133 1248 5203 nobis
1297 5133 1465 5219 proditum
1487 5141 1546 5201 est
1593 5134 1708 5218 Neque
1736 5137 1825 5202 enim
1854 5137 1949 5205 nobie
1970 5138 2108 5207 dietavit
2128 5140 2276 5212 humens

1835 1627 1888 1686 cet
1912 1620 2138 1686 remissionem
2158 1643 2277 1705 peeca-

1764 1620 1924 1790 ardfiergo
1951 1706 2061 1790 probri
2087 1707 2160 1774 loco
2188 1708 2277 1791 apud
