4724 5886
277 306 381 373 Lxx
504 334 507 346 ·
866 301 1137 370 'PRAO'PA'PUS
1159 299 1451 368 ufluouoalcl
1471 299 1691 368 mortus.

270 495 450 579 vinscriptio
472 496 520 561 sio
541 493 655 560 habet:
681 491 892 558 marimo
917 491 985 556 ciro
1016 490 1150 558 Occoldo
1179 489 1332 575 Maeonio.
1356 524 1397 536 -·
1426 487 1562 564 locanes
1591 487 1742 556 Calbim
1763 489 1821 570 pio
1848 490 1952 555 acori
1981 489 2013 555 S.
2057 489 2191 558 Scilicet
2212 492 2275 560 hoc

280 605 322 672 ed
342 606 578 689 praefationem
599 604 751 687 pertinet,
773 600 855 667 illud
877 600 957 667 olim
977 602 1014 666 in
1035 601 1239 686 autographo
1261 601 1415 685 epistolae
1433 599 1548 665 titulus
1569 599 1677 665 fuerat
1694 600 1859 667 Basileam
1877 599 2063 668 mittendae.
2101 600 2274 684 Simlerus,

280 715 401 799 alioqui
423 715 653 800 sagacissimus
681 733 792 779 rerum
813 713 1003 798 indagator,
1034 711 1076 777 ad
1103 711 1226 779 calcem
1250 714 1302 779 sui
1327 711 1523 794 exemplaris
1550 711 1631 777 haec
1654 712 1839 777 annotavit.
1867 711 1965 780 Hocce
1991 710 2118 778 Ccfcim
2143 716 2273 781 aemilio

278 832 381 892 motas
401 826 582 891 Baccrao
568 846 635 908 ipse
655 829 725 892 acta
746 825 890 907 colloquii
920 823 1156 890 Rutiaboacncis
1176 824 1303 889 secundi
1324 845 1354 890 c.
1381 827 1471 889 1548
1492 824 1597 889 edida
1642 820 1736 904 Quae
1757 823 1821 889 nisi
1843 822 2022 890 dormitans
2043 825 2184 891 scribere
2205 847 2274 892 non

281 938 398 1022 potuit,
420 957 521 1021 quum
543 943 681 1020 uterque
702 942 814 1019 aperte
831 936 998 1002 contraria
1018 933 1242 1002 declaraverit.

435 1047 643 1115 antorum
633 1069 700 1113 1am
721 1048 792 1133 ipso
814 1068 900 1112 anuo
924 1049 1006 1110 1546
1027 1047 1175 1112 Bucerus
1197 1046 1332 1112 brevem
1360 1044 1401 1110 de
1429 1043 1541 1110 eodem
1569 1002 1727 1132 colloquio
1757 1046 1948 1113 relationem
1976 1045 2122 1114 ediderat
2148 1047 2274 1116 duobus

281 1161 549 1247 quaternionibus
570 1159 761 1239 absolutam,
785 1158 826 1224 de
848 1177 911 1243 que
931 1156 1006 1225 vide
1034 1155 1143 1225 ensa.
1166 1157 1283 1224 Nccbr.
1311 1160 1400 1222 1719.
1424 1176 1454 1239 p.
1479 1159 1551 1222 209.

1245 1516 1308 1583 IX.

839 1657 1057 1740 Praefatio
1083 1658 1126 1739 in
1152 1656 1352 1741 libellum
1378 1658 1430 1741 do
1457 1658 1529 1740 Fr.
1558 1656 1717 1770 Spiera

436 1859 488 1926 De
519 1860 695 1925 Francisco
722 1856 840 1943 Spiera
866 1857 1086 1924 iureconsulto
1121 1856 1200 1923 italo
1234 1858 1262 1923 si
1295 1858 1391 1940 plura
1424 1856 1671 1937 desideraveris,
1703 1857 1800 1925 adeas
1831 1878 2029 1940 quaesumus
2057 1859 2270 1942 Herzogium,

282 1971 400 2038 Virum
419 1970 647 2049 clarissimum,
670 1971 725 2054 qui
747 1970 782 2035 in
803 1969 908 2036 lexico
929 1990 987 2034 suo
1009 1967 1120 2053 (XIV.
1144 1970 1215 2034 668.
1238 1968 1323 2052 sqq.)
1344 1966 1386 2033 do
1407 1989 1446 2034 eo
1465 1970 1568 2035 verba
1588 1971 1672 2036 fecit.
1718 1970 1787 2035 Nos
1809 1969 2015 2051 paucioribus
2042 1970 2104 2037 hoc
2132 1971 2203 2036 loco
2232 1992 2272 2037 ea

280 2084 460 2165 referemus
482 2102 564 2166 quae
586 2080 628 2146 ad
645 2079 876 2165 intelligendas
896 2079 1027 2147 Oalvini
1052 2081 1089 2144 in
1117 2080 1180 2146 hac
1207 2080 1344 2145 hutoria
1362 2087 1472 2163 partes
1498 2081 1603 2148 facere
1629 2091 1776 2166 possunt.
1832 2080 1981 2165 Degebat
2007 2080 2063 2147 ille
2088 2080 2208 2165 Spiera
2235 2084 2272 2148 in

280 2192 397 2280 oppido
417 2192 581 2260 Oitadella
599 2194 634 2258 in
655 2212 735 2278 agro
756 2192 928 2269 Patauino,
950 2198 984 2256 ct
1004 2192 1091 2258 circa
1113 2213 1141 2257 a.
1168 2194 1249 2255 1544
1270 2190 1410 2274 purioris
1432 2192 1595 2277 evangelii
1616 2192 1795 2259 doctrinam
1817 2192 1988 2276 amplexus
2009 2214 2087 2258 mox
2108 2194 2141 2258 in
2164 2215 2271 2260 sacer·

280 2304 394 2388 dotum
421 2304 637 2389 suspicionem
664 2305 757 2369 venit
782 2311 817 2369 et
845 2302 932 2388 apud
959 2301 1105 2387 legatum
1131 2303 1292 2369 Ioannem
1317 2324 1338 2368 a
1364 2302 1451 2370 (iasa
1477 2304 1708 2370 Florentinum
1740 2313 1910 2370 accusatus
1938 2305 2051 2372 amicis
2076 2304 2273 2390 quibusdam

279 2414 472 2502 urgentibus
492 2414 653 2483 Venetiae
672 2414 831 2482 concessit
851 2415 983 2479 veniam
1004 2414 1191 2509 petitmus.
1225 2413 1339 2480 Iussus
1367 2435 1387 2479 a
1417 2414 1526 2499 legato
1552 2415 1680 2500 publice
1706 2416 1871 2498 conceptis
1894 2416 2002 2482 verbis
2030 2417 2067 2481 in
2093 2417 2272 2501 municipio

280 2549 340 2605 suo
361 2525 460 2593 fidem
481 2526 616 2606 eiurare,
638 2525 814 2591 formulam
834 2526 1070 2610 praescriptam
1096 2546 1207 2592 coram
1235 2526 1379 2592 maxima
1405 2527 1527 2592 ciuium
1554 2536 1588 2592 et
1607 2527 1794 2593 ,vicinorum
1821 2547 1940 2594 corona
1966 2527 2129 2607 recitavit,
2159 2540 2272 2611 postea

280 2659 359 2707 reru
379 2637 556 2721 impietatis
583 2637 718 2705 horrore
745 2639 889 2721 percitus
916 2637 953 2701 in
979 2637 1208 2721 gravissimam
1235 2638 1338 2703 animi
1367 2637 1625 2722 desperationem
1657 2638 1785 2717 incidit,
1815 2646 1985 2722 atramque
2012 2638 2272 2719 melancholiam,

280 2757 378 2835 atque
397 2756 530 2833 peccato
557 2749 594 2814 in
618 2749 771 2832 spiritum
797 2755 950 2816 sanctum
971 2749 1142 2825 commisso
1169 2745 1362 2815 damnatum
1389 2769 1424 2815 se
1450 2746 1584 2816 dicebat
1630 2748 1718 2832 Quid
1747 2748 1875 2815 multa?
1916 2750 2093 2816 Patauium
2115 2749 2271 2817 devectus

279 2860 415 2928 medicis
437 2859 607 2928 vexandus
627 2860 858 2945 potiusquam
884 2859 1079 2954 reficiendus
1107 2857 1249 2930 traditur
1274 2867 1307 2925 et
1335 2859 1468 2926 tandem
1494 2860 1660 2928 diuturnis
1684 2861 1805 2927 mentis
1826 2860 2022 2928 cruciatibus
2049 2862 2215 2929 confectas
2243 2884 2271 2929 a

207 3016 209 3020 -
281 2970 475 3038 locedien
497 2993 594 3037 snum
616 2971 703 3038 obiit.
749 2972 821 3038 Iam
843 2978 920 3038 aute
941 2971 1012 3036 eius
1033 2980 1173 3051 mortem
1189 2970 1302 3054 plures
1317 2972 1561 3038 memorabilem
1579 2993 1693 3039 casum
1710 2970 1846 3056 dignum
1869 2972 2036 3039 habebant
2052 2993 2150 3056 quem
2167 2973 2273 3041 literis

280 3083 473 3151 mandatum
504 3083 540 3148 in
578 3083 697 3168 vulgus
736 3089 938 3169 spargerent,
971 3081 1028 3147 alii
1057 3082 1176 3161 latino,
1210 3082 1265 3147 alii
1298 3089 1390 3149 tusco
1423 3104 1571 3150 sermone
1604 3085 1665 3150 usi.
1723 3084 1816 3149 inter
1848 3105 1927 3169 quos
1956 3083 1997 3150 ad
2028 3104 2147 3151 manua
2178 3083 2273 3152 nobis

282 3196 417 3261 fuerunt
438 3194 490 3259 hi:
1636 3268 1637 3272 Ι

434 3306 549 3371 Primo
570 3305 640 3373 loco
662 3307 753 3371 venit
774 3305 904 3374 libellus
930 3306 1035 3376 forma
1062 3305 1200 3385 minima
1227 3303 1328 3370 nitide
1354 3314 1494 3389 quatuor
1521 3307 1786 3391 quaternionibus
1815 3308 1859 3390 (A
1863 3307 1951 3392 -D)
1981 3327 2165 3391 expressus,
2186 3307 2274 3373 inter
2305 3352 2307 3356 ψ

282 3411 418 3501 κειμήλια
439 3415 653 3484 bibliothecae
674 3416 954 3501 Guelferbytanae
976 3426 1174 3495 asservatus,
1197 3417 1290 3483 cuius
1307 3416 1361 3484 hic
1382 3427 1433 3484 cst
1451 3416 1579 3486 titulus:
2303 3481 2305 3485 .

434 3537 645 3594 EXEMPLUM
663 3537 834 3595 MEMORA-
853 3534 963 3603 famu
979 3536 1226 3596 ὓΕὸΡΕΒΔΤΙΟ·
1244 3525 1250 3614 Ι
1268 3537 1328 3595 NIS
1345 3538 1386 3595 IN
1403 3537 1603 3596 rameruco
1623 3530 1628 3614 Ι
1647 3539 1786 3610 SPIERA,
1812 3539 1978 3595 PROPTER
1998 3539 2058 3594 AB·
2077 3536 2083 3602 Ι
2101 3538 2273 3596 marran

281 3650 384 3707 ιιιιι
407 3641 413 3726 Ι
439 3648 725 3706 courusuouuu
753 3630 759 3736 Ι
787 3626 896 3711 (lum
921 3627 1180 3740 praefatione
1208 3626 1260 3710 D.
1287 3627 1358 3710 Io·
1384 3627 1390 3732 Ι
1419 3657 1538 3710 onms
1566 3628 1739 3712 Oalviui.
1768 3628 1774 3735 Ι
1803 3647 1958 3715 (aarum
1971 3648 2083 3716 pomae
2102 3664 2163 3707 cur·
2184 3664 2271 3717 puero
2306 3704 2308 3708 .

282 3790 308 3840 a
321 3785 435 3853 maro)
456 3777 461 3862 Ι
480 3775 729 3862 claraevall!
747 3785 821 3841 rua
840 3781 1012 3841 rosarum
1031 3778 1267 3862 ouamouul
1292 3782 1381 3840 roco.

434 3890 543 3953 Autor
564 3887 731 3953 relationis
751 3888 854 3971 ipsius
875 3907 974 3971 quam
984 3887 1105 3953 Noster
1124 3887 1304 3970 praemissa
1320 3888 1520 3970 praefatione
1537 3909 1597 3953 sua
1615 3887 1773 3954 edendam]
1792 3887 1948 3956 Generae
1966 3891 2093 3955 curavit
2103 3887 2271 3956 Heumcus

281 3998 401 4067 Suetus
421 3999 484 4064 fuit
505 3999 667 4081 professor
688 3999 913 4082 philosophiae
934 4000 1125 4065 Patavinus
1243 4063 1245 4066 .

434 4109 539 4175 Plura
554 4110 690 4192 praebet
704 4110 794 4176 aliud
816 4109 1007 4194 opusculum
1028 4110 1115 4193 quod
1135 4131 1177 4176 ex
1199 4109 1392 4176 bibliotheca
1409 4109 1918 4197 Propo-GrynaeauaBasiliensi
1936 4112 2102 4179 uobiscum
2122 4131 2271 4178 commu-

280 4222 404 4288 nicarit
424 4221 476 4286 vir
495 4220 693 4286 clarissimus
715 4231 749 4286 et
770 4223 953 4288 studiorum
974 4229 1160 4287 nostrorum
1179 4223 1329 4304 pluribus
1355 4224 1422 4287 iam
1448 4223 1562 4289 officiis
1588 4224 1755 4305 praestitis
1781 4224 1904 4307 optime·
1927 4224 2077 4306 cognitus
2105 4224 2212 4289 fautor
2232 4221 2269 4289 O.

280 4331 367 4399 Rud
389 4330 656 4416 Hagenbaohius,
677 4333 753 4398 olim
775 4334 833 4399 ccl.
856 4332 933 4400 Sub.
955 4332 1151 4400 Castalionis
1172 4334 1350 4417 proprium.
1391 4333 1496 4400 Ouios
1515 4334 1633 4401 titulus
1655 4335 1751 4419 paulo
1771 4333 1900 4419 longior
1919 4335 1966 4401 sio
1986 4332 2143 4401 decurrit:

435 4441 685 4509 PRANGISOI
713 4442 835 4510 SPIE·
853 4445 860 4528 Ι
877 4453 960 4523 ΒΔΕ,
985 4453 1047 4522 QUI
1070 4453 1167 4522 QUOD
1187 4454 1308 4510 SUSOFr
1328 4449 1334 4528 Ι
1352 4454 1444 4528 ptam
1465 4447 1566 4511 semel
1591 4446 1790 4530 Evangelice
1819 4446 1967 4511 ueritatis
1994 4464 2054 4528 pro
2072 4447 2078 4530 Ι
2097 4446 2272 4511 fossionem

280 4555 485 4640 abnegasset,
507 4553 765 4638 damnassemus,
785 4554 790 4640 Ι
809 4556 846 4620 in
868 4554 1064 4622 horrendam
1085 4555 1200 4621 incidit
1219 4555 1334 4639 despe·
1352 4557 1358 4640 Ι
1377 4557 1548 4636 rationem,
1568 4559 1572 4640 Ι
1591 4567 1770 4637 HISTORIA,
1788 4557 1793 4642 Ι
1813 4565 2273 4634 Aquamcrsunuisuirissunns

281 4666 336 4722 dds
353 4681 418 4722 con·
432 4665 437 4730 1
453 4667 565 4734 scripta:
585 4683 644 4720 cum
662 4666 762 4721 clariss.
781 4668 898 4722 uirorum
914 4667 1110 4733 Praefatioui·l
1125 4667 1185 4735 bus,
1207 4666 1290 4721 Caelii
1311 4666 1338 4724 8.
1360 4668 1390 4723 G.
1415 4676 1444 4723 et
1465 4669 1504 4725 lo.
1525 4669 1636 4736 Caluini,
1654 4676 1683 4723 et
1704 4668 1779 4723 Petri
1800 4667 1869 4722 Pau·
1883 4668 1888 4737 Ι
1903 4668 1923 4722 li
1939 4667 2226 4738 Vcrpcrildpclogia:
2244 4667 2273 4722 in

280 4761 376 4828 quibus
398 4759 501 4827 multa!
517 4761 569 4815 hoc
597 4768 719 4828 tempore
745 4762 813 4816 scitu
836 4759 916 4829 digna
940 4761 1066 4830 mardai-
1080 4761 1086 4829 Ι
1101 4763 1143 4816 rub
1167 4767 1324 4816 mactantur.
1341 4764 1484 4827 faecerat
1504 4779 1608 4834 quoquc
1628 4762 1748 4817 Martini
1764 4759 1898 4829 Borrboi,
1918 4763 1950 4818 dc
1966 4779 2027 4832 asti,
2042 4763 2047 4830 Ι
2062 4777 2140 4833 queas
2158 4760 2273 4831 sptem

280 4867 338 4918 aa
355 4864 511 4932 coemptum,
529 4868 586 4916 tam
604 4861 651 4916 do·
666 4864 671 4931 Ι
687 4865 778 4918 ocrim
800 4863 907 4932 offerat,
928 4862 1135 4933 traditricem!
1322 4856 1327 4940 Ι
1346 4859 1375 4920 2.
1409 4858 1501 4923 Petri
1528 4861 1556 4922 2.
1572 4867 1577 4933 Ι
1595 4865 1689 4919 Satius
1703 4864 1800 4928 [uacat
1816 4867 1856 4920 cic
1872 4882 1928 4921 nco
1941 4867 2098 4936 occubuisse
2113 4868 2190 4920 uiam
2207 4867 2248 4920 ia·
2266 4867 2270 4933 Ι

281 4966 381 5035 affice,
398 4982 480 5035 quom
497 4982 530 5019 cc
546 4967 662 5034 coquito,
680 4966 715 5020 ab
732 4981 762 5020 eo
780 4965 922 5020 &aarum
935 4967 941 5033 Ι
955 4966 1029 5037 qaod
1043 4966 1099 5021 offis
1116 4966 1249 5022 traditam
1266 4972 1312 5032 cat,
1329 4975 1422 5022 sancto
1437 4971 1443 5034 Ι
1452 4973 1605 5037 praecepto.
2143 5040 2145 5045 Α

434 5060 559 5126 Forma
578 5062 744 5127 octonaria
764 5060 881 5127 minor.
937 5059 1179 5143 Quaternioncs
1202 5061 1360 5129 tredecim
1382 5070 1424 5141 (a
1444 5064 1576 5140 a-m).·'
1607 5060 1753 5147 Pagiuae
1781 5070 1971 5149 numeratae
2002 5067 2058 5128 191
2091 5083 2192 5148 quum
2215 5064 2272 5130 de-

281 5169 397 5236 berent
417 5192 488 5237 esee
514 5175 583 5238 181.
628 5171 857 5238 Praemittitur
884 5171 986 5239 Ocelii
1015 5170 1158 5239 Secundi
1182 5171 1334 5238 Curionis
1356 5173 1396 5238 ad
1418 5194 1532 5238 omnes
1555 5174 1701 5237 veritatis
1724 5184 1883 5238 amatores
1904 5174 2078 5260 praefatio,
2104 5174 2183 5240 item
2206 5175 2272 5243 elia
