4584 5902
192 308 255 372 875
1044 303 1319 374 ORATIONES.
2125 303 2188 373 878

192 515 261 561 non
282 492 421 593 impellit
441 495 636 594 praeceptis,
655 514 816 593 summam
838 493 901 559 Dei
924 514 1004 593 erga
1024 515 1085 559 nos
1106 493 1162 559 be-
1214 494 1320 573 corde,
1342 494 1449 594 mites,
1471 494 1827 594 pacificipraecipere.
1872 492 1964 592 Quin
1981 472 2086 559 etiam
2102 513 2188 558 mer·

192 579 414 646 nevolentram
436 579 539 646 docet.
572 578 638 661 Qui
660 587 763 663 rgrtur
778 600 861 662 pure
881 589 915 645 et
926 599 1050 646 sincere
1061 600 1162 671 evan·¹
1215 578 1326 645 cedem
1353 581 1446 646 nobis
1473 587 1653 664 promittit,
1686 601 1788 664 quum
1815 579 1971 664 praemiis
1992 578 2070 646 ducr
2092 599 2188 644 nemo

192 665 317 765 goliam
337 665 548 764 interpretari
570 664 671 765 volet,
698 665 809 730 omnia
836 664 878 730 ad
899 666 982 749 legis
1004 672 1039 764 et
1059 684 1161 764 evan·
1215 664 1339 765 debeat,
1367 664 1425 730 sed
1446 665 1550 750 gratis
1571 686 1703 749 operam
1723 664 1802 765 dare
1823 664 1968 744 Christo,
1998 664 2104 731 solam
2126 665 2189 731 Dei

192 750 270 837 gelu
287 750 539 852 descriptionem
562 758 681 835 exigat
733 749 843 832 Quam
869 749 1162 851 tractandaratro·
1214 750 1353 835 glonam
1374 771 1538 834 quaerere,
1564 751 1648 850 nihil
1670 751 1843 817 formidine
1857 772 1990 851 ‘poenam
2010 759 2073 849 aut
2092 771 2188 849 geen-

190 835 1162 1006 thesauraria?,diffidatus
1214 835 1535 1007 zedim,
1549 837 1778 988 tartha
1793 835 2188 1021 ῗὲξὲῇῗιῗῖωᾛί

190 1007 404 1092 perditissimi
432 1007 598 1093 sophistae
627 1007 816 1088 incurrunt,
841 1009 898 1091 qni
934 1007 975 1072 de
1003 1007 1080 1072 lana
1108 1029 1162 1073 ca·
1215 1008 1268 1073 nis
1284 1007 1386 1074 labris
1408 1007 1500 1074 illam
1522 1006 1749 1092 degustammt,
1771 1009 1829 1091 qui
1850 1009 1887 1073 in
1908 1007 2082 1092 evangelio
2104 1006 2188 1073 nihil

190 1094 289 1178 prins
323 1099 480 1177 perpetuo
507 1092 725 1171 contendunt,
754 1093 921 1172 rixantur,
952 1093 1159 1158 altercantur.
1214 1101 1461 1176 promoverunt,
1482 1095 1549 1176 qui,
1572 1103 1610 1159 ut
1630 1114 1705 1160 cum
1715 1094 1821 1160 Paulo
1842 1093 1957 1171 dicam,
1981 1101 2138 1176 putantes
2154 1115 2188 1159 se

191 1178 285 1244 Nihil
297 1176 336 1244 de
347 1178 421 1257 fide,
443 1178 529 1244 nihil
546 1178 586 1244 de
604 1199 715 1244 amore
725 1179 800 1257 Dei,
822 1178 960 1244 nihilde
970 1178 1162 1244 remissione
1215 1179 1380 1262 sapientes
1412 1179 1506 1245 stulti
1534 1180 1613 1246 facti
1641 1187 1727 1246 sunt
1777 1179 1869 1262 Quin
1894 1180 2006 1264 potius
2032 1176 2189 1245 densissi-

190 1272 407 1348 peccatorum,
429 1264 514 1329 nihii
537 1263 577 1330 de
598 1265 720 1349 gratia,
747 1263 830 1328 nihil
859 1264 899 1330 ‹ie
921 1264 1159 1343 iustificatione,
1215 1284 1304 1328 mam
1326 1265 1419 1349 fugat
1439 1264 1630 1350 caliginem,
1659 1287 1720 1331 nos
1741 1266 1887 1332 tenebris
1906 1265 2039 1343 liberat,
2070 1273 2110 1329 ut
2135 1265 2188 1349 qui

191 1349 276 1415 nihil
297 1349 338 1415 de
359 1350 447 1416 veris
468 1351 620 1434 operibus
643 1349 816 1416 disserunt
851 1351 921 1416 Aut
940 1350 969 1415 si
990 1357 1079 1416 certe
1097 1348 1162 1416 dis·
1216 1349 1391 1433 aliquando
1413 1351 1557 1434 corporis
1575 1351 1685 1418 oculos
1706 1352 1844 1435 aperuit,
1866 1372 1955 1417 nune
1972 1352 2097 1416 mentis
2115 1372 2188 1418 ocu·

190 1443 314 1514 serunt,
336 1436 709 1513 omniacalumniantur,
732 1436 844 1501 omnia
865 1435 1070 1513 labefactant,
1094 1457 1163 1501 om·
1216 1435 1265 1500 los
1288 1458 1307 1501 a
1330 1436 1422 1500 erist.
1474 1436 1560 1501 Nam
1592 1457 1675 1521 quae
1697 1446 1871 1523 praecepta
1892 1458 1958 1502 non
1981 1437 2065 1503 eatis
2086 1436 2188 1520 expli·
2287 1496 2288 1500 ,

190 1520 248 1586 nia
268 1521 337 1587 suis
359 1520 495 1605 legibus,
520 1521 580 1588 hoc
602 1530 661 1599 est,
684 1522 870 1604 sophisticis
890 1528 1049 1588 coercent
1091 1522 1164 1586 Vos
1217 1528 1288 1585 cate
1346 1522 1394 1588 osi
1416 1522 1539 1605 scripta
1560 1533 1653 1599 sunt,
1681 1522 1839 1589 hocloco
1867 1522 2066 1605 explicatius
2088 1519 2186 1588 docet

190 1626 281 1691 rogo,
303 1615 464 1690 quotquot
485 1607 539 1673 hio
560 1607 690 1684 adestis,
713 1613 752 1671 ut
772 1607 833 1672 has
855 1606 1022 1682 haereses,
1046 1606 1106 1672 has
1128 1606 1164 1670 in
1216 1606 1332 1689 Itaque
1358 1608 1421 1674 hoo
1448 1609 1654 1693 evangelium
1683 1607 1767 1673 nihil
1792 1608 1968 1692 praecipit,
2000 1606 2061 1674 sed
2088 1609 2188 1674 solam

190 1692 300 1757 Deum
322 1692 549 1769 contumelias,
583 1713 750 1776 nunquam
779 1714 881 1776 aequo
910 1692 1019 1757 animo
1041 1692 1162 1757 ieratis.
1216 1689 1282 1756 Dei
1303 1692 1495 1772 bonitatem,
1523 1692 1782 1760 misericordiam
1804 1703 1837 1758 et
1858 1693 2017 1761 beneficia
2039 1695 2186 1778 exponit:

277 1775 344 1843 Sed
366 1776 455 1843 nnde
476 1777 623 1862 digressa
644 1786 703 1853 est,
726 1799 765 1843 eo
786 1778 901 1843 redeat
917 1786 1029 1843 nostra
1050 1777 1164 1842 oratio.
1217 1798 1255 1843 ae
1276 1779 1413 1861 nequis
1435 1781 1575 1845 miretur
1595 1778 1681 1863 quod
1703 1828 1928 1846 ........
1947 1782 1972 1862 ¹)

189 1861 381 1928 Videndum
403 1864 505 1941 nobis,
528 1883 571 1927 ne
593 1863 762 1929 Christum
785 1863 939 1930 hocloco
961 1864 1002 1928 ab
1024 1884 1164 1947 evange·
1648 1858 1654 1871 ’

190 1948 228 2013 lii
254 1948 381 2015 ratione
409 1950 576 2015 aberrasse
602 1950 843 2015 existimemus:
877 1970 956 2015 nam
984 1950 1164 2033 praeceptis

189 2053 288 2120 agere
316 2034 464 2113 videtur,
497 2043 535 2100 ut
562 2055 721 2118 pauperes
748 2036 850 2102 simus
878 2035 1014 2120 spiritu,
1049 2034 1165 2100 mundi
1286 2048 1316 2116 1)
1337 2050 1449 2108 cmo
1468 2052 1668 2108 amoenatur.
