4776 5844
226 272 281 339 ιιι
1005 269 1070 340 AD
1091 268 1435 342 wammam
2159 278 2219 343 162

222 471 339 549 genter
360 470 471 530 tamen
493 462 634 546 expendi
658 461 755 526 velim
776 460 1085 546 quomodoearnalis
1108 458 1193 524 diua·
1245 478 1374 542 eorpus.
1434 459 1501 526 Hid
1537 461 1654 528 saltem
1686 463 1841 531 euneedet
1871 464 1978 531 loeum
2012 465 2222 551 signifieandi

223 561 276 614 tur
296 569 368 614 esse
391 548 545 627 servitus,
575 547 626 613 vel
647 548 776 614 servilis
798 547 986 627 infirmitas,
1013 547 1109 633 signa
1136 565 1194 628 pro
1244 544 1353 610 verbe.
1398 544 1467 612 Neo
1488 540 1618 629 postulo
1639 558 1678 615 ιιι
1694 569 1821 617 saeram
1843 571 1977 617 eoenam
1999 573 2060 618 sua
2083 554 2221 620 vertare

224 655 257 699 re
279 634 391 719 aoeipi.
435 633 508 698 Nisi
530 635 618 698 enim
640 641 885 718 praeposterum
908 642 1002 711 esset,
1024 635 1120 717 signa
1142 652 1193 696 re·
1245 630 1422 696 exinaniat.
1472 631 1559 698 Nam
1592 633 1654 700 hoe
1687 635 1858 703 mendaoio
1886 637 1986 704 nimis
2017 637 2129 722 inique
2161 661 2222 707 nos

224 720 283 786 bue
303 721 451 796 miseere,
476 720 597 784 frustra
615 719 770 788 damnata
791 721 875 785 foret
896 719 977 784 haee
994 717 1191 802 superstitio.
1244 715 1445 798 simplicibus
1472 739 1588 784 exosos
1614 719 1732 787 reddit
1781 722 1924 788 Tantum
1946 723 2127 807 prudenter
2148 726 2223 792 volo

223 804 320 888 Quod
342 806 462 889 exeipit
482 805 714 889 Westphelus,
748 828 815 870 non
836 804 954 871 debere
976 816 1086 869 tamen
1109 803 1192 868 veri·
1245 798 1402 887 distingui
1430 803 1519 869 inter
1546 826 1616 870 rem
1643 813 1676 871 et
1704 807 1851 891 signum,
1878 816 1917 873 ut
1944 831 1965 874 a
1992 817 2124 876 terreno
2153 811 2221 877 ele-

222 900 323 956 tatem
345 912 366 955 a
386 891 489 975 signis
510 891 662 976 disiungi,
684 892 719 957 in
738 912 775 956 eo
787 892 954 957 nobiseum
966 890 1100 954 minime
1111 908 1154 972 pu
1178 924 1193 939 -
1244 896 1356 953 mento
1372 890 1407 953 in
1424 888 1551 956 eoelum
1571 891 1630 955 liat
1650 894 1816 960 transitus.
1861 895 2049 981 Porrigitur
2070 898 2163 963 nobis
2184 899 2221 962 in

222 985 288 1043 nst
323 975 635 1060 Obtenditquidem,
654 977 837 1060 sedparum
849 974 1043 1053 verecundo,
1066 909 1194 1058 quanio
1244 993 1381 1038 manum
1403 975 1512 1057 panis:
1540 995 1692 1043 veraoem
1719 1000 1790 1045 esee
1813 977 1986 1046 Christum
2014 982 2149 1062 seimus,
2183 991 2221 1048 ut

223 1064 301 1130 satis
323 1083 487 1146 superque
508 1071 620 1127 notum
643 1075 702 1142 est,
725 1083 843 1145 panem
860 1062 907 1127 ita
928 1061 1036 1129 veeari
1059 1080 1079 1124 a
1101 1059 1194 1126 nobis
1223 1098 1224 1101 =
1246 1079 1281 1123 re
1302 1059 1374 1142 ipsa
1395 1060 1549 1126 exhibeat
1570 1061 1655 1146 quod
1666 1072 1813 1141 testatur,
1837 1087 1955 1148 nempe
1966 1086 2084 1150 eorpus
2106 1089 2218 1135 auum:

223 1151 354 1234 signum
374 1147 518 1233 eorporis
540 1145 679 1228 Christi,
707 1156 745 1212 ut
772 1158 897 1214 tessera
924 1147 967 1213 sit
987 1165 1085 1212 verae
1107 1167 1193 1211 eom·
1245 1143 1303 1209 sed
1325 1165 1392 1210 non
1415 1146 1511 1211 aliter
1531 1167 1628 1229 quam
1656 1149 1686 1214 si
1713 1149 1777 1215 fide
1804 1170 1904 1235 supra
1925 1152 2087 1219 mundum
2108 1174 2219 1220 assur-

223 1234 467 1313 maaioationis,
497 1253 636 1317 veroque
663 1233 817 1299 exhibeat
838 1255 933 1317 quem
956 1235 1078 1316 figurat
1098 1230 1193 1315 spiri-
1245 1231 1361 1314 gimus.
1413 1231 1487 1297 Hoe
1508 1231 1637 1316 quando
1659 1234 1722 1301 nisi
1745 1237 1870 1321 figurae
1892 1237 1945 1302 vel
1968 1239 2055 1324 signi
2077 1238 2220 1305 admini-

224 1320 343 1386 tualem
366 1320 484 1386 eibum.
518 1319 634 1384 Manet
648 1321 774 1385 interea
795 1318 875 1384 illud
887 1321 1000 1397 fixum,
1022 1319 1056 1382 in
1068 1314 1193 1382 Christi
1244 1316 1316 1381 eulo
1337 1317 1408 1382 fieri
1430 1318 1552 1400 nequit,
1576 1340 1638 1402 quo
1658 1319 1730 1386 iure
1752 1321 1908 1389 reelamet
1929 1324 2148 1408 Westphelus
2166 1345 2219 1392 sa·

222 1405 608 1472 rerbissaoramentalem
628 1426 698 1471 esse
717 1405 869 1490 loquendi
886 1403 1031 1484 modum,
1053 1401 1110 1468 ubi
1127 1403 1193 1487 sig·
1244 1402 1296 1467 nis
1328 1411 1362 1467 et
1389 1401 1536 1469 eandidis
1573 1404 1749 1472 leoteribus
1781 1408 1931 1492 relinquo
1965 1409 2216 1477 aestimandum.
2319 1414 2324 1425 '

218 1513 302 1558 num
324 1511 344 1556 a
365 1512 401 1556 re
423 1492 493 1574 ipsa
515 1490 717 1576 distinguere
736 1491 905 1570 eonvenit,
938 1491 1002 1555 nisi
1029 1489 1101 1572 quis
1123 1509 1192 1552 ser·
1245 1487 1342 1552 Certe
1370 1503 1407 1553 ut
1432 1489 1555 1555 ιιιιιίιι
1577 1500 1702 1575 erepet,
1731 1513 1791 1558 nos
1818 1492 1854 1558 in
1882 1495 1983 1561 verbo
2010 1497 2037 1561 si
2085 1496 2219 1563 ifieandi

214 1576 329 1643 riliter
352 1577 430 1643 velit
451 1578 486 1642 in
504 1584 591 1641 terra
611 1577 797 1645 subsistere.
841 1575 939 1644 Unde
961 1577 1058 1642 etiam
1080 1581 1192 1658 aperte
1244 1574 1451 1658 Augustinus
1472 1578 1546 1655 [pag.
1565 1579 1620 1655 63]
1648 1574 1780 1644 indubie
1807 1579 1948 1646 adiuvat
1999 1583 2030 1646 A
2054 1581 2094 1647 de
2120 1581 2216 1666 quod,

208 1662 393 1746 eolligitur,
416 1664 487 1727 eius
509 1664 793 1746 interpretationis.
817 1683 915 1746 quam
938 1666 1013 1741 [pag.
1033 1666 1087 1740 ιο]
1111 1657 1192 1724 adeo
1244 1659 1271 1723 si
1293 1660 1329 1724 in
1351 1659 1475 1726 Christi
1502 1681 1667 1741 sermone,
1697 1663 1754 1730 ubi
1779 1682 1910 1729 earnem
1937 1685 2032 1731 suam
2058 1668 2155 1733 edere
2184 1676 2218 1734 et

210 1747 335 1815 aterbe
355 1748 736 1833 exagitetWestphalus,
758 1748 910 1814 idoneum
933 1748 1024 1813 nobis
1045 1765 1116 1811 esee
1134 1766 1192 1812 au·
1244 1745 1437 1830 sanguinem
1458 1745 1570 1812 bibere
1591 1747 1689 1827 iubet,
1718 1750 1860 1832 figurata
1881 1758 1933 1818 est
1954 1750 2108 1836 loquutio,
2131 1753 2218 1838 quod

210 1843 333 1900 torem.
379 1833 475 1916 Quod
487 1834 514 1898 si
536 1855 596 1900 nee
608 1833 801 1915 substantia,
824 1854 883 1899 nee
905 1833 1073 1927 praecipui
1095 1832 1191 1896 ellec-
1243 1830 1459 1915 Westphalus
1480 1832 1575 1897 lateri
1604 1834 1747 1917 eogitur,
1774 1832 1888 1901 eadem
1909 1846 1943 1902 et
1964 1858 2077 1903 saurae
2097 1859 2217 1905 eoenae

211 1929 272 1986 tus
294 1940 424 1999 eoenae,
445 1919 651 2005 significandi
668 1922 768 1986 verbo
789 1919 958 1998 tolluntur,
981 1939 1105 1985 novum
1126 1917 1192 1981 liti·
1243 1917 1326 1981 ratio
1343 1917 1523 1984 conveniet
1558 1918 1629 1983 lmo
1646 1919 1852 2004 significandi
1868 1923 2005 1989 verbum
2022 1923 2128 1990 multo
2146 1945 2216 1990 ma·

207 2006 320 2091 gandi
339 2007 480 2073 eolorem
498 2016 634 2089 quaerat
653 2007 752 2072 West
774 2005 879 2072 halus.
924 2006 1108 2083 Caeterum,
1132 2003 1193 2070 hoe
1243 2003 1293 2088 gis
1314 2012 1531 2082 mammeam,
1558 2024 1657 2087 quam
1678 2005 1817 2089 simplioi
1845 2007 2013 2074 doetrinae
2034 2009 2217 2092 aptandum

205 2112 287 2158 uno
315 2089 449 2157 minime
470 2099 652 2169 contentus,
674 2113 728 2157 mo
768 2093 837 2158 ieus
859 2093 996 2159 verbum
1018 2087 1193 2156 essentiale
1243 2089 1314 2154 erit.
1348 2086 1505 2173 Singulas
1525 2089 1665 2172 ineptias
1685 2091 1714 2156 si
1735 2112 1914 2176 persequar
1934 2093 2045 2160 nullus
2067 2095 2128 2159 erit
2146 2117 2215 2160 mo·

204 2178 350 2255 retinet,
372 2186 410 2242 nt
432 2179 526 2261 panis
543 2199 621 2243 vere
640 2188 673 2243 et
690 2178 820 2261 proprie
841 2176 967 2244 dieatur
978 2174 1104 2242 Christi
1122 2195 1193 2240 eer-
1243 2173 1317 2239 dus:
1339 2194 1444 2257 neque
1462 2174 1562 2240 etiam
1584 2196 1701 2258 operae
1722 2179 1864 2260 pretium
1881 2187 1940 2258 est,
1963 2180 2025 2246 nisi
2047 2180 2131 2246 forte
2142 2190 2216 2246 tan·

199 2282 295 2348 jaus:
323 2263 359 2328 in
387 2284 450 2346 quo
478 2284 552 2328 eum
581 2260 652 2328 dieo
679 2263 720 2328 ab
746 2264 925 2348 Augustini
955 2270 1062 2328 mente
1088 2260 1191 2326 disee·
1243 2269 1314 2324 tum
1336 2257 1488 2343 ponderis
1515 2259 1628 2326 subest
1654 2263 1724 2327 eius
1752 2264 1873 2344 verbis,
1900 2274 1940 2330 ut
1964 2273 2014 2329 tot
2034 2264 2215 2332 rationibus

200 2348 311 2427 «iere,
341 2350 411 2432 ipse
432 2359 539 2432 negat
585 2348 652 2414 Sed
676 2349 864 2415 testimonia
883 2347 1042 2434 quomodo
1064 2345 1190 2412 eludit?
1243 2345 1347 2410 edoeti
1368 2354 1401 2410 et
1422 2346 1564 2411 eonvieti
1585 2344 1724 2413 leetoree
1752 2348 1875 2415 nullam
1897 2370 1968 2416 esse
1987 2351 2127 2435 figuram
2145 2370 2223 2419 ore·¹

204 2436 296 2518 quia
318 2433 442 2500 seilieet
462 2454 527 2500 non
551 2433 693 2500 uitentur
714 2458 754 2499 ex
799 2435 919 2500 rolesso
931 2434 1054 2501 Christi
1077 2432 1190 2499 verbe:
1244 2430 1324 2496 dant
1344 2432 1380 2495 in
1402 2430 1463 2497 hoe
1484 2430 1597 2497 verbo:
1620 2432 1693 2501 Heu
1715 2445 1766 2500 est
1787 2456 1905 2519 eorpus
1926 2457 2046 2515 meum,
2069 2437 2147 2520 quia
2167 2437 2216 2502 ita

196 2518 291 2586 1100
316 2527 367 2585 ιιι
394 2539 511 2603 eorpus
531 2539 650 2584 meum.
702 2457 799 2602 Quid
812 2521 926 2599 refert,
956 2518 1051 2585 modo
1079 2528 1192 2585 autore
1243 2517 1437 2600 pronunoiat
1456 2518 1683 2602 Westphelus.

197 2607 407 2690 Augustino
428 2613 556 2671 οιιιιιιι
572 2604 666 2671 nobis
682 2607 767 2672 ratio
790 2606 998 2689 loquutionis,
1020 2604 1192 2673 Christum
1329 2600 1519 2686 Spiritualis
1545 2603 1753 2671 mandueatio
1783 2605 1830 2672 aio
1852 2628 1872 2671 a
1894 2607 1989 2673 nobis
2012 2609 2214 2692 proponitur,

191 2692 343 2757 noilieet
364 2691 500 2756 dixisse:
522 2691 596 2756 Hoe
617 2699 668 2757 est
676 2713 794 2776 eorpus
806 2711 924 2770 meum,
947 2712 1048 2776 quum
1060 2692 1190 2774 signum
1243 2695 1280 2752 ut
1296 2688 1565 2754 saeramentalem
1587 2690 1721 2756 minime
1743 2690 1844 2770 tollat,
1866 2691 2016 2759 modone
2035 2694 2131 2778 vagis
2148 2695 2216 2760 suis

188 2777 312 2844 ‹laret
331 2778 476 2860 eorporis
498 2776 576 2842 sui?
620 2777 693 2842 Iam
714 2778 771 2843 ubi
789 2777 985 2862 generaliter
1006 2777 1101 2842 deeet
1122 2778 1192 2843 Au·
1244 2773 1366 2840 deliriis
1387 2795 1441 2839 res
1462 2794 1627 2841 oonuexas
1649 2775 1784 2861 dissipet
1804 2777 2031 2861 Westphelus.
2066 2778 2133 2846 Sed
2154 2779 2226 2846 lea>

191 2863 386 2949 gnanus,
415 2863 586 2928 transferri
608 2862 648 2928 ad
671 2864 801 2950 signum
822 2882 944 2928 nomen
966 2863 1013 2927 rei
1035 2863 1193 2947 signatae,
1244 2867 1332 2926 teres
1353 2870 1465 2926 tenere
1487 2864 1765 2945 operaepretium
1786 2871 1837 2928 ιιι
1858 2882 2019 2946 quaenam
2042 2865 2123 2933 haeo
2144 2865 2216 2932 ohi-

192 2950 345 3034 quoties
374 2949 520 3014 extemis
542 2968 661 3014 ooenae
687 2949 845 3033 symbolis
873 2947 1064 3014 tribuuntur
1085 2948 1193 3014 earnis
1243 2966 1355 3012 maere
1376 2946 1432 3026 sit,
1463 2947 1709 3014 sauramentalis
1736 2948 1835 3015 huius
1857 2949 1935 3015 boni
1956 2950 2100 3036 theologi
2121 2972 2215 3017 man·

190 3043 247 3100 ot
270 3035 445 3184 sanguinis
466 3034 607 3110 nomina,
629 3035 664 3099 in
686 3055 786 3104 sensu
804 3034 989 3119 quaerendo
1006 3035 1079 3116 quis
1096 3055 1194 3117 regu·
1244 3031 1387 3110 ducatio,
1416 3052 1533 3116 nempe
1560 3031 1639 3098 dum
1667 3034 1826 3099 inereduli
1851 3036 1922 3100 sine
1948 3035 2028 3114 fide,
2056 3038 2127 3104 eine
2148 3036 2226 3103 ullo*

195 3117 285 3187 lam
308 3119 400 3185 ilem
418 3121 511 3203 requi
539 3118 687 3186 dubitet?
726 3119 897 3186 Frivolum
927 3129 977 3185 est
1002 3118 1191 3202 Westpheli
1244 3118 1375 3203 pietatis
1396 3138 1510 3197 seusu,
1539 3118 1665 3185 Christi
1692 3140 1809 3204 eorpus
1836 3126 1909 3201 [pag.
1929 3125 1983 3201 64]
2005 3123 2041 3187 in
2062 3131 2215 3189 ventrem

188 3206 390 3290 affugium,
412 3206 447 3270 in
469 3205 605 3287 epistola
633 3206 675 3270 ad
703 3206 866 3272 Evodium
895 3213 968 3288 [pag.
995 3211 1049 3285 ιι]
1077 3205 1134 3269 ubi
1156 3206 1192 3268 in
1243 3205 1458 3290 ingurgitant.
1509 3202 1733 3287 spiritualiter
1765 3226 1844 3271 vero
1873 3206 2043 3274 Christum
2074 3206 2224 3274 manau-2

193 3291 433 3360 &mamantis
454 3290 556 3357 tradit
565 3293 770 3376 Augustinus
791 3292 1024 3376 metonymiam
1042 3292 1194 3374 frequen-
1243 3292 1310 3355 eari
1332 3290 1489 3368 somniat,
1518 3290 1575 3356 ubi
1602 3311 1669 3355 non
1697 3290 1792 3357 modo
1820 3300 1937 3357 venter
1964 3314 2080 3376 eorpus
2105 3293 2214 3376 ipsum

190 3387 283 3444 tem
316 3395 355 3442 ae
383 3378 496 3442 tritam
522 3396 608 3454 esse,
638 3398 706 3443 non
736 3376 806 3443 fieri
834 3397 952 3443 eoenae
982 3376 1191 3455 mentionem,
1244 3375 1392 3460 deglutit,
1414 3373 1472 3441 sed
1493 3375 1603 3439 anima
1624 3376 1721 3440 etiem
1745 3377 1883 3460 pereipit
1904 3397 2055 3444 areanum
2077 3379 2213 3462 spiritus

184 3465 294 3550 quia
317 3461 381 3527 hoe
399 3461 496 3527 modo
517 3481 537 3527 a
559 3482 678 3548 genere
697 3462 739 3528 ad
761 3464 900 3546 speeiem
918 3463 1105 3529 ratiooinari
1126 3482 1191 3527 non
1242 3463 1393 3546 gratiam.
1438 3460 1506 3525 Nos
1533 3461 1633 3525 etiem
1660 3463 1696 3524 in
1723 3473 1925 3529 saeramento
1947 3463 2117 3547 Christum
2143 3484 2213 3529 non

188 3546 343 3618 liceret.
388 3546 486 3630 Quod
507 3549 541 3614 in
563 3549 838 3633 siguia'omnibus
860 3548 1098 3615 observandum
1122 3550 1191 3614 Au·
1243 3547 1307 3614 nisi
1329 3545 1544 3630 spiritualiter
1564 3545 1754 3612 mandueari
1774 3550 1964 3630 asserimus,
1986 3550 2063 3631 quia
2085 3549 2126 3615 ab
2154 3550 2212 3615 illa

279 3635 373 3700 tinus
393 3634 560 3718 praecipit,
583 3654 642 3700 eur
663 3657 729 3701 non
750 3635 791 3700 ad
813 3656 947 3703 eeenam
969 3634 1192 3701 aeeommode·
1242 3654 1351 3700 orasse
1360 3632 1515 3718 ingluvie,
1534 3652 1632 3715 quam
1650 3634 1826 3698 eommenti
1837 3640 1916 3699 sunt
1925 3635 2080 3718 papistae,
2099 3635 2213 3702 West-

229 3719 329 3789 itur?
354 3720 500 3786 Voeatur
528 3721 662 3821 spiritus
689 3732 821 3787 sanetus
847 3722 1007 3788 eolumba:
1042 3728 1191 3804 metony·
1243 3719 1360 3803 phalus
1382 3729 1492 3784 autem
1514 3719 1613 3782 nimis
1635 3717 1750 3801 eupide
1775 3721 1815 3785 ab
1844 3719 1909 3784 illis
1930 3719 2054 3793 lrarrrit,
2082 3722 2212 3804 pietatis

187 3810 301 3875 lniee
326 3804 387 3871 hoo
409 3805 526 3871 debere
548 3806 688 3890 intelligi
710 3808 917 3891 Augustinus
935 3806 1096 3886 admonet,
1115 3808 1192 3891 quia
1243 3804 1396 3871 abhorret
1422 3824 1547 3870 sensus.
1601 3803 1694 3869 Haee
1725 3813 1857 3870 nostrae
1884 3804 2051 3872 doetrinae
2082 3828 2213 3873 summa

186 3912 283 3961 lion
302 3912 430 3956 nevum
452 3900 511 3970 est,
534 3911 639 3974 neque
659 3892 809 3971 insolens,
833 3894 928 3977 signa
953 3914 973 3957 a
1000 3894 1097 3959 rebus
1125 3894 1191 3977 sig·
1243 3903 1301 3970 est,
1324 3911 1454 3957 earnem
1466 3889 1589 3956 Christi
1610 3909 1729 3972 panem
1747 3911 1817 3955 esse
1835 3891 2012 3969 nassum,
2035 3893 2112 3975 qnia
2133 3892 2213 3957 dum

183 3980 306 4047 natis
332 3997 449 4041 nomen
477 3978 631 4062 aeeipere.
680 3976 805 4042 Eodem
835 4001 966 4062 prorsus
995 3988 1045 4043 est
1072 4000 1192 4045 eoenae
1243 3976 1306 4044 fide
1327 3978 1363 4043 in
1385 3997 1457 4042 eam
1479 3974 1698 4054 ooaleseimus,
1720 3998 1797 4040 rere
1814 3977 2081 4044 animesnostras
2103 3978 2161 4044 elit
2180 3985 2214 4043 ιι

184 4066 310 4132 satio.
346 4064 430 4127 Eam
453 4064 574 4148 attingi
594 4063 685 4128 nullo
705 4063 802 4129 modo
824 4067 948 4147 patitur
964 4062 1190 4147 Westphelus.
1242 4064 1354 4148 pasuit.
1409 4063 1482 4129 Hoe
1517 4081 1582 4127 nen
1614 4061 1679 4125 nisi
1706 4062 1920 4145 spiritualiter
1951 4064 2022 4127 fieri
2049 4063 2211 4146 doeemus,

176 4150 283 4220 sod
303 4150 426 4213 mirum
448 4168 515 4213 nou
545 4157 596 4214 est
622 4160 689 4214 tam
715 4149 832 4234 frigide
853 4152 888 4214 in
918 4171 957 4214 ea
978 4172 1013 4215 re
1035 4149 1191 4228 eavillari,
1242 4151 1318 4233 quia
1342 4149 1440 4215 huius
1469 4167 1581 4213 saurae
1608 4147 1745 4211 unitatis
1773 4148 1941 4213 vineulnm
1964 4167 2083 4215 areana
2103 4162 2154 4217 ιιι
2175 4172 2212 4217 ae

178 4256 319 4324 quum
332 4235 430 4300 Pauli
451 4235 551 4300 verba
572 4235 668 4319 longe
691 4237 855 4317 proeaoins
876 4235 1007 4300 eludere
1029 4256 1103 4301 eum
1127 4258 1192 4301 non
1240 4233 1577 4317 incomprehensibilis
1619 4232 1752 4315 spiritus
1802 4234 1905 4299 saneti
1956 4236 2070 4301 virtus.
2138 4235 2212 4301 Hoe

178 4322 350 4408 pudeat
385 4320 475 4385 Dieit
496 4320 629 4400 Paulus,
651 4332 777 4404 petram
800 4340 882 4404 quae
903 4321 1060 4406 populum
1082 4323 1117 4385 in
1136 4321 1192 4386 de·
1241 4320 1336 4386 modo
1357 4333 1394 4386 ut
1416 4321 1550 4385 animae
1563 4325 1695 4382 nostrae
1710 4318 1902 4384 alimentum
1919 4342 1961 4384 ex
1972 4320 2097 4387 Christi
2114 4341 2213 4386 earne

178 4418 305 4477 terto
334 4407 550 4472 eomitabatur
577 4407 675 4473 luisse
696 4406 876 4473 Christum.
926 4407 1059 4472 Nullam
1090 4409 1191 4473 inter·
1242 4407 1436 4491 percipiant,
1470 4405 1609 4470 dieimus
1637 4423 1729 4469 saero
1748 4425 1867 4470 ooenee
1888 4406 2034 4489 symbolo
2054 4405 2212 4471 adiuvari

173 4493 439 4580 pretationem
457 4490 600 4556 admittit
609 4492 834 4575 Westphelus,
857 4493 933 4576 quia
944 4491 1097 4560 Christus
1114 4514 1191 4558 vere
1242 4492 1333 4574 Quin
1354 4492 1452 4558 etiam
1474 4489 1639 4565 addimus,
1669 4509 1704 4552 re
1726 4491 1796 4572 ipse
1816 4491 1945 4574 impleri
1967 4492 2042 4572 illio,
2064 4501 2098 4555 et
2119 4491 2213 4556 exhi·

170 4593 243 4648 ει
267 4580 403 4663 proprie
424 4578 604 4660 spiritualis
624 4587 692 4642 eret
714 4588 816 4662 petra.
863 4579 964 4663 Atqui
984 4581 1191 4662 perspiouum
1242 4577 1311 4643 beri
1333 4577 1418 4662 quod
1438 4577 1572 4641 Ioannis
1589 4575 1648 4639 Vt
1668 4575 1820 4642 Christus
1841 4577 2014 4659 praedicat.
2057 4577 2130 4642 Etsi
2153 4596 2213 4641 au·

177 4674 274 4744 est,
300 4665 368 4728 imo
389 4665 491 4729 eaeeie
512 4665 592 4748 ipsis
613 4664 783 4747 palpabile,
806 4685 872 4728 non
889 4666 998 4729 minus
1014 4665 1081 4731 illie
1104 4667 1192 4730 Pau·
1243 4676 1309 4729 tem
1343 4672 1438 4729 extra
1470 4661 1662 4726 saoramenti
1692 4682 1787 4727 usum
1820 4662 2033 4745 spiritualiter
2065 4667 2139 4742 [pag.
2159 4666 2213 4740 65]

177 4745 287 4818 lum
312 4748 353 4815 de
371 4758 507 4814 externo
523 4751 618 4834 signo
635 4750 731 4832 loqui,
755 4755 829 4830 [pag.
841 4756 895 4829 aa]
914 4772 1011 4833 quam
1024 4750 1191 4816 Christum
1244 4751 1376 4815 Christo
1398 4747 1639 4814 eommunieant
1657 4746 1776 4825 lideles,
1800 4755 1910 4832 aperte
1921 4755 2212 4826 tementestamur,

182 4839 256 4903 de
289 4857 391 4920 pane,
421 4834 477 4900 ubi
504 4834 595 4899 dieit:
629 4835 701 4900 Hoe
728 4845 778 4901 est
807 4855 925 4920 eorpus
952 4857 1071 4902 meum.
1125 4837 1193 4902 Neo
1244 4836 1424 4913 Christum,
1445 4833 1500 4915 qui
1522 4851 1657 4898 eoenam
1678 4834 1836 4910 institnit,
1865 4834 2040 4899 effioeeiter
2059 4854 2118 4917 per
2139 4852 2213 4898 eam

184 4939 300 4989 vero
322 4921 568 5003 alioquiflueret
588 4929 770 5002 contextus,
792 4922 1208 5006 ubiPaulusbaptismum.
1243 4923 1378 5004 operari.
1423 4917 1618 5002 Westphalo
1635 4918 1814 5001 spiritualis
1835 4917 2042 4984 mandueatio
2062 4917 2103 4982 ad
2124 4917 2222 4985 true·-

188 5017 374 5074 nostrum
403 5015 437 5070 ιι
463 5028 596 5072 eoenam
624 5006 788 5073 veteribus
815 5009 918 5093 signis
943 5020 1122 5092 comparat:
1155 5014 1194 5072 ιιι
1243 5017 1313 5072 tum
1342 5007 1503 5072 duntaxat
1527 5006 1762 5088 restringitur,
1781 5015 1818 5068 ut
1845 5004 1933 5068 salus
1955 5003 2081 5069 Christi
2107 5011 2213 5071 morte

188 5089 420 5176 Westphale
445 5113 648 5176 nequaquam
678 5093 818 5158 liberum
848 5096 891 5159 sit
916 5116 1052 5180 negare,
1080 5092 1192 5158 eodem
1243 5102 1336 5176 perta
1357 5090 1398 5156 ad
1420 5113 1479 5156 nos
1500 5091 1677 5174 perveniat.
1715 5089 1977 5168 Caeramentalis,
2000 5098 2040 5153 ut
2060 5088 2138 5168 dixi,
2160 5091 2213 5154 ni·

202 5199 323 5245 sensu
359 5186 485 5261 petram
525 5177 587 5244 diei
622 5177 806 5257 Christum,
846 5201 911 5262 quo
949 5181 1043 5264 panis
1076 5179 1194 5245 dieitur
1242 5178 1290 5243 hil
1313 5177 1401 5244 aliud
1423 5188 1486 5255 est,
1516 5197 1614 5260 quam
1642 5178 1750 5241 earnis
1773 5174 1897 5240 Christi
1925 5175 1962 5239 in
1989 5182 2139 5242 ventrem
2161 5175 2213 5240 in·

329 5279 439 5335 (ἴαιιιιιι
449 5296 543 5351 opera
580 5280 637 5336 Vol.
655 5280 725 5340 IX.
1975 5275 2007 5329 11
