4748 5798
91 253 150 317 401
834 248 1092 318 vanarum
1113 251 1343 321 annulus.
2020 265 2084 329 402

91 463 202 527 negas.
230 440 401 506 Reclamat
420 461 461 505 ex
482 443 627 524 opposito
648 440 783 523 spiritns
804 447 946 518 sanctus,
968 440 1062 504 illum
1114 442 1216 524 Atqui
1253 443 1405 509 docemus
1439 464 1481 509 ex
1517 444 1688 527 scripturis
1721 444 1832 511 Deum
1870 449 2088 518 essentialiter

93 528 218 594 Iehcva
240 527 420 591 nominans.
465 526 535 590 Iam
560 527 587 590 si
610 535 679 591 tota
700 528 842 592 essentia
858 534 909 590 est
937 527 973 589 in
995 527 1062 591 solo
1113 548 1218 591 uuum
1240 549 1324 594 esse:
1347 528 1484 612 ideaque
1505 532 1680 595 essentiam
1692 537 1759 596 tam
1771 532 1829 597 filii
1841 554 1938 616 quam
1951 536 2086 617 spiritus

90 623 198 698 patre:
222 613 274 677 val
293 622 330 676 tu
352 633 423 676 eam
446 612 630 696 partibilem
652 611 744 678 nobis
773 614 886 695 finges,
918 611 970 676 vel
998 613 1062 676 eri·
1113 632 1185 678 esse
1206 614 1394 698 ingenitam.
1439 613 1506 681 Sed
1528 624 1688 698 quatenus
1709 625 1802 701 pater
1825 618 1939 683 ordine
1961 621 2087 704 primus

91 702 158 783 pies
188 720 259 763 eam
289 698 363 763 lilio.
413 698 588 780 Utcunque
622 720 709 764 nunc
746 698 868 763 centies
905 697 1062 762 concedas
1114 705 1171 775 est,
1202 709 1297 782 atquc
1330 722 1371 766 ex
1399 721 1434 766 se
1464 702 1577 784 genuit
1609 723 1702 767 suam
1735 704 1941 786 sapientiam:
1971 708 2087 773 meritc

90 805 293 851 assuerum
308 783 425 858 Deum,
448 784 605 866 spoliatus
623 794 733 848 tarncn
751 798 811 848 sua
828 784 967 848 essentia
984 785 1061 847 titn·
1114 795 1266 850 censetur
1288 786 1485 869 principium
1507 794 1541 851 et
1563 787 1636 853 fons
1664 788 1765 853 totins
1794 789 1983 855 divinitatis.
2033 792 2088 857 Ita

90 871 167 935 laris
190 871 294 936 solum
322 872 384 933 erit
405 871 506 934 Deus.
550 870 615 935 Hic
641 868 773 933 attendo
801 890 923 947 rursus,
953 889 1062 933 annon
1115 871 1204 935 Deus
1226 870 1394 935 indefinite
1407 880 1457 936 cst
1467 873 1644 956 ingenitus,
1667 881 1700 938 et
1713 886 1807 958 pater
1817 877 1916 939 etiam
1928 896 2085 960 personae

91 955 331 1022 celassentiam
344 954 738 1032 divinamfiliodetrahat,
761 955 814 1019 vel
826 954 1062 1019 derivationem
1113 968 1262 1037 respectu
1284 956 1457 1040 ingenitus.
1481 957 1578 1038 Quod
1599 968 1708 1023 autem
1730 981 1772 1024 ex
1791 970 1903 1025 nostra
1924 964 2087 1030 sententia

91 1044 194 1124 partis
217 1062 237 1105 a
259 1049 326 1105 toto
355 1043 501 1118 somniet,
530 1043 675 1124 quisquis
703 1043 877 1106 essentiam
905 1042 939 1104 in
969 1048 1062 1123 patre
1113 1041 1264 1125 colligere
1286 1052 1319 1107 tc
1340 1052 1436 1124 putas
1459 1044 1720 1126 quaternitatem,
1743 1044 1804 1111 hoc
1821 1055 1871 1111 est
1888 1048 2012 1112 cerebri
2033 1049 2086 1114 tui

91 1128 160 1192 loco
190 1147 346 1209 personae
374 1127 552 1191 substituit.
602 1128 754 1191 Essentia
783 1127 848 1190 Dei
881 1126 1060 1192 secundum
1113 1137 1340 1192 commentum.
1388 1128 1552 1193 Gloriaris
1574 1128 1704 1212 quidem
1731 1131 1861 1197 coelesti
1887 1132 2085 1200 revelatione

91 1222 122 1279 to
144 1213 205 1279 soli
232 1213 317 1297 patri
345 1213 509 1295 competit,
537 1223 697 1295 quatenns
724 1213 794 1295 ipsc
822 1211 909 1277 solus
936 1222 995 1290 cst,
1029 1220 1063 1275 et
1114 1232 1255 1278 errorem
1278 1213 1337 1277 tibi
1359 1235 1429 1279 esse
1451 1214 1615 1278 traditum.
1649 1214 1752 1294 Quasi
1774 1218 1994 1300 vercignotae
2019 1220 2088 1285 sint

91 1307 140 1365 cst
161 1298 221 1363 filii
243 1301 443 1364 essentiatur.
466 1299 530 1364 Ubi
554 1300 615 1362 cn‘t
637 1297 793 1362 divinitas
810 1298 878 1374 filii,
902 1298 930 1363 si
942 1309 992 1361 cst
1003 1298 1062 1361 ali·
1113 1299 1206 1363 nobis
1238 1299 1374 1364 naeniae
1400 1300 1551 1382 magistri
1577 1301 1677 1365 vestri
1712 1301 1871 1381 Gribaldi,
1899 1324 1979 1386 quas
2008 1314 2085 1372 tuus

91 1384 168 1468 quid
202 1384 402 1450 abstractum
435 1405 453 1446 a
488 1385 550 1448 Dei
576 1384 740 1449 essentia?
777 1385 849 1448 Iam
878 1383 917 1448 de
944 1385 1061 1466 spiritu
1113 1380 1350 1468 condiscipulus
1363 1384 1525 1468 Georgius
1547 1384 1658 1449 sedulo
1680 1386 1745 1451 huc
1757 1387 1833 1453 illuc
1846 1389 1974 1454 curavit
1994 1411 2087 1472 spar-

91 1481 203 1537 sanctn
225 1469 302 1553 quid
327 1469 435 1535 dices?
474 1469 512 1535 Si
535 1472 622 1534 enim
644 1469 732 1534 solus
754 1483 846 1552 pater
868 1470 1063 1535 essentiator
1114 1470 1245 1553 gendes.
1300 1471 1385 1535 Nom
1414 1469 1469 1535 ubi
1496 1471 1605 1554 pinxit
1633 1472 1782 1555 figuram,
1810 1475 1847 1537 in
1868 1495 1931 1556 qua
1958 1485 2087 1557 patrem

91 1565 148 1636 est,
177 1577 243 1620 uon
266 1556 327 1621 erit
349 1556 529 1621 communis
551 1557 653 1638 patris
675 1567 708 1620 et
729 1557 788 1620 filii
813 1556 955 1637 spiritus.
1001 1554 1062 1620 Vis
1114 1558 1191 1620 facit
1209 1556 1426 1620 deificatorem
1449 1557 1507 1620 filii
1530 1563 1562 1620 et
1583 1557 1726 1637 spiritus,
1750 1559 1885 1623 alteram
1899 1561 2085 1627 nobisfalso

90 1661 263 1727 personam
292 1643 425 1725 spiritus
451 1641 533 1704 nihil
550 1640 638 1705 eliud
660 1663 740 1715 csse,
769 1663 866 1723 quarn
889 1640 1062 1705 derivatio·
1115 1641 1281 1725 etperfide
1294 1641 1456 1719 adscribit,
1479 1643 1571 1724 quasi
1584 1642 1765 1708 denentiae
1777 1645 1939 1728 fingamus
1957 1646 2086 1729 prodire

91 1747 167 1792 nem
179 1730 205 1812 ¹)
226 1749 246 1791 a
268 1729 374 1811 prima
395 1729 545 1804 essentia,
564 1748 648 1809 quae
669 1728 754 1810 patri
777 1729 834 1792 uni
852 1729 983 1809 propria
1003 1736 1061 1791 est.
1115 1748 1155 1790 ex
1184 1747 1251 1791 una
1277 1731 1418 1793 essentia
1444 1738 1512 1792 tres
1541 1748 1710 1810 personas:
1740 1751 1840 1812 quum
1865 1743 1975 1796 mmen
1996 1741 2086 1797 certo

91 1814 180 1879 Hinc
202 1814 260 1877 tibi
284 1813 530 1896 extorquebit-ur
552 1835 571 1876 a
593 1813 661 1876 solo
683 1825 776 1895 patre
803 1834 872 1878 esse
901 1814 1062 1897 spiritum,
1115 1815 1234 1878 certius
1256 1812 1307 1892 sit,
1330 1834 1398 1876 non
1419 1814 1609 1880 abstrahere
1629 1836 1687 1878 nos
1705 1836 1859 1897 personas
1875 1818 1915 1880 ab
1928 1819 2084 1884 essentia:

90 1911 123 1964 et
133 1920 307 1983 perperam
320 1899 461 1975 aPaulo,
485 1900 579 1962 Rern.
595 1920 662 1981 cap.
686 1903 705 1962 8
729 1905 773 1975 (a.
787 1904 820 1977 9)
843 1900 953 1964 vocari
970 1898 1064 1981 spiri-
1116 1899 1172 1962 sed
1194 1898 1342 1980 quamvis
1363 1901 1399 1962 in
1421 1921 1460 1964 ea
1481 1899 1652 1978 resideant,
1676 1904 1749 1979 [pag.
1769 1905 1821 1979 73]
1846 1900 2087 1968 distinctionem

92 1996 162 2049 tum
186 1991 261 2064 [pag.
285 1989 338 2063 71]
360 1983 495 2048 Christi.
538 1983 684 2049 Videsne
702 2001 741 2048 ut
758 1993 815 2049 tua
835 1985 949 2049 deliria
971 1984 1061 2066 quasi
1115 1984 1328 2066 interponere.
1362 1983 1436 2050 Hoc
1455 2006 1553 2050 sensu
1577 1984 1763 2050 individuos
1785 1986 2005 2052 Tertullianus
2028 2009 2085 2053 vc-

91 2070 287 2153 multipliecs
309 2071 414 2153 laquei
437 2079 469 2134 te
480 2070 657 2147 involvant,
681 2070 823 2153 adeoque
835 2070 1061 2153 strangulent?
1115 2080 1168 2134 cat
1181 2072 1206 2150 ¹)
1232 2078 1358 2153 patrem
1386 2078 1420 2134 ct
1451 2070 1565 2147 filium,
1588 2091 1655 2134 ncn
1688 2081 1798 2135 autem
1833 2079 1885 2148 (ιιι
1917 2084 1952 2135 tu
1984 2073 2086 2139 stulte

91 2156 140 2221 Ad
168 2157 249 2221 hacc
277 2157 304 2221 si
332 2176 504 2238 personam
532 2156 633 2237 patris
663 2157 864 2240 expuugisc
895 2156 1061 2220 trinitate:
1114 2156 1319 2239 imaginaris)
1343 2154 1518 2233 individua,
1541 2175 1624 2238 quae
1651 2157 1711 2220 sub
1738 2158 1844 2240 specie
1871 2158 2085 2240 comprehen-

95 2243 129 2307 in
162 2262 226 2324 quc
257 2263 276 2306 a
304 2241 369 2306 lilio
399 2252 431 2305 et
459 2242 574 2324 spiritu
609 2242 750 2317 differet,
782 2242 845 2307 nisi
873 2243 948 2324 quin
975 2243 1063 2307 solus
1115 2239 1244 2304 dantur.
1267 2241 1339 2304 'ribi
1362 2241 1600 2324 paralogismus
1610 2241 1672 2306 iste
1686 2253 1762 2306 tuus
1773 2242 1907 2307 arridet:
1931 2245 2085 2309 Essentia

91 2336 140 2393 est
162 2329 231 2410 ipse
252 2328 367 2393 Deus?
391 2328 520 2392 Fateris
533 2329 702 2393 Christum
724 2350 794 2393 esse
809 2330 928 2406 Deum,
951 2329 1062 2394 fitteris
1114 2327 1147 2390 in
1179 2329 1354 2410 semetipsa
1383 2335 1433 2391 est
1470 2348 1567 2391 verus
1601 2324 1709 2405 Deus,
1748 2328 1910 2411 quaelibet
1948 2350 2087 2411 persona

92 2425 223 2496 apetre
246 2413 390 2478 differre:
414 2414 558 2478 vicissim
581 2424 690 2477 notam
705 2414 845 2496 aliquam
859 2412 1063 2480 discretionis
1115 2412 1333 2477 essentialiter
1369 2421 1420 2477 est
1452 2412 1557 2477 Deus:
1591 2431 1669 2497 crgo
1700 2420 1750 2477 cst
1782 2415 1984 2495 quaternitas
2016 2435 2085 2479 non

90 2521 161 2565 esse
179 2508 314 2582 oportet,
333 2521 378 2563 ne
399 2508 493 2582 pater
514 2501 558 2563 sit
574 2500 670 2564 filius.
705 2500 1064 2582 Tuquumiucssentia
1115 2498 1253 2562 trinitas.
1299 2497 1403 2578 Quasi
1425 2519 1502 2563 vero
1524 2498 1719 2564 fabricemus
1742 2514 1808 2564 tres
1820 2501 1908 2564 Deos
1930 2501 2086 2567 conflatos

92 2607 163 2651 eam
180 2588 283 2669 ponis,
302 2606 412 2650 ncnue
431 2586 603 2650 manifeste
621 2586 655 2649 in
666 2585 807 2650 nihilum
819 2584 939 2668 redigis
950 2605 1062 2650 veram
1115 2605 1156 2648 ex
1178 2598 1293 2649 massa¹
1307 2585 1477 2661 essentiae,
1504 2586 1550 2647 ita
1570 2593 1608 2648 ut
1627 2605 1771 2666 quaeque
1797 2604 1938 2668 persona
1958 2593 2087 2669 partem

91 2671 215 2738 Christi
237 2670 400 2750 deitatem,
421 2693 505 2754 quae
526 2672 597 2737 sine
615 2672 757 2738 essentia
774 2692 845 2736 csse
862 2692 926 2735 non
945 2679 1061 2755 potest,
1114 2669 1257 2751 aliquam
1279 2670 1384 2735 faciat
1427 2669 1495 2734 Nos
1516 2689 1594 2735 vero
1617 2670 1722 2734 filium
1740 2671 1954 2735 essentialiter
1977 2671 2087 2736 Deum

91 2757 276 2841 etquidem
300 2756 411 2821 tcta‘l·
1115 2775 1186 2820 csse
1217 2756 1402 2834 asserimus,
1435 2754 1512 2837 quia
1544 2757 1660 2820 unicus
1693 2764 1743 2819 est
1774 2756 1829 2820 ille
1856 2757 1958 2834 Deus,
1992 2757 2087 2823 cuius

176 2843 248 2908 Nisi
273 2851 305 2906 tc
338 2863 471 2925 prorsus
500 2844 687 2907 excaecavit
715 2841 868 2925 superbia
900 2851 932 2905 ct
961 2842 1061 2917 furor,
1115 2839 1255 2923 simplex
1276 2852 1326 2905 est
1346 2843 1500 2906 essentia:
1524 2850 1691 2923 praeterea
1709 2847 1817 2905 autom
1840 2849 1990 2925 respectu
2011 2863 2088 2927 per·

92 2929 178 2994 disce
206 2928 381 3010 aliquando
411 2938 537 3010 patrem
564 2948 584 2991 a
612 2929 678 2993 filio
710 2950 775 2993 non
803 2928 969 3010 distingui,
998 2927 1063 2991 nisi
1115 2947 1213 2991 sonae
1234 2948 1254 2990 a
1273 2936 1365 3009 patre
1386 2927 1517 3010 genitus
1544 2936 1619 2991 est·
1648 2923 1685 2990 Si
1713 2938 1882 3008 separatae
1910 2937 2019 2992 essent
2045 2928 2086 2993 ab

91 3016 259 3100 proprium
281 3013 403 3096 aliquid
425 3013 544 3078 habeat
565 3015 598 3078 in
621 3036 665 3091 sc,
688 3012 773 3097 quod
795 3014 862 3078 filio
891 3033 1063 3077 commune
1114 3014 1256 3077 essentia
1277 3031 1441 3095 personae,
1464 3010 1640 3094 probabilis
1659 3023 1744 3076 essct
1765 3022 1821 3076 tue
1831 3013 2085 3094 argumentatio:

91 3121 158 3165 nou
180 3101 232 3164 sit.
277 3099 364 3179 Quid
385 3100 450 3163 iarn
473 3100 615 3182 reperies
640 3102 673 3163 in
690 3119 768 3181 ¹quo
797 3108 922 3184 patrem
949 3118 969 3161 a
996 3099 1062 3163 filio
1115 3097 1171 3161 sed
1195 3120 1294 3179 quum
1317 3099 1352 3161 in
1374 3118 1439 3162 uno
1462 3095 1534 3160 Deo
1556 3096 1708 3162 docemus
1733 3118 1804 3161 esse
1830 3109 1898 3162 tres
1921 3119 2086 3180 personas,

92 3184 296 3269 distinguas?
329 3185 404 3250 Non
426 3185 489 3250 erit
510 3194 597 3249 ecrtc
624 3186 772 3249 essentia
816 3185 902 3249 Nam
930 3184 958 3248 si
991 3205 1063 3248 earn
1115 3185 1263 3266 sequitur
1283 3196 1408 3266 patrem
1436 3203 1507 3247 esse
1529 3183 1647 3260 Deum,
1676 3189 1709 3247 ct
1737 3181 1854 3247 deinde
1883 3184 1987 3247 filium
2015 3203 2087 3249 csse

90 3270 344 3338 communicavit
364 3290 437 3346 cum
460 3272 536 3349 filio,
560 3271 611 3336 vel
633 3272 667 3334 in
689 3269 827 3335 solidum
843 3270 894 3335 vel
917 3279 1062 3351 exparte
1115 3269 1254 3333 eundem
1282 3270 1398 3334 Deum.
1441 3269 1633 3351 Praestigiis
1661 3277 1770 3332 autem
1798 3270 1863 3332 tuis
1890 3268 1994 3334 filium
2022 3269 2088 3333 Dei

89 3356 352 3422 communicavit.
397 3354 434 3421 Si
453 3377 494 3421 ex
517 3366 615 3438 parte,
640 3355 810 3420 dimidium
839 3356 931 3420 nobis
954 3356 1062 3420 Deum
1114 3353 1252 3420 fabricas
1272 3355 1497 3432 essentiatum,
1520 3361 1553 3418 et
1569 3354 1666 3417 simul
1679 3363 1788 3418 tamen
1803 3354 1924 3436 absque
1935 3355 2086 3434 essentia,

90 3444 238 3508 fabricas.
284 3440 452 3521 Quomodo
473 3444 560 3506 enim
582 3442 679 3525 plana
700 3441 861 3507 constabit
872 3439 984 3515 deitas,
1000 3441 1063 3505 nisi
1115 3442 1176 3505 uisi
1199 3441 1285 3523 qnod
1307 3449 1400 3522 pater
1422 3459 1514 3503 suam
1537 3438 1740 3504 divinitatem
1762 3439 1796 3503 in
1809 3460 1882 3502 eum
1902 3437 2086 3504 transfudit

90 3530 125 3592 in
146 3539 217 3592 tota
239 3539 273 3592 et
293 3529 435 3612 perfecta
449 3528 611 3593 essentia?
633 3529 706 3592 Hoc
720 3528 790 3606 erit,
814 3527 947 3601 scilicet,
967 3548 1060 3591 sitnm
1115 3528 1224 3609 Atqui,
1247 3527 1275 3590 si
1298 3546 1340 3588 ex
1361 3535 1464 3607 parte,
1486 3534 1554 3589 tam
1573 3525 1680 3590 lacera
1701 3526 1764 3588 erit
1792 3524 1953 3602 divinitas,
1981 3532 2016 3588 ct
2043 3545 2086 3589 ex

91 3614 248 3679 honorem
282 3613 359 3677 dare
390 3613 458 3679 filio
491 3615 564 3688 Dci,
598 3613 695 3678 deum
727 3612 896 3695 partialem
929 3613 1061 3695 fingere.
1116 3613 1331 3677 transfusione
1354 3620 1507 3692 sequetur
1528 3610 1708 3675 diminutio.
1754 3607 1792 3674 Si
1814 3611 1846 3673 in
1869 3619 1984 3688 totum,
2007 3629 2086 3693 crgo

91 3698 184 3764 sads
207 3699 292 3780 quod
316 3699 375 3763 hcc
397 3699 491 3763 modo
515 3701 613 3764 nimis
636 3700 771 3764 scelesto
795 3719 831 3762 ao
859 3697 951 3763 foede
979 3701 1062 3763 lace·
1115 3698 1271 3762 diviuitas
1293 3717 1377 3778 quac
1398 3705 1473 3761 ante
1495 3696 1601 3760 fuerat
1628 3708 1728 3778 penes
1756 3698 1892 3776 patrem,
1920 3697 1954 3758 in
1982 3695 2087 3760 filium

89 3794 182 3850 ratur
206 3784 268 3849 Dci
292 3787 440 3849 essentia.
485 3786 601 3850 Restat
624 3795 661 3848 ut
684 3785 771 3848 dicas
793 3786 966 3848 essentiam
989 3805 1062 3865 pcr-
1114 3804 1279 3862 conversa,
1302 3784 1336 3847 in
1357 3783 1428 3865 ipso
1449 3790 1540 3864 patre
1565 3781 1708 3846 evanuit.
1755 3779 1842 3860 Quid
1865 3781 2031 3863 obstrepas
2050 3783 2085 3846 in

90 3872 171 3936 fecte
193 3883 228 3933 et
249 3869 350 3934 solide
372 3890 576 3934 communem
598 3890 668 3934 csse
691 3871 791 3951 patris
814 3880 847 3933 et
867 3869 935 3934 filii.
965 3867 1061 3949 Quod
1114 3871 1309 3933 contrariam
1337 3878 1478 3950 partem,
1507 3887 1625 3949 susque
1658 3865 1760 3947 deque
1796 3864 1887 3931 nobis
1915 3876 1979 3931 est:
2009 3868 2086 3949 quia

90 3957 118 4021 si
147 3978 263 4025 verum
296 3963 354 4032 est,
387 3958 451 4019 iam
485 3965 571 4019 «certa
601 3956 706 4038 quoad
739 3957 843 4037 ipsam
875 3955 966 4018 nulla
999 3957 1062 4028 crit
1114 3964 1291 4037 agnoscent
1313 3953 1384 4019 sani
1407 3972 1519 4016 omnes
1540 3961 1573 4016 ct
1591 3952 1710 4034 integri
1728 3951 1874 4030 lectores,
1887 3973 2085 4034 consequen·

90 4042 224 4106 alterius
246 4041 286 4105 ab
309 4041 411 4105 altero
434 4041 593 4106 discretio.
648 4039 685 4106 Si
709 4039 911 4121 respondeas,
936 4049 1060 4121 patrem
1113 4041 1191 4104 tiam
1213 4041 1298 4104 hanc
1320 4048 1442 4105 certam
1464 4058 1533 4102 esse
1555 4044 1588 4102 et
1609 4036 1780 4101 solidum.¹

90 4133 164 4206 [pag.
194 4131 248 4206 72]
283 4127 488 4192 essentiandc
521 4148 654 4191 manere
684 4127 896 4190 nihilominus
928 4127 1059 4189 unicum
1198 4127 1285 4190 Hinc
1306 4125 1444 4190 solvitur
1463 4123 1565 4188 futilis
1588 4131 1645 4186 tua
1656 4121 1815 4202 quaestio:
1838 4122 1958 4188 Utrum
1971 4143 2083 4188 essen·

89 4214 207 4290 Dcum,
230 4234 330 4294 penes
352 4233 448 4294 quem
471 4212 513 4276 sit
535 4213 692 4276 essentia:
715 4209 868 4276 Christus
887 4213 1060 4294 ergcfigu·
1112 4213 1158 4277 tia
1181 4217 1254 4291 [pag.
1274 4215 1328 4289 74]
1347 4220 1518 4275 concurrat
1539 4210 1573 4272 in
1595 4208 1786 4284 trinitatem,
1797 4210 1824 4284 ²)
1839 4229 1897 4273 nec
1910 4229 1959 4273 ne.
1992 4206 2082 4274 Satis

90 4301 213 4363 rativus
248 4299 311 4362 crit
340 4297 437 4378 Deus,
473 4320 509 4363 ac
542 4299 648 4380 specie
676 4306 806 4360 tantum
835 4296 888 4360 vel
918 4299 1059 4374 nomine,
1112 4300 1200 4363 cuim
1231 4299 1349 4379 liquet,
1382 4315 1482 4376 qnum
1511 4301 1579 4357 tota
1611 4295 1654 4357 sit
1685 4295 1719 4356 in
1753 4294 1890 4378 singulis
1923 4293 2082 4375 personis,

89 4405 156 4449 non
184 4386 331 4467 reipsa:
359 4386 435 4465 quia
467 4385 539 4448 Dec
564 4382 645 4448 nihil
673 4383 778 4465 magis
811 4385 975 4464 proprium
1011 4393 1060 4447 cst
1112 4406 1176 4448 ncn
1205 4401 1404 4449 concurrere.
1450 4377 1546 4459 Quod
1571 4377 1648 4442 inde
1676 4379 1777 4444 infers
1805 4380 1984 4443 trinitatem
2012 4379 2081 4443 fore

90 4491 187 4552 quam
210 4489 296 4535 esse:
318 4471 411 4533 iuxta
432 4470 527 4534 illud:
561 4468 628 4549 Qui
651 4478 709 4547 est,
736 4469 823 4533 misit
850 4489 903 4533 me
932 4469 971 4532 ad
1001 4490 1059 4533 vos
1112 4471 1182 4534 sinc
1204 4471 1284 4547 Deo,
1307 4467 1374 4530 imc
1394 4484 1514 4528 vanam
1543 4473 1576 4528 ct
1602 4464 1738 4550 nullum,
1768 4485 1808 4529 cr
1836 4464 1949 4529 cadem
1976 4463 2081 4528 insul·

88 4553 209 4642 (Exod.
234 4557 347 4634 3‚1-1).
1112 4556 1207 4621 sitatc
1230 4573 1345 4619 sensus
1372 4551 1420 4614 tui
1448 4551 1605 4615 nascitur:
1634 4552 1710 4632 quia
1736 4552 1796 4616 etsi
1823 4571 1888 4614 non
1916 4549 2082 4614 concurrit

175 4640 271 4721 Quod
301 4642 514 4705 ratiocinaris:
556 4639 592 4706 Si
621 4648 713 4722 pater
742 4648 826 4705 essct
852 4638 1059 4703 individuum
1112 4640 1151 4704 ad
1180 4636 1427 4722 distinguendas
1453 4656 1615 4718 personas,
1644 4637 1702 4701 sed
1728 4637 1847 4718 absque
1874 4634 2080 4700 distinctione

88 4726 124 4790 in
146 4729 296 4803 essentia,
320 4748 384 4790 uon
406 4728 473 4791 fore
492 4726 593 4791 solum
614 4737 738 4808 patrem
754 4725 1059 4806 ntqneingenitum3
1111 4727 1207 4792 unica
1228 4736 1278 4791 est
1298 4744 1336 4788 ac
1357 4721 1504 4804 simplex,
1523 4743 1589 4786 non
1611 4732 1720 4785 muron
1741 4741 1898 4805 personae
1915 4720 1986 4785 sinc
2008 4720 2080 4801 ipsa

90 4811 124 4875 in
146 4832 185 4876 cc
207 4834 314 4877 crassa
336 4812 556 4888 hallucinaris,
579 4813 663 4894 quod
688 4811 866 4876 individua·
884 4811 943 4874 tibi
973 4832 1059 4874 som·

89 4898 199 4982 nias2)
220 4920 360 4981 quorum
383 4898 514 4982 singula
540 4909 667 4980 partem
694 4899 852 4963 essentiae
880 4897 1056 4960 obtineant.

1179 4964 1208 5029 1)
1227 4965 1268 5018 En
1286 4979 1317 5019 ce
1336 4979 1398 5018 sens
1416 4964 1447 5018 Τ.
1465 4962 1572 5031 appelle
1596 4962 1622 5016 le
1641 4962 1709 5015 Pere
1727 4967 1755 5014 et
1777 4959 1802 5012 le
1820 4960 1874 5013 Fila
1892 4957 2032 5024 individuo,
2049 4965 2080 5013 ct

1110 5050 1163 5087 non
1188 5049 1244 5102 pas,
1269 5049 1370 5087 comme
1399 5042 1427 5088 tu
1450 5032 1578 5099 unagiuss
1605 5037 1756 5109 sottement,
1783 5027 1914 5082 individue
1941 5026 2079 5096 comprins

160 5106 185 5174 1)
205 5123 240 5160 un
258 5107 378 5160 ruisseau
397 5104 442 5172 qui
460 5103 580 5157 deconle.
1062 5153 1065 5165 ,
1111 5118 1175 5157 scus
1192 5119 1244 5155 une
1263 5117 1370 5167 espace.

157 5174 187 5244 2)
206 5192 238 5230 en
258 5191 289 5229 cc
308 5188 359 5241 que
377 5181 406 5226 tu
423 5188 520 5242 penses
537 5171 600 5239 qu’il
616 5187 634 5240 y
651 5188 683 5227 en
702 5174 739 5227 ait
756 5172 822 5226 trois
840 5188 891 5226 non
910 5169 1017 5225 divisez.
1178 5168 1208 5237 2)
1227 5169 1342 5224 s’estend
1359 5186 1411 5239 par
1428 5176 1518 5225 tontes
1536 5169 1576 5223 les
1593 5167 1661 5221 trois
1679 5180 1836 5234 personnae.

198 5260 311 5315 Caluini
325 5276 416 5329 opera
454 5260 512 5314 Vol.
528 5257 583 5312 IX.
1819 5247 1854 5301 26
