4620 5828
154 215 215 278 497
927 211 1190 293 offuturum
1212 212 1376 286 COENA.
2093 220 2157 282 498

153 400 279 469 Christi
300 403 494 486 sanguinem
517 400 683 481 fidelibus,
711 403 767 486 qui
789 401 852 470 hac
873 401 945 488 lego
958 407 1128 486 ¹vocantur
1180 400 1265 480 sius,
1294 402 1417 492 inquit,
1451 401 1597 482 divinus,
1633 412 1667 468 ot
1692 405 1871 470 immortali
1900 405 1998 471 laude
2024 406 2154 494 dignus.

153 486 195 551 ad
216 486 367 552 militiam
379 486 515 569 Christi,
537 501 574 552 ιιι
594 486 1127 581 propriumsangninemfuudant.
1181 486 1265 568 Quis
1286 486 1406 573 negat?
1451 487 1518 554 Sed
1541 488 1617 573 quid
1639 489 1681 555 ad
1702 489 1793 555 rem?
1826 512 1954 574 nempe,
1976 491 2054 575 quia
2075 492 2156 558 scri·

153 571 243 653 Quid
272 572 349 638 inde
383 573 527 652 evincet,
560 574 625 640 nisi
658 575 851 659 sanguinem
881 572 1007 640 Christi
1034 572 1128 639 nobis
1179 573 1228 640 bit
1249 572 1418 639 Christum
1441 575 1542 640 fuisse
1563 575 1752 658 pontificem
1772 595 1833 660 per
1853 598 1949 642 suum
1972 597 2099 661 corpus,
2123 585 2158 644 at

153 659 226 724 dari
250 679 311 742 per
338 659 488 740 calicem,
518 661 616 726 sicuti
645 658 707 725 sub
736 661 829 743 panis
855 658 1003 745 symbolo
1032 657 1129 724 datur
1180 680 1239 743 per
1259 659 1346 724 idem
1369 660 1564 744 mysterium
1587 661 1680 728 nobis
1701 661 1873 728 tradidisse
1893 662 2046 728 dicendo:
2081 663 2155 730 Hoc

150 744 292 828 corpus?
342 743 412 811 Nec
437 767 516 811 vero
548 767 648 829 quum
681 745 759 811 alibi
772 748 795 828 ¹)
825 757 940 812 contra
968 746 1128 828 Aquarius
1181 754 1231 811 est
1251 766 1367 828 corpus
1383 766 1504 826 meum,
1527 756 1573 811 et:
1596 746 1662 812 Hie
1684 756 1736 814 est
1756 748 1834 812 novi
1857 770 1922 813 non
1945 751 2066 814 veteris
2089 760 2155 814 tes·

150 832 324 915 disputans
353 830 432 897 dicit
458 852 526 897 non
554 853 648 915 posse
678 830 782 905 uideri
810 831 976 896 vivificum
1005 829 1130 896 Christi
1180 831 1318 897 tumenti
1340 832 1489 916 sanguis,
1520 841 1669 899 constare
1697 854 1772 898 eum
1800 833 1840 897 dc
1866 855 1945 899 varo
1967 855 2100 918 corpore
2122 846 2156 901 et

150 918 349 1003 sangninem
370 938 441 983 essc
468 918 503 982 in
526 917 639 991 calice.
665 917 694 982 si
717 918 830 983 vinum
853 915 945 995 desit,
968 937 1031 998 quo
1053 937 1128 982 ean·
1180 917 1398 1001 sanguinein
1420 938 1520 983 coena
1536 917 1634 1001 loqui.
1667 919 1800 1003 Ergone
1821 919 1940 985 falsum
1962 922 2155 1004 sanguinem

146 1003 228 1088 guis
263 1004 333 1087 ipse
367 1001 566 1082 ostenditur,
600 1003 736 1076 obscure
767 1002 950 1069 doctrinam
982 1010 1129 1083 nostram
1180 1003 1410 1086 imaginamur,
1438 1007 1512 1083 [pag.
1531 1006 1585 1083 61]
1609 1003 1687 1069 dum
1710 1026 1868 1089 negamus
1890 1005 2011 1089 absquo
2034 1009 2155 1072 nefario

148 1087 334 1156 confirmati
385 1086 472 1168 Quid
495 1090 582 1154 enim
604 1099 655 1154 est
676 1091 871 1173 sanguinem
893 1090 971 1153 vino
992 1087 1129 1164 ostendi,
1181 1087 1320 1154 divortio
1349 1109 1443 1171 possa
1476 1088 1619 1173 disiungi
1652 1090 1733 1156 haec
1762 1090 1878 1156 verba:
1913 1090 2040 1174 Corpus
2069 1093 2152 1176 quod

147 1175 218 1241 nisi
252 1177 364 1240 viuum
398 1195 470 1252 esse
502 1175 529 1239 si
555 1196 633 1239 num
673 1175 722 1239 uel
762 1176 904 1259 figuram
936 1172 1126 1258 sanguinis?
1180 1195 1239 1256 pro
1259 1174 1352 1240 vobis
1374 1173 1530 1252 traditur,
1558 1173 1703 1260 Sanguis
1731 1176 1786 1258 qui
1813 1175 1963 1241 funditur
1982 1179 2018 1242 in
2039 1179 2154 1244 remis-

148 1261 262 1328 aienti
288 1259 387 1355 paulo
414 1270 487 1343 post
514 1196 602 1325 iiam
631 1260 762 1344 repetit,
791 1281 911 1347 aquam
937 1260 1039 1325 solam
1062 1281 1128 1343 non
1180 1259 1305 1325 sionem
1323 1260 1551 1343 pcccatorum?
1595 1261 1698 1327 Recte
1720 1283 1797 1346 ergo
1820 1261 2022 1329 Athanasius
2044 1285 2156 1331 conse·

147 1368 251 1432 posse
271 1346 454 1428 exprimere
477 1346 602 1411 Christi
629 1345 838 1429 sanguinem,
868 1345 928 1412 hoc
950 1355 1000 1409 est
1022 1345 1129 1429 desig·
1180 1352 1307 1412 oratum
1340 1345 1432 1411 nobis
1469 1367 1540 1411 esso
1573 1347 1768 1430 mysterium
1807 1346 1900 1414 docet
1931 1370 1990 1431 par
2022 1371 2154 1415 carnem

147 1453 243 1498 nare.
288 1432 391 1515 Atqui
411 1432 604 1516 sanguinem
636 1431 733 1497 simul
762 1431 839 1497 dicit
866 1453 936 1497 esse
963 1432 999 1495 in
1021 1431 1128 1496 calice.
1181 1432 1305 1498 Christi
1329 1442 1362 1498 ct
1383 1432 1586 1516 sanguinem,
1610 1453 1669 1496 noc
1691 1434 1799 1515 aptius
1821 1432 1996 1517 quidquam
2011 1435 2060 1499 'ad
2081 1457 2167 1500 son··

149 1519 259 1600 Quasi
277 1538 355 1583 vero
372 1516 483 1583 localis
503 1517 641 1582 inclusio
653 1538 797 1600 uuquam
809 1519 843 1584 in
855 1527 999 1584 mentem
1018 1526 1129 1582 sancto
1181 1540 1237 1583 sus
1259 1519 1361 1584 nostri
1385 1517 1634 1600 explicationem
1655 1517 1718 1584 dici
1741 1519 1859 1601 potuit:
1895 1520 1971 1602 quia
1991 1522 2053 1586 nisi
2076 1542 2156 1586 vera

148 1605 294 1688 martyri
316 1605 453 1680 venerit,
477 1603 592 1688 quiin
615 1603 675 1670 hac
699 1614 825 1668 tantum
843 1605 1033 1685 quaestione
1055 1624 1129 1667 ver·
1181 1625 1292 1682 carne,
1326 1615 1361 1667 et
1391 1623 1470 1668 vero
1498 1604 1659 1687 sanguiue
1687 1604 1855 1688 praeditus
1886 1615 1974 1671 osset
2001 1605 2154 1672 Christus

152 1700 257 1770 satur,
280 1710 321 1755 an
334 1688 420 1753 calix
435 1690 591 1773 mysticus
612 1710 696 1771 aqua
718 1699 843 1754 tantum
861 1689 992 1754 misceri
1014 1686 1130 1756 debeat
1183 1688 1279 1773 (quod
1303 1711 1406 1755 unum
1428 1689 1495 1756 illic
1517 1690 1639 1775 agitur)
1665 1691 1772 1755 inanis
1795 1700 1880 1755 esset
1900 1711 2020 1756 coenae
2042 1712 2153 1758 conso·

143 1777 197 1863 *ad
231 1774 543 1859 repraesentandum
576 1773 702 1842 Christi
731 1775 936 1859 sanguinem.
999 1773 1130 1855 Citatur
1180 1775 1293 1848 oratio,
1316 1797 1383 1858 qua
1404 1775 1492 1840 salus
1512 1775 1607 1841 nobis
1627 1776 1662 1840 in
1684 1774 1749 1840 illis
1771 1777 1935 1841 statuitur.

154 1862 239 1928 alius
261 1861 352 1927 locus
374 1859 415 1926 ab
426 1860 605 1926 Heshusio:
629 1860 799 1941 Quomodo
821 1860 988 1926 sceleratis
1009 1859 1129 1924 eucha-
1266 1860 1433 1926 Hilarium
1455 1881 1552 1944 quam
1572 1872 1781 1945 praepostere
1802 1861 1895 1926 nobis
1916 1861 2055 1941 obiiciat,
2079 1871 2155 1928 ante

155 1948 282 2014 ristiam
306 1945 398 2024 dare,
420 1946 455 2011 id
477 1956 535 2025 est,
563 1956 712 2012 sanctum
736 1946 861 2015 Christi
883 1967 1001 2029 corpus
1022 1945 1129 2028 prola
1182 1945 1318 2024 ostendi,
1341 1946 1396 2030 qui
1419 1945 1459 2011 de
1482 1946 1613 2012 vivifica
1635 1946 1761 2013 Christi
1782 1948 2048 2030 participatione,
2071 1970 2155 2032 quae

156 2055 235 2098 nare
258 2031 416 2112 audeant,
444 2054 545 2114 quum
572 2033 728 2116 scriptum
756 2033 813 2097 sit:
847 2031 913 2113 Qui
941 2029 1046 2096 ederit
1073 2041 1129 2095 aut
1181 2045 1352 2096 externum
1375 2053 1494 2098 coenae
1514 2054 1610 2098 usum
1634 2053 1700 2097 uon
1721 2033 1857 2117 flagitat,
1880 2033 1936 2100 sed
1958 2040 2154 2118 perpetuum

157 2115 276 2184 biberit
297 2116 440 2203 indigne,
467 2125 543 2184 reus
565 2118 628 2183 erit
650 2118 792 2201 corporis
814 2127 847 2182 et
868 2117 1039 2201 sanguinis
1060 2117 1128 2182 Do·
1181 2118 1330 2202 vigorem
1357 2116 1483 2183 obtinet
1510 2116 1737 2196 infidelibus,
1769 2130 1883 2202 aperte
1912 2119 2050 2185 disserit
2101 2118 2154 2186 Da

158 2205 248 2270 mini.
292 2203 365 2288 Ego
387 2225 465 2269 vero
493 2223 553 2269 nec
575 2204 671 2268 aliter
692 2205 809 2282 sentio,
837 2225 896 2269 nec
924 2203 1011 2268 soleo
1034 2202 1129 2267 aliter
1181 2225 1220 2268 ea
1241 2213 1341 2287 nogat
1359 2203 1545 2269 Heshusius
1565 2225 1600 2268 se
1626 2204 1815 2287 disceptare.
1865 2202 2030 2285 Quorsum
2053 2206 2155 2289 igitur

157 2291 251 2374 loqui.
297 2288 365 2356 Sed
386 2310 427 2353 ex
455 2309 518 2372 qua
546 2289 715 2355 dialectica
740 2288 854 2353 didicit
874 2289 928 2353 hio
943 2289 1055 2377 bonus
1077 2288 1129 2354 vir
1180 2289 1214 2353 in
1237 2311 1297 2355 uos
1318 2297 1449 2372 torquet
1470 2289 1539 2354 eius
1561 2290 1670 2368 verba,
1694 2291 2153 2373 quaeaoausaestatualiena

157 2377 276 2441 inferre
298 2397 340 2440 ex
361 2374 414 2440 his
436 2373 553 2453 verbis,
581 2373 727 2458 indiguis
749 2374 819 2443 dari
842 2374 966 2440 Christi
988 2394 1025 2439 co
1067 2373 1126 2440 us?
1181 2375 1280 2440 sunt?
1325 2377 1441 2458 Longe
1467 2396 1548 2440 vero
1573 2375 1748 2453 insulsius,
1777 2375 1862 2458 quod
1884 2376 1963 2441 dicit
1985 2398 2044 2442 nos
2066 2378 2152 2442 refu·

156 2459 267 2528 Dandi
287 2461 425 2526 verbum
443 2459 483 2525 ad
496 2461 726 2527 eucharistiam
738 2461 852 2526 referri
871 2480 983 2526 omnes
995 2460 1038 2536 ,vi
1062 2467 1128 2525 ent
1181 2462 1244 2525 tari
1271 2459 1334 2526 hoo
1361 2483 1428 2526 uno
1455 2460 1566 2540 verbo,
1596 2482 1729 2526 caruem
1751 2460 1876 2527 Christi
1906 2462 1965 2527 sub
1995 2462 2152 2547 mysterio

156 2547 194 2614 Si
216 2547 400 2633 promiscue
423 2546 638 2612 admittantur
655 2567 778 2624 omnes,
793 2546 1059 2696 1⁴profanationem
1077 2565 1128 2610 sa·
1180 2567 1240 2611 nos
1262 2547 1415 2628 accipere.
1466 2545 1570 2627 Quasi
1597 2550 1677 2612 vero
1699 2544 1770 2612 Sub
1793 2549 1962 2631 mysterio,
1992 2568 2059 2612 non
2081 2558 2153 2613 tan·

157 2635 202 2699 cri
229 2633 373 2716 corporis
402 2633 525 2698 iudicat
554 2631 748 2716 Cyprianus.
824 2654 847 2696 n
868 2631 956 2696 unde
987 2651 1128 2714 paeanas
1180 2631 1315 2697 tandem
1337 2633 1445 2698 valeat
1472 2641 1570 2716 atque
1592 2630 1896 2698 sacramentaliter:
1931 2634 2016 2716 quod
2039 2655 2154 2700 rursus

156 2720 216 2787 sibi
238 2718 405 2801 componit
426 2718 553 2784 Thraso
574 2725 695 2784 noster.
727 2717 816 2783 Alibi
840 2716 919 2783 dicit
940 2716 1128 2801 Cyprianus
1180 2737 1337 2800 perquam
1360 2719 1507 2801 apposite
1534 2718 1659 2785 dictum
1685 2727 1735 2784 est
1762 2719 1803 2784 ad
1827 2717 1993 2784 doctrinae
2020 2732 2152 2784 nostrae

156 2807 286 2889 impios,
314 2809 389 2885 [pag.
412 2809 465 2883 60]
498 2804 554 2886 qui
589 2802 728 2869 sordidis
762 2804 914 2870 manibus
939 2804 1129 2885 irrumpunt
1180 2805 1467 2869 confirmationem.
1501 2803 1629 2869 Verum
1650 2825 1693 2869 ne
1715 2804 1855 2869 stultitia
1873 2813 1999 2870 tantum
2020 2825 2152 2888 peccare

156 2892 196 2957 ad
218 2911 362 2968 coenam,
385 2910 503 2972 corpus
514 2888 640 2955 Christi
658 2888 823 2967 invadere,
842 2898 875 2955 et
896 2890 932 2953 in
953 2889 1129 2972 sacrilegos
1179 2890 1253 2972 quis
1284 2897 1391 2972 putet,
1427 2899 1608 2954 extremam
1641 2910 1768 2973 quoquo
1801 2889 1962 2955 malitiam
1994 2890 2152 2975 adiungit,

155 2977 228 3042 illos
249 2974 393 3061 graviter
412 2975 587 3054 invehitur,
610 2976 666 3058 qui
687 2974 907 3041 sacerdotibus
924 2982 1127 3054 succensent,
1179 2975 1264 3058 quod
1287 2974 1543 3041 dicamussolam
1556 2973 1761 3041 divinitatem
1783 2975 1876 3042 uobis
1897 2977 1933 3041 in
1951 2996 2053 3042 coena
2070 2975 2149 3040 dari.

144 3058 242 3146 ''quod
263 3084 330 3127 uon
351 3062 464 3128 statim
491 3061 644 3127 manibus
670 3061 850 3144 inquinatis
872 3062 1033 3144 accipiant
1060 3060 1128 3125 Do·
1178 3061 1233 3125 En
1261 3083 1320 3127 cur
1351 3061 1457 3127 solum
1485 3061 1573 3126 hunc
1606 3061 1713 3126 locum
1741 3078 1836 3145 posse
1866 3061 1908 3128 ad
1936 3062 2151 3127 dirimendam

155 3148 236 3214 mini
259 3169 385 3231 corpus,
408 3155 466 3213 aut
487 3168 543 3212 ore
563 3147 688 3229 polluto
699 3148 892 3231 sanguinem
911 3147 982 3212 eius
1004 3145 1125 3210 bibant.
1178 3148 1434 3213 controversiam
1456 3146 1607 3212 omnibus
1627 3146 1813 3212 satisfacere
1833 3148 2032 3229 pronunciet.
2133 3145 2136 3149 ’

155 3234 260 3315 Quasi
281 3255 358 3299 vero
386 3232 524 3298 antehac
551 3233 698 3316 ignotum
726 3234 827 3297 fuerit
852 3232 940 3297 hunc
961 3231 1127 3307 veteribus
1263 3230 1417 3297 Eundem
1438 3234 1473 3296 in
1495 3231 1625 3298 citando
1646 3232 1833 3315 Epiphanio
1855 3253 1890 3298 se
1909 3231 2028 3317 prodit
2072 3231 2150 3297 Dis·

156 3323 270 3385 tritum
291 3320 391 3385 fuisse
410 3317 562 3402 loquendi
585 3339 723 3383 morem:
747 3318 913 3402 autquasi
932 3338 991 3402 ego
1014 3318 1054 3383 ab
1072 3312 1126 3382 eo*-
1177 3326 1274 3402 putat
1295 3317 1351 3382 ille
1372 3316 1530 3400 quomodo
1548 3325 1675 3383 creatus
1696 3319 1739 3383 sit
1755 3318 1853 3383 homo
1870 3319 2052 3383 secundum
2069 3319 2150 3383 ima-

155 3405 229 3471 dom
251 3405 338 3489 stylo
356 3405 557 3483 abhorream,
600 3405 721 3470 uiaute
731 3403 966 3469 multosannos
987 3412 1021 3468 et
1037 3403 1127 3469 hunc
1178 3405 1288 3488 giuem
1311 3404 1383 3469 Dei.
1417 3402 1516 3485 ‘Quia
1548 3406 1576 3468 si
1610 3404 1649 3469 de
1689 3425 1821 3487 corporo
1854 3404 1915 3469 hoo
1946 3404 2149 3487 intelligitur,

152 3491 262 3558 locum
289 3498 323 3556 et
350 3491 489 3556 similem
517 3513 557 3555 ex
613 3490 754 3556 mbrosio
782 3491 890 3555 citavi.
943 3489 1012 3556 Nec
1036 3489 1127 3554 videt
1178 3512 1245 3554 non
1265 3490 1437 3555 conveniat
1458 3488 1640 3554 similitudo
1662 3491 1749 3554 inter
1777 3489 1902 3554 visibile
1925 3502 1958 3553 ot
1979 3488 2150 3573 palpabile,

152 3577 338 3643 Heshusius
361 3588 483 3659 quanta
505 3597 540 3642 se
562 3575 762 3642 absurditate
782 3576 943 3658 implicet:
977 3576 1053 3659 quia
1075 3596 1125 3640 sc·
1178 3584 1211 3640 et
1232 3578 1319 3640 inter
1340 3576 1492 3657 spiritum
1514 3574 1709 3640 invisibilem
1733 3575 2150 3657 atquaincomprehensibi·

152 3673 272 3746 quatur
297 3661 468 3727 Christum
496 3682 567 3726 esse
592 3660 768 3726 obnoxium
796 3660 924 3726 libidini
950 3663 1123 3743 impiorum
1177 3661 1252 3726 lem.
1305 3659 1341 3727 Si
1371 3682 1449 3726 vcro
1476 3660 1518 3726 ad
1545 3662 1688 3725 animam
1717 3662 1839 3726 referre
1861 3660 1996 3744 placeat,
2019 3659 2149 3743 longam

151 3759 185 3812 et
211 3749 400 3831 violentiae,
430 3746 560 3831 quando
588 3747 654 3813 illic
682 3768 809 3829 quoque
838 3748 916 3813 dicit
936 3746 1125 3832 Cyprianus
1178 3746 1365 3813 distantiam
1388 3767 1459 3812 esse
1481 3745 1635 3835 ostendit:
1659 3748 1744 3828 quia,
1768 3753 1805 3810 ut
1822 3746 1994 3811 cstmultis
2013 3745 2149 3810 infirmi-

152 3857 205 3900 eos
229 3835 296 3899 rim
316 3834 437 3899 inferre
459 3834 549 3899 carni
571 3833 640 3897 eius
663 3843 696 3896 et
718 3834 880 3917 sangnini.
1177 3834 1298 3899 tatibus
1320 3843 1353 3897 et
1370 3833 1460 3898 vitiis
1483 3830 1637 3909 obnoxia,
1666 3831 1821 3897 deitatem
1849 3833 1883 3895 in
1906 3854 1941 3896 se
1963 3853 2028 3896 non
2048 3833 2151 3897 conti-

225 3919 542 3986 .RecitatEusebins
562 3918 669 3983 locum
690 3940 732 3984 ex
743 3918 896 4003 Dionysii
907 3918 1126 3984 Alexandrini
1176 3927 1241 3984 not.
1288 3923 1361 3998 [pag.
1379 3925 1433 3998 62]
1452 3916 1626 3984 Concludit
1647 3936 1733 4000 ergo,
1753 3918 1870 3996 Deum,
1893 3919 1945 4000 qui
1969 3919 2150 4001 incompre-

152 4005 304 4088 epistola,
331 4006 389 4071 ubi
411 4006 459 4069 fas
481 4025 551 4069 asse
574 4012 672 4088 negat
693 4003 824 4069 initiare
847 4025 930 4075 novo
951 4004 1124 4088 baptismo,
1176 4005 1348 4071 hausibilis
1375 4010 1441 4082 ost,
1469 4024 1547 4068 vere
1575 4013 1741 4085 praestare
1768 4001 1853 4085 qnod
1884 4001 2071 4068 hominibus
2099 4024 2149 4069 se·

151 4092 205 4173 qui
238 4092 304 4156 iam
331 4091 428 4175 longo
459 4098 604 4174 tompore
637 4091 799 4174 particeps
828 4092 928 4155 fuerit
958 4091 1065 4156 carnis
1093 4100 1126 4155 et
1177 4091 1322 4157 cundum
1344 4091 1521 4174 imaginum
1542 4088 1689 4172 largitur.
1740 4088 1861 4153 Postea
1882 4089 1982 4153 adiun
2009 4089 2049 4152 ἰε
2086 4090 2150 4166 ,Et

151 4176 321 4261 sanguinis
339 4177 482 4255 Domini,
506 4185 540 4241 et
560 4176 720 4258 acceperit
742 4183 984 4242 sacrosanctum
1005 4176 1123 4242 cibum.
1177 4197 1273 4259 quam
1302 4175 1407 4241 multa
1433 4183 1512 4240 sunt
1541 4193 1560 4238 a
1588 4174 1747 4239 similibus
1776 4172 1929 4240 deducta!
2021 4175 2148 4238 idemus

150 4258 239 4328 Hinc
261 4263 478 4328 ratiocinatur
498 4261 700 4327 Heshusius:
729 4261 757 4326 si
778 4283 896 4345 corpus
925 4260 1050 4327 Christi
1072 4283 1125 4328 ac·
1176 4263 1264 4338 enim
1284 4271 1322 4325 ut
1343 4262 1504 4344 acceperit
1526 4272 1674 4328 servator
1695 4260 1731 4324 in
1741 4281 1858 4325 manus
1878 4282 1965 4338 suas,
1984 4261 2068 4326 sicut
2090 4260 2147 4327 ha-

150 4349 237 4431 cepit
257 4349 311 4433 qui
332 4349 373 4413 ab
393 4347 565 4413 haereticis
587 4346 768 4429 baptizatus
786 4348 901 4426 fuerat,
920 4347 1041 4430 absque
1059 4347 1124 4412 fide
1175 4349 1273 4414 betur
1294 4348 1330 4411 in
1349 4346 1534 4430 evangelio,
1563 4353 1601 4410 nt
1622 4347 1750 4411 steterit
1770 4347 1805 4410 in
1828 4367 1937 4424 coena,
1964 4355 1996 4410 et
2017 4357 2147 4427 accepe-

148 4435 252 4518 igitur
273 4442 307 4499 et
326 4434 527 4517 poenitentia
552 4432 685 4499 comedi.
736 4430 839 4513 Quasi
867 4452 945 4498 vero
971 4432 1055 4497 nihil
1082 4434 1123 4499 ab
1175 4434 1226 4512 rit,
1249 4443 1282 4499 et
1293 4442 1367 4518 post
1378 4441 1466 4499 actas
1477 4431 1599 4516 gratias
1619 4431 1753 4495 dixerit:
1775 4431 1868 4497 Istud
1880 4442 1930 4498 est
1946 4431 2007 4496 hoc
2027 4450 2147 4494 meum.

147 4518 318 4603 impietate
338 4519 468 4585 differat
487 4519 701 4603 incogitantia
719 4519 775 4584 vel
796 4539 895 4584 error.
1173 4517 1336 4584 Videmus
1358 4527 1467 4585 autem
1489 4515 1573 4601 qnod
1601 4538 1668 4582 non
1690 4518 1733 4582 sit
1753 4517 1886 4600 aequale
1914 4536 2020 4599 neque
2042 4513 2148 4579 simile

236 4604 278 4671 In
308 4626 371 4689 quo
401 4613 510 4671 autem
538 4604 669 4688 putavit
695 4625 730 4670 se
756 4604 934 4688 plurimum
956 4605 1122 4688 proficere,
1174 4605 1227 4670 vel
1248 4605 1383 4689 imagini
1402 4622 1585 4687 corporeae,
1608 4602 1659 4668 vel
1679 4603 1792 4686 deitati
1803 4601 1969 4678 invisibili,
1992 4600 2046 4666 vol
2062 4601 2147 4684 figu-

147 4693 176 4757 si
197 4699 346 4758 vetustos
368 4693 558 4774 scriptores,
586 4711 725 4772 quorum
751 4691 884 4755 nomina
909 4689 991 4755 falso
1012 4688 1123 4755 obtru·
1175 4690 1221 4757 ris
1240 4694 1470 4756 membrorum.
1505 4687 1580 4755 Hoc
1602 4689 1691 4753 enim
1714 4698 1764 4755 est
1785 4685 1962 4754 rotundum
1984 4693 2018 4750 et
2039 4684 2146 4768 quoad

148 4777 206 4857 dit,
232 4778 413 4860 magnificis
434 4775 589 4841 encomiis
607 4785 747 4856 ornaret,
770 4776 845 4860 plus
866 4796 964 4858 quam
986 4775 1123 4842 ridicule
1174 4776 1364 4841 facultatem
1391 4773 1587 4842 insensibile.
1638 4774 1753 4840 Voluit
1781 4783 1893 4839 tamen
1920 4771 2146 4855 pergratiam

146 4863 284 4948 ineptus
310 4869 368 4933 est
417 4861 536 4927 Plenie
562 4860 670 4928 buccis
698 4862 831 4928 detonat
856 4881 968 4928 eorum
994 4861 1121 4927 laudes:
1174 4860 1289 4939 dicere,
1311 4860 1405 4927 Istud
1428 4869 1478 4927 est
1494 4860 1556 4925 hoo
1577 4882 1696 4941 meum,
1722 4858 1870 4926 attidem
1892 4877 1989 4922 nemo
2011 4857 2148 4940 abrogat

148 4949 205 5015 ubi
227 4948 269 5013 ad
289 4969 359 5013 rem
380 4956 516 5014 ventum
538 4955 601 5026 est,
623 4946 733 5013 nudus
754 4950 927 5032 reperitur.
972 4945 1122 5012 Athana-
1174 4948 1325 5013 sermoni.
1369 4946 1534 5031 Numqui
1551 4968 1616 5013 non
1639 4944 1743 5013 credit
1763 4945 1871 5029 ipsum
1893 4964 1965 5009 esso
1986 4963 2146 5021 veracem,

1174 5034 1270 5099 sicuti
1294 5032 1449 5116 loquutus
1475 5040 1539 5112 est,
1569 5031 1691 5099 excidit
1711 5052 1732 5096 a
1742 5030 1858 5181 gratia
1876 5039 1909 5094 ct
1930 5027 2023 5094 fide.“
2069 5026 2147 5093 Sta·

218 5135 249 5204 1)
267 5135 355 5205 Epist.
372 5133 398 5206 2,
415 5135 462 5191 lib.
478 5133 504 5189 3.
1174 5126 1245 5185 tum
1267 5137 1383 5186 causae
1404 5126 1540 5186 teneant
1560 5118 1708 5185 lectores.
1771 5113 2149 5200 onteuditEpiphanius,

255 5219 366 5277 (heloim¹
379 5237 472 5291 opera
511 5220 568 5276 Vol.
584 5219 643 5274 IX.
1907 5215 1943 5271 82
