4620 5828
74 266 76 269 ’
123 265 187 330 tet
810 258 875 328 Du
897 256 1036 325 VERA·
1048 252 1444 326 PARTICIPA'I'IONE
2064 254 2125 318 488

122 473 176 520 ere
200 458 234 518 et
253 451 390 530 sonitus,
413 449 492 515 dum
507 447 634 515 Christi
655 446 757 513 verba
777 443 926 512 adsunm
950 444 1102 511 delirium
1152 446 1333 529 Aliquanto
1354 446 1581 531 etiammagis
1602 440 1780 529 insipidum
1800 449 1876 525 [pag.
1896 448 1949 523 41]
1976 442 2127 528 estquod

122 473 256 605 trahere
283 545 429 604 11111111.
479 532 688 601 Tantundem
720 530 909 612 rationibus,
936 552 1017 615 quas
1044 532 1100 596 fir·
1153 531 1245 596 dicit:
1268 532 1362 598 Nihil
1380 553 1440 598 nes
1461 532 1594 598 differre
1616 552 1636 596 a
1656 529 1801 615 patribus
1822 528 1929 614 quoad
1951 529 2127 596 manduca·

122 624 288 690 missimus
319 620 481 689 adducere
512 642 548 687 se
575 628 680 704 putat,
706 616 792 702 apud
819 638 916 683 sanos
942 617 1100 699 proficiet.
1153 619 1276 683 tionem
1297 618 1516 703 spiritualem:
1542 619 1621 701 quia
1648 616 1764 682 modus
1789 616 2021 683 vivificationis
2042 637 2128 682 unus

122 709 215 777 Dicit
244 710 280 774 in
313 707 418 774 veteri
450 714 645 773 testamento
672 705 783 770 omnia
808 703 898 788 typis
926 712 960 768 ct
984 702 1101 786 liguris
1153 712 1187 769 et
1207 703 1295 769 idem
1317 714 1376 783 est,
1399 714 1432 770 et
1451 704 1502 769 illi
1522 703 1714 769 tantundem
1732 711 1949 786 perceperunt
1969 710 2128 784 quantum

103 795 225 861 ‘fuisse
253 792 459 860 adumbrata:
486 793 523 857 in
548 798 783 867 uersantem
814 790 928 873 liguris
960 788 1099 865 abolitis,
1152 810 1221 855 nos.
1266 789 1356 868 Quid
1388 797 1498 855 autem
1529 789 1628 874 paule
1665 800 1741 853 ante
1774 787 1923 853 dixerat?
1967 787 2009 854 ‘Iu
2042 808 2127 853 novo

123 881 179 950 vel
209 880 318 964 petius
344 879 498 963 impletis,
526 878 634 961 ipsam
659 876 707 941 rei
729 876 902 941 veritatem
928 874 1099 957 praestari.
1152 882 1348 941 testamento
1369 895 1434 941 nen
1458 876 1594 941 umbrae
1614 895 1724 940 rerum
1746 875 1938 951 offeruntur,
1972 873 2030 939 sed
2046 873 2129 957 ipsa

123 965 179 1033 811
205 966 368 1032 sancita:
397 965 454 1031 sed
481 985 524 1029 an
544 961 622 1028 iude
647 961 779 1045 colliget
804 981 922 1044 aquam
945 959 1100 1043 baptismi
1151 961 1282 1039 veritas,
1304 983 1384 1028 vera
1402 961 1538 1036 iustitia,
1560 961 1628 1038 lux,
1645 959 1729 1036 ¹vita,
1751 982 1850 1026 verus
1866 960 2027 1044 pontifex:
2050 980 2128 1025 vero

123 1073 212 1131 vere,
233 1052 373 1135 proprie,
396 1050 528 1116 realiter
549 1058 584 1114 et
604 1046 863 1115 substantialiter
884 1067 955 1112 esse
972 1045 1100 1110 Christi
1151 1055 1185 1111 et
1201 1069 1266 1111 nen
1289 1049 1398 1133 typice
1421 1047 1580 1129 sanguine
1602 1044 1767 1111 stabilitur
1793 1046 1855 1111 hec
1882 1054 2127 1122 testamentum,

122 1136 339 1221 sanguinem?
395 1137 512 1221 Longe
544 1136 665 1200 rectius
697 1132 821 1199 Paulus
853 1131 938 1215 (Cel.
967 1135 997 1210 2,
1029 1131 1097 1214 18):
1151 1140 1184 1197 et
1210 1132 1357 1215 placatur
1383 1134 1435 1198 ira
1463 1133 1536 1198 Dei.
1582 1129 1671 1212 Quid
1699 1131 1868 1215 spirituale
1896 1151 1969 1197 esse
1995 1128 2127 1209 iudicat,

123 1223 179 1306 qui
229 1222 308 1287 dum
356 1243 473 1306 cerpus
520 1220 617 1286 hedic
666 1240 726 1303 pro
760 1218 940 1283 ⁴veteribus
984 1217 1098 1301 figuris
1150 1219 1213 1283 nisi
1236 1219 1419 1297 veritatem,
1442 1226 1476 1284 et
1498 1239 1608 1283 veram
1621 1219 1790 1295 iustitiam,
1813 1219 1929 1295 luceru,
1952 1224 1985 1282 et
1998 1215 2126 1281 vitam?

122 1318 272 1374 constare
299 1307 407 1386 docet,
437 1329 501 1372 non
528 1305 685 1389 intelligit
711 1304 815 1388 signis
836 1303 992 1386 compleri
1013 1299 1098 1386 quod
1149 1303 1248 1370 Nunc
1270 1304 1350 1370 haec
1379 1306 1489 1369 omnia
1513 1304 1586 1368 vult
1619 1304 1718 1368 fuisse
1745 1305 1931 1370 eommunia
1963 1303 2126 1385 patribus:

123 1401 204 1459 tune
236 1392 466 1459 adumbratum
499 1393 574 1457 fuit:
607 1390 663 1455 sed
692 1389 871 1455 Christum·
889 1390 997 1472 ipsum
1031 1396 1097 1453 sta·
1149 1388 1236 1472 quod
1269 1389 1365 1457 valde
1396 1388 1574 1456 absurdum
1605 1396 1671 1467 cst,
1706 1390 1734 1454 si
1770 1391 1902 1473 propria
1938 1399 2016 1454 sunt
2049 1390 2127 1455 novi

122 1480 204 1558 tuit,
232 1480 269 1544 in
296 1501 360 1562 que
387 1488 564 1562 quaeratur
587 1475 772 1543 substantia
798 1483 830 1540 et
854 1476 985 1542 veritas.
1029 1473 1098 1538 Ita-
1149 1476 1346 1541 testamenti:
1858 1523 1859 1529 1

123 1585 186 1647 que
220 1564 317 1648 paulo
356 1575 447 1641 ante,
492 1584 595 1646 quum
634 1561 771 1627 dixisset
808 1560 920 1628 fideles
958 1562 1098 1627 circum·
1236 1559 1303 1627 Sed
1325 1582 1367 1626 ne
1388 1561 1494 1645 magis
1516 1560 1691 1626 refutando
1714 1558 1911 1638 adversarie,
1940 1582 2040 1644 quarn
2071 1559 2127 1625 de-

123 1650 208 1716 cisos
241 1671 312 1716 esse
344 1651 379 1714 in
407 1649 541 1716 Christo
572 1647 816 1714 circumcisione
848 1667 931 1730 quae
961 1669 1028 1711 non
1061 1648 1099 1711 fit
1151 1645 1262 1712 condis
1289 1645 1464 1714 lectoribus
1490 1649 1637 1714 intentus
1659 1668 1730 1712 esse
1751 1646 1873 1726 videar,
1904 1645 2127 1712 1111111111-

122 1735 285 1814 manibus,
306 1757 384 1801 mox
406 1735 554 1818 adiungit
575 1734 674 1799 huius
692 1733 739 1798 rei
760 1733 880 1816 pignus
902 1740 937 1797 et
953 1734 1099 1798 testime-
1150 1753 1276 1812 moneo,
1299 1734 1410 1798 omnia
1430 1753 1506 1798 eum
1523 1742 1719 1816 pervertere,
1745 1733 1823 1798 dum
1834 1735 1869 1798 in
1881 1732 1976 1798 modo
1987 1733 2127 1798 mandu-

123 1824 217 1886 nium
239 1822 275 1886 in
297 1821 458 1905 baptismo
480 1821 581 1886 etiam
604 1818 829 1896 accederent
855 1816 959 1883 veteri
992 1838 1099 1884 saera·
1151 1818 1286 1884 cationis
1307 1828 1417 1901 patres
1438 1818 1531 1884 nobis
1553 1828 1686 1902 aequat:
1708 1819 1827 1901 quibus
1856 1820 1917 1884 etsi
1944 1819 2127 1884 communis

122 1915 235 1972 mente
256 1906 592 1985 novumrespendsat.
615 1902 685 1969 8111
706 1925 797 1969 more
810 1904 893 1969 citat
913 1904 1100 1969 Heshusius
1151 1902 1245 1969 nohis
1266 1905 1331 1969 fuit
1351 1904 1514 1981 Christus,
1537 1905 1673 1969 minime
1694 1911 1806 1970 tamen
1828 1904 1973 1988 aequalis
2000 1904 2127 1970 revela-

123 1994 320 2058 sententiam
332 2015 374 2058 ex
386 1992 524 2075 epistola
544 1990 585 2056 ad
596 1988 773 2069 Hebraeos,
796 1989 966 2056 sacrificia*
979 1990 1100 2055 veteris
1151 1989 1248 2055 tionis
1275 2010 1439 2055 mensura.
1483 1990 1617 2073 Alioqui
1642 2012 1766 2056 vanum
1792 1999 1878 2056 esset
1904 1988 2001 2055 illud:
2030 1991 2127 2056 Beati

122 2078 313 2144 testamenti
333 2079 477 2141 ἀντίτυπα
495 2078 594 2143 fuisse
615 2077 674 2139 11111
696 2074 858 2153 dinturnis:
881 2074 1010 2159 quando
1031 2075 1099 2140 illie
1151 2076 1235 2140 oculi
1264 2077 1320 2158 qui
1351 2075 1466 2141 vident
1496 2096 1579 2158 quae
1600 2097 1659 2142 ves
1685 2075 1960 2150 videtislhlatth.
1984 2075 2125 2159 13‚16):

122 2161 253 2241 1111111111
276 2175 436 2230 vocantur
461 2185 528 2228 nen
555 2182 656 2228 111111
682 2169 715 2225 11
739 2162 928 2244 baptismus,
951 2166 1025 2240 [psa
1044 2166 1097 2240 44]
1150 2162 1250 2226 Item:
1273 2162 1348 2226 Lex
1370 2171 1404 2225 et
1423 2161 1601 2247 prophetae
1624 2183 1728 2244 usque
1759 2163 1799 2227 ad
1821 2162 1993 2227 Ioannem:
2021 2165 2127 2247 gratia

123 2248 181 2315 sed
213 2270 303 2315 mers
341 2250 413 2332 ipsa
445 2259 479 2314 et
510 2247 705 2313 resurrectio
739 2245 872 2312 Christi.
923 2244 1100 2312 Confessus
1151 2257 1184 2312 et
1208 2247 1331 2312 veritae
1368 2269 1426 2329 per
1459 2247 1632 2313 Christum
1670 2249 1755 2313 facta
1786 2259 1836 2314 est
1865 2245 1995 2332 (Iouna.
2024 2257 2050 2328 1,
2078 2254 2124 2314 17.

123 2355 196 2400 sum
225 2335 292 2399 iam
319 2347 396 2400 ante
422 2336 457 2399 in
483 2354 584 2400 coena
610 2340 644 2398 et
674 2331 837 2414 baptismo
866 2331 962 2397 aliter
988 2333 1098 2397 offerri
1150 2332 1270 2398 Matth.
1287 2338 1334 2411 11,
1351 2332 1413 2418 13).
1442 2331 1481 2398 Si
1502 2334 1644 2416 excipiat
1664 2334 1712 2398 ita
1734 2355 1769 2399 so
1786 2333 1980 2417 intelligere,
2004 2355 2127 2418 quaero

123 2418 295 2486 Christum
317 2441 414 2503 quam
436 2421 471 2484 in
492 2419 607 2504 figuris
623 2416 796 2501 legalibus:
819 2416 878 2482 sed
889 2418 955 2483 nisi
965 2419 1097 2496 veritas,
1150 2417 1237 2483 unde
1259 2418 1438 2502 spiritualis
1464 2418 1691 2484 manducatio?
1735 2420 1822 2484 Nam
1849 2421 1877 2485 si
1904 2421 2028 2486 fatetur
2055 2443 2127 2487 esse

124 2505 166 2570 de
186 2527 252 2588 qua
269 2506 338 2572 illic
359 2502 689 2589 disputatapostolus‚
711 2503 1098 2586 altiusquaeritnrquam
1151 2526 1172 2569 a
1187 2504 1260 2582 fide,
1284 2505 1491 2570 manifestum
1503 2504 1678 2571 discrimen
1689 2505 1871 2589 apparet'in
1881 2505 1953 2588 ipsa
1965 2506 2126 2588 doctrina,

123 2591 157 2655 in
181 2591 403 2669 sacramentis,
425 2611 558 2674 prorsus
575 2595 757 2655 evanescet.
780 2590 872 2673 Ergo
889 2610 992 2672 quum
1007 2589 1098 2673 lega·
1150 2613 1192 2656 ex
1213 2611 1279 2674 qua
1297 2590 1444 2656 nascitur
1464 2589 1553 2657 fides.
1576 2590 1691 2672 Neque
1713 2592 1801 2656 euim
1819 2591 2128 2675 hicagiturquanta

122 2675 211 2741 libus
232 2674 357 2742 umbris
378 2675 555 2759 opponitur
565 2674 690 2740 Christi
711 2674 904 2758 praesentia,
928 2695 1098 2757 perperam
1150 2677 1193 2742 sit
1213 2674 1294 2742 fides
1315 2677 1351 2740 in
1373 2677 1521 2759 singulis,
1545 2676 1601 2741 sed
1623 2677 1729 2760 qualis
1750 2678 1849 2742 1111111
1870 2679 2128 2760 promissionum

122 2760 221 2826 idad
243 2781 375 2828 coenam
397 2762 620 2845 restringitur:
642 2781 743 2843 quum
767 2760 807 2825 de
834 2761 1098 2826 manifestatione
1150 2763 1232 2827 ratio
1264 2763 1324 2828 sub
1353 2761 1435 2847 lege.
1486 2761 1570 2844 Quis
1604 2783 1681 2846 ergo
1712 2763 1869 2828 latratum
1902 2763 2003 2828 huius
2036 2768 2128 2832 canis

123 2847 307 2927 1111111111,
335 2848 370 2913 in
390 2869 455 2930 qua
475 2847 624 2913 consistit
645 2845 762 2911 salutis
782 2853 912 2911 nostrae
933 2847 1097 2931 perfectio.
1149 2849 1243 2928 ferat,
1277 2847 1355 2913 dum
1382 2847 1540 2912 invidiam
1568 2848 1662 2914 nobis
1684 2850 1825 2913 conflare
1854 2870 1895 2914 ex
1917 2858 1961 2914 ‘eo
1989 2861 2129 2917 conatur

123 2934 300 3016 Atqueut
333 2933 507 2998 concedam
533 2932 658 2998 Christi
691 2932 909 3014 praesentiam
941 2932 1029 2997 trahi
1056 2932 1098 2997 ad
1150 2935 1227 3019 quia
1248 2931 1387 3000 dicimus
1407 2934 1565 3000 maiorem
1587 2955 1675 3000 nune
1697 2933 1773 3000 fidei
1794 2933 1901 3000 lucem
1922 2955 2004 3014 esse,
2029 2958 2128 3020 quam

122 3019 202 3085 novi
224 3020 411 3084 testamenti
434 3025 647 3096 sacramenta,
674 3026 761 3083 certe
789 3016 902 3084 eedem
930 3019 993 3083 erit
1019 3019 1098 3102 bap·
1150 3023 1185 3086 in
1208 3021 1307 3087 veteri
1331 3019 1471 3103 popule?
1494 3018 1617 3086 Obiieit
1639 3018 1810 3086 Christum
1827 3022 1996 3103 conqueri:
2020 3023 2129 3088 Filius

122 3103 212 3169 tismi
234 3114 268 3168 et
289 3125 408 3171 coenae
429 3104 520 3170 ratio.
565 3104 658 3169 Dum
685 3104 795 3186 itaque
818 3104 865 3170 sie
886 3104 1099 3169 ratiocinatur
1150 3106 1301 3184 hominis,
1329 3126 1430 3188 quum
1457 3105 1576 3184 veniet,
1604 3127 1648 3172 an
1674 3106 1819 3171 inveniet
1844 3104 1943 3171 fidem
1972 3107 2010 3173 in
2038 3116 2134 3175 terra

121 3188 318 3269 Heshusins,
1151 3193 1248 3273 (Luc.
1271 3196 1319 3270 18,
1342 3190 1399 3277 8)1
1422 3190 1589 3272 Quorsum
1611 3190 1681 3269 hoc,
1708 3192 1773 3257 nisi
1800 3198 1838 3256 ut
1863 3191 1925 3257 hoo
1950 3201 2134 3275 praetextu

1151 3300 1244 3343 suam
1277 3276 1541 3344 incredulitatem
1572 3277 1696 3344 absolvi
1726 3277 1830 3342 velit?
1874 3275 1928 3343 Sit
1955 3300 2037 3344 sane
2072 3281 2133 3347 ita.

740 3412 759 3425 ..
1150 3364 1225 3430 Non
1257 3363 1405 3429 inveniet
1436 3362 1590 3429 Christus
1621 3362 1719 3428 fidem
1750 3363 1787 3427 in
1821 3362 1912 3429 mille
1939 3364 2119 3433 Heshusiis

167 3410 269 3478 om
290 3417 335 3478 ⁶⁸²
354 3416 584 3477 mmmmm
607 3412 769 3495 wanffllll’
1150 3444 1256 3532 neque
1276 3450 1312 3515 iu
1333 3456 1404 3514 1111
1424 3449 1555 3514 illerum
1577 3455 1716 3514 caterve.
1766 3448 1887 3514 Ideone
1908 3448 2032 3516 falsum
2055 3418 2133 3533 [pagi

112 3580 114 3584 »
165 3496 406 3632 E'Qfequirll
429 3496 547 3564 Olrlsll
564 3498 785 3581 lmmml
1152 3539 1206 3616 46]
1229 3536 1293 3599 erit
1313 3535 1474 3600 Ioannem
1492 3534 1678 3618 Baptistam
1699 3535 1856 3599 maiorem
1877 3555 1948 3600 esse
1976 3540 2126 3605 omuibus

121 3638 184 3702 ego
207 3638 351 3684 vrcresrm
372 3637 503 3702 regere:
1149 3620 1333 3706 prophetis:
1365 3621 1437 3703 ipse
1467 3628 1578 3685 autem
1612 3620 1736 3684 Ioanne
1769 3621 1925 3686 maiorem
1953 3643 2042 3700 esse,
2074 3625 2123 3708 qui

166 3718 355 3801 Baptismus
376 3724 423 3785 &Si
443 3724 672 3785 sacrammtum
693 3719 855 3804 evanyelip',
1149 3708 1305 3772 minimus
1327 3716 1377 3770 Oflt
1398 3707 1484 3771 intel·
1506 3705 1667 3790 evangelii
1681 3725 1857 3788 praetionefl
1879 3707 1977 3786 (Lim.
1998 3713 2029 3788 7,
2049 3709 2122 3786 28)l

166 3803 252 3888 Erpa
272 3807 408 3887 requirit
430 3805 548 3872 chrisa
562 3807 783 3887 praeentiam,
1151 3792 1346 3859 Galatarum
1367 3791 1448 3857 fides
1469 3811 1535 3857 non
1558 3790 1652 3856 modo
1666 3791 1793 3875 exigua,
1816 3790 1873 3856 sed
1885 3794 2016 3874 proprie
2028 3797 2121 3860 suffe·

1150 3886 1224 3943 1111
1256 3885 1341 3944 eret:
1373 3877 1499 3942 Paulus
1527 3885 1654 3953 11111111,
1689 3898 1788 3959 quum
1811 3876 1987 3961 prophetas
2016 3880 2122 3963 pueris

209 3957 247 4023 81
269 3957 310 4024 ad
332 3980 426 4024 suum
440 3958 571 4043 asylum
592 3960 782 4039 transsiliat,
804 3960 841 4024 in
851 3960 1011 4042 baptismo
1031 3982 1098 4026 non
1150 3972 1323 4047 comparet,
1347 3963 1426 4029 dicit
1446 3962 1583 4029 Galatas
1605 3962 1728 4028 etalioe
1750 3961 1861 4028 fideles
1873 3968 1938 4029 iam
1956 3986 2025 4030 non
2047 3988 2122 4049 opus

122 4064 194 4110 esse
220 4042 360 4109 dietum:
382 4045 455 4110 Hoc
482 4051 532 4110 est
559 4065 677 4128 eorpus
708 4066 828 4124 meum,
857 4046 941 4109 nihil
967 4045 1028 4113 hec
1056 4046 1098 4112 ad
1150 4050 1271 4116 habere
1290 4048 1484 4132 paedagogo,
1507 4048 1662 4132 queniam
1676 4047 1877 4114 adoleverint
1887 4048 1979 4133 (Gal.
1998 4055 2028 4130 3,
2049 4053 2121 4129 itu?

122 4137 326 4215 praesentem
348 4150 489 4208 eausam,
513 4129 1098 4197 11111111111111111111111111111111111-
1150 4156 1268 4219 nempe
1295 4134 1461 4200 doctrinae
1494 4142 1527 4199 et
1558 4142 1836 4199 sacramentorum
1865 4142 2025 4217 respectu,
2060 4159 2123 4203 nen

122 4224 196 4280 tum
217 4214 252 4277 in
262 4216 384 4280 veteris
405 4225 438 4279 et
448 4214 524 4281 no'ri
541 4218 728 4282 testamenti
740 4216 935 4283 discrimine.
957 4218 1099 4283 Desinat
1150 4230 1261 4287 autem
1289 4220 1468 4286 homiuum.
1517 4220 1590 4286 Hoc
1621 4220 1657 4284 in
1685 4219 1854 4304 evangelio
1881 4222 2021 4303 profecit
2047 4224 2124 4291 haec

123 4302 227 4386 igitur
252 4300 361 4383 inepte
383 4302 522 4382 garrire:
545 4301 584 4368 81
607 4302 701 4385 panis
729 4324 848 4369 coenae
877 4303 926 4368 rei
952 4304 1098 4369 absentis
1150 4306 1288 4373 sericata
1304 4315 1337 4370 et
1348 4305 1504 4372 deaurata
1515 4307 1617 4384 simia,
1640 4305 1922 4371 utmonaehorum
1936 4307 1960 4390 ¹)
1978 4309 2124 4375 omnium

123 4395 174 4453 est
195 4386 388 4470 symbolum,
416 4407 487 4451 esse
513 4388 617 4471 igitur
643 4389 827 4473 symbolum
854 4389 975 4454 veteris
997 4398 1097 4455 testa·
1150 4391 1332 4459 barbariem
1363 4401 1502 4474 superet.
1556 4391 1660 4457 Porro
1697 4391 1732 4455 in
1765 4413 1822 4456 esu
1859 4393 1968 4458 carnis
2000 4394 2125 4462 Christi

123 4472 237 4539 menti.
293 4473 396 4538 Perre
418 4474 638 4539 meminerint
670 4474 809 4540 lectores
842 4476 1098 4541 controversiam
1150 4476 1310 4561 quomodo
1340 4478 1448 4561 potior
1473 4479 1524 4543 sit
1551 4486 1664 4542 nostra
1688 4497 1787 4559 quam
1813 4485 1946 4560 patrum
1973 4480 2125 4559 conditio,

122 4581 204 4637 esse,
232 4578 300 4623 non
326 4557 366 4622 de
388 4556 537 4623 absentia
562 4559 718 4641 qnalibet,
746 4560 804 4626 sed
837 4568 965 4626 tautum
991 4560 1096 4626 locali.
1149 4561 1276 4646 pridem
1298 4564 1434 4647 exposui
1455 4562 1579 4630 decimo
1601 4564 1707 4647 eapite
1728 4562 1846 4644 prioris
1869 4563 1910 4628 sd
1923 4563 2125 4633 Corinthios.

121 4644 239 4728 Neque
251 4644 338 4709 enim
350 4643 484 4709 Christo
495 4646 655 4727 permittit
664 4645 853 4713 Heshueius
869 4646 963 4712 nobis
973 4646 1096 4726 adesse,
1149 4649 1191 4714 111
1212 4669 1275 4732 quo
1297 4656 1407 4714 temen
1430 4650 1470 4715 ab
1491 4647 1902 4732 istislengedissentiequi
1925 4653 2126 4733 corporalem

49 4799 53 4807 ,
124 4731 190 4798 nisi
217 4751 253 4796 se
279 4729 430 4812 pluribus
456 4727 544 4809 locis,
572 4728 753 4814 ubieunque
780 4731 965 4797 celebratur
988 4753 1096 4810 coena,
1149 4733 1433 4800 manducationem
1457 4735 1631 4800 somnient.
1674 4734 1761 4800 Nam
1787 4736 1848 4799 etsi
1875 4756 1916 4799 ex
1943 4733 2126 4803 substantia

122 4823 329 4899 praesentem
350 4816 454 4881 sistat
494 4815 595 4882 Unde
614 4816 711 4881 etiam
733 4827 869 4901 apparet
896 4839 973 4883 eum
998 4819 1098 4883 nimis
1149 4821 1264 4898 carnis,
1287 4842 1370 4904 quac
1391 4828 1470 4886 tuuc
1487 4820 1632 4885 neudum
1649 4827 1728 4898 erat,
1751 4821 1984 4903 vitainspirari
2009 4824 2125 4906 potnit

123 4904 258 4968 confuse
279 4901 448 4978 balbutire,
471 4901 551 4966 dum
575 4904 792 4984 praesentiam
809 4905 928 4969 fructui
947 4904 1096 4988 opponit:
1150 4913 1187 4972 ut
1214 4905 1423 4974 manducatio
1455 4927 1532 4972 vere
1559 4905 1737 4989 spiritualis
1767 4913 1866 4985 esset,
1893 4907 2001 4989 qualis
2029 4908 2126 4974 hodie

124 4989 201 5070 quia
223 4999 395 5070 utrumque
416 4989 537 5071 optime
554 4988 718 5053 convenit:
741 4990 890 5071 quamvis
912 4990 981 5054 leco
999 4990 1099 5055 distet
1149 4992 1244 5058 nobis
1273 5000 1339 5058 est:
1359 4992 1488 5076 ”pignus
1513 5001 1624 5056 tamen
1651 4991 1722 5058 illis
1748 4991 1861 5058 datum
1889 4992 1954 5058 fuit
1978 4993 2124 5061 eiusdem

123 5092 146 5136 a
166 5073 259 5138 nobis
281 5072 442 5153 Christus,
462 5075 624 5140 immensa
640 5081 752 5137 tamen
768 5075 904 5156 spiritus
914 5076 966 5141 sui
978 5075 1098 5141 virtute
1493 5100 1498 5110 ·

120 5157 218 5222 uobis
238 5179 310 5224 esse
330 5167 547 5242 praesentem,
570 5165 610 5226 ut
630 5158 701 5226 eius
711 5178 786 5224 1111
801 5159 1097 5229 nobissitvirifica.
1221 5177 1251 5248 1)
1269 5179 1297 5234 la
1314 5177 1423 5236 racaille
1441 5177 1625 5248 desnoynes.

166 3325 371 3393 8111111111
389 3300 542 3410 accepsiti
555 3323 674 3392 Christi
685 3326 901 3407 maerentium
917 3328 1100 3409 requirant:
