4724 5886
840 302 1113 373 PRAOPA'PUS
1134 299 1427 383 meholalai
1448 299 1668 367 monae.

1040 749 1244 886 carun
1275 750 1441 834 xum.
1567 787 1568 790 κ
1640 671 1642 676 l

812 909 814 913 ’
902 953 1562 1052 ιιιιιιιιοιιι

387 1179 532 1246 Exstant
553 1178 653 1245 etiam
674 1176 852 1243 nonnullae
874 1175 1003 1243 Osirini
1026 1175 1132 1241 nostri
1153 1175 1372 1259 praefationes
1393 1175 1448 1241 vel
1468 1175 1610 1241 aliorum
1630 1181 1781 1240 autorum
1802 1173 1955 1260 operibus
1973 1173 2153 1257 *praelixam
2183 1169 2237 1236 vel

235 1290 339 1375 ipsius
358 1290 500 1373 propriis
521 1290 686 1356 laboribus
708 1286 899 1364 destinatae,
920 1308 1003 1370 quae
1025 1286 1093 1352 fere
1114 1308 1229 1352 omnes
1248 1309 1268 1352 a
1289 1288 1379 1353 Beza
1399 1288 1616 1353 (tractatuum
1632 1293 1667 1352 et
1677 1286 1902 1370 Epistularum
1923 1286 2052 1353 editors
2065 1283 2237 1368 neglectae

234 1409 323 1480 sunt,
346 1422 490 1485 quasque
513 1401 574 1467 hoc
596 1400 799 1484 potissimum
816 1397 889 1469 loeo
910 1397 1108 1466 inserendos
1121 1419 1194 1465 esso
1215 1399 1414 1482 putarimus,
1432 1398 1554 1481 partim
1575 1419 1618 1463 ex
1639 1399 1836 1482 archetypis,
1860 1398 1984 1483 partim
2005 1419 2048 1463 ex
2069 1395 2236 1463 codicibus

234 1513 467 1597 manuscriptis
488 1512 649 1580 collectas.
695 1510 747 1576 De
768 1510 822 1577 his
843 1511 995 1575 omnibus
1017 1509 1084 1603 iarn
1104 1531 1209 1593 pauca
1230 1511 1349 1593 accipe,
1373 1509 1529 1576 benevole
1550 1509 1661 1589 lector,
1684 1509 1866 1593 etquidem
1886 1517 2046 1593 exparte
2068 1525 2157 1576 nora
2171 1513 2240 1573 aut

234 1633 323 1692 certe
344 1625 455 1695 minus
475 1625 581 1690 trita.»
1836 1656 1837 1660 =
2003 1653 2005 1663 v

1222 1910 1248 1977 I.

521 2056 815 2140 Praefationes
860 2055 982 2138 duae,
1014 2054 1058 2136 in
1104 2053 1247 2136 Biblia
1288 2053 1447 2165 gallica
1495 2053 1801 2137 Neocomensia
1833 1993 1954 2136 'lose

387 2258 441 2324 De
468 2256 678 2323 celeberrimo
705 2277 802 2339 opere
828 2244 1014 2321 Bibliorum
1041 2277 1061 2320 a
1082 2256 1183 2320 Petro
1206 2253 1353 2341 Roberto
1376 2252 1550 2321 Olivetsno
1573 2254 1838 2333 Noviodunensi,
1867 2253 2002 2320 Caluini
2030 2254 2239 2345 cognatum

235 2369 387 2457 gallicam
407 2369 556 2454 linguam
578 2388 818 2446 conversorum,
840 2367 926 2452 quod
948 2388 1035 2434 anno
1048 2370 1128 2431 1535
1140 2368 1176 2432 iu
1199 2368 1273 2433 vico
1287 2365 1443 2432 serieres
1464 2365 1550 2434 dioto
1560 2387 1663 2451 prope
1673 2367 1875 2434 Neoeomum
1896 2367 2027 2433 aPetro
2049 2365 2237 2451 dsWingle

236 2502 395 2549 excusum
422 2478 557 2563 prodiit,
586 2478 686 2544 adeas
714 2480 759 2543 sis
786 2479 953 2563 singulare
980 2477 1184 2544 schediasma
1211 2477 1273 2544 Ed.
1302 2479 1449 2556 Reussii,
1478 2477 1582 2544 diario
1604 2478 1879 2564 Argentoratensi
1904 2477 2010 2545 Remu
2031 2478 2069 2545 de
2089 2477 2237 2575 theologie

240 2592 328 2680 (Ser.
350 2590 414 2656 111.
439 2593 529 2656 Γιοιι.
552 2590 616 2655 ΙΠ.
640 2597 675 2654 ιι
694 2590 755 2655 IV
778 2612 805 2655 a.
832 2595 913 2655 1865
936 2592 1016 2673 seq.)
1041 2591 1216 2671 insertum,
1246 2590 1303 2656 ubi
1324 2611 1535 2674 quaecunque
1561 2591 1604 2656 ad
1631 2590 1792 2674 originem
1819 2589 2015 2686 dignitatem
2037 2598 2071 2655 et
2092 2589 2240 2656 subsidia

237 2705 314 2771 libri
330 2701 603 2788 praestantissimi
625 2700 823 2768 declaranda
843 2703 1012 2785 pertinent
1033 2700 1145 2768 sedulo
1168 2702 1339 2785 disquisita
1360 2703 1541 2786 etcopiose
1562 2703 1737 2786 exposita
1727 2702 1885 2767 invenies.

392 2815 434 2879 In
455 2814 521 2880 illis
548 2814 658 2879 bibliis
688 2812 771 2878 duae
797 2813 953 2898 leguntur
974 2813 1108 2880 Caluini
1136 2814 1369 2897 praefationes,
1400 2811 1567 2880 alteram
1595 2815 1703 2880 fronte
1730 2813 1837 2898 operis
1864 2811 1984 2894 latina,
2013 2813 2118 2878 altera
2143 2803 2243 2912 ιιοιο

237 2929 448 2994 Testamenta
469 2927 648 3010 praemissa
670 2919 795 3009 gallica
839 2926 892 2990 De
913 2927 1023 3009 priore
1044 2946 1148 3008 pauca
1170 2924 1293 2992 dixisse
1315 2927 1395 2992 satis
1409 2925 1620 3007 habebimus,
1642 2927 1815 3010 posteriori
1837 2946 1916 2992 vero
1934 2926 2043 2992 varias
2065 2924 2106 2991 ob
2124 2917 2240 2991 causas

236 3038 428 3124 diligentius
450 3035 689 3102 examinandae
705 3035 803 3120 paulo
827 3034 951 3102 diutius
973 3037 1142 3103 immorari
1164 3059 1233 3103 non
1255 3039 1312 3104 abs
1333 3059 1371 3103 re
1393 3039 1464 3103 erit.
1515 3037 1693 3129 (laetorum
1720 3046 1892 3122 utramque
1921 3045 1999 3103 ante
2028 3035 2113 3102 diem
2142 3024 2245 3119 quar·¹

237 3160 310 3217 tum
330 3150 454 3216 mensis
475 3147 565 3214 Iunii
590 3151 671 3212 1535
695 3150 852 3234 scriptam
873 3147 974 3214 fuisse
993 3148 1071 3214 inde
1092 3149 1292 3234 colligimus,
1321 3148 1409 3233 quod
1435 3150 1497 3216 hoc
1519 3148 1571 3214 die
1592 3151 1820 3236 typographus
1840 3171 1922 3234 opus
1934 3171 2040 3241 suum
2062 3130 2258 3216 absolvisse·

239 3265 275 3328 in
296 3266 363 3328 fine
384 3259 564 3327 voluminis
585 3266 736 3326 testatur.
782 3259 910 3324 Verum
931 3282 994 3344 quo
1016 3268 1163 3345 tempore
1185 3268 1225 3331 et,
1240 3261 1296 3326 ubi
1317 3260 1467 3328 locorum
1488 3259 1648 3328 Calvinus
1671 3283 1725 3328 eas
1747 3246 1942 3342 eraravcrit,
1971 3257 2077 3349 neque
2098 3262 2167 3344 ipse
2190 3260 2239 3327 di·

235 3377 287 3451 cit,
310 3395 418 3457 neque
438 3371 573 3439 aliunde
594 3379 798 3455 compertum
815 3371 984 3438 habemus.
1029 3372 1182 3437 Fuerunt
1204 3374 1260 3457 qui
1281 3372 1344 3439 hoc
1365 3394 1448 3457 opus
1468 3373 1648 3457 perplures
1662 3394 1767 3439 annos
1790 3381 2021 3458 praeparatum
2043 3363 2144 3439 luisse
2166 3357 2243 3451 rati,

237 3488 400 3554 Nostrum
423 3505 560 3568 quoque,
589 3483 656 3548 iam
677 3491 854 3567 antequam
877 3484 988 3552 Gallia
1010 3483 1199 3565 excederet,
1227 3486 1263 3549 in
1291 3505 1329 3549 eo
1356 3485 1554 3552 elaborando
1581 3494 1692 3570 partes
1720 3486 1846 3581 aliquas
1867 3487 1972 3571 egisse
1994 3483 2239 3583 oentenderent,

240 3598 416 3680 Utcunque
438 3605 549 3662 autem
570 3594 652 3661 illud
674 3596 843 3679 probabile
864 3598 916 3675 sit,
940 3596 1002 3662 hoc
1024 3597 1118 3662 nobis
1136 3618 1173 3662 re
1194 3596 1295 3679 probe
1317 3617 1461 3680 expensa
1482 3596 1619 3663 minime
1640 3596 1889 3682 persuademus,
1909 3618 2017 3698 neque
2034 3583 2124 3664 ultra
2141 3574 2245 3709 modo

237 3710 362 3777 dictum
384 3731 509 3776 annum
531 3707 785 3794 regrediendum
808 3728 879 3773 esse
900 3707 1086 3792 putamus
1076 3729 1113 3772 ιι
1135 3707 1330 3774 definiendis
1358 3710 1532 3792 utriusque
1552 3709 1764 3793 praefationis
1786 3708 1962 3776 natalibus.
2008 3702 2204 3795 Scriptus
2180 3730 2240 3804 pu·

236 3830 355 3901 tamus,
378 3842 420 3886 ex
440 3842 533 3887 mera
553 3819 685 3904 quidem
707 3820 893 3885 coniectura
914 3806 1110 3900 iudicantes,
1133 3819 1191 3885 sed
1213 3821 1267 3886 cui
1289 3819 1375 3886 nihil
1397 3819 1493 3886 solidi
1514 3821 1670 3886 obiecerit
1691 3820 1825 3905 aliquis,
1854 3844 1892 3888 eo
1913 3823 1984 3909 ipso
2006 3830 2154 3931 tempore
2176 3842 2240 3917 quo

238 3922 388 4001 Basileus
409 3933 551 4016 primam
578 3953 673 3998 suam
702 3931 953 3996 Institutionem
979 3918 1215 4011 meditabatur,
1229 3912 1419 4016 studiisque
1441 3932 1568 3999 bibliois
1589 3932 1735 3999 maxime
1761 3929 1966 4000 incumbere
1973 3942 2132 4017 coeperat
2176 3912 2245 4000 Est

237 4054 350 4113 tamen
372 4042 412 4109 de
434 4065 498 4126 quo
520 4051 553 4108 te
574 4064 767 4110 moneamus
789 4047 919 4125 oportet
940 4043 968 4108 si
989 4044 1026 4107 in
1047 4043 1112 4108 ista
1134 4044 1323 4110 coniectura
1344 4043 1477 4110 subsisti
1498 4067 1593 4129 posse
1610 4048 1818 4113 concesseris
1864 4047 1964 4112 Prior
1979 4047 2139 4130 praefatio
2161 4066 2239 4112 cum

238 4158 312 4224 aliis
335 4154 505 4221 nonnullis
526 4155 732 4222 translatoris
754 4154 932 4238 prooemiis
958 4156 994 4218 ιι
1015 4154 1101 4222 ιοιιιι
1122 4155 1341 4234 liminaribus,
1370 4177 1453 4240 quae
1482 4179 1502 4222 a
1523 4158 1741 4243 typographis
1760 4168 1931 4237 vocantur,
1952 4158 2113 4241 impressa
2132 4164 2184 4223 est
2204 4166 2239 4222 ιι

237 4271 284 4336 sic
305 4265 432 4334 tardius
453 4266 555 4345 etism
575 4273 709 4350 totoque
731 4268 806 4335 fere
820 4267 1004 4350 eporeiam
1021 4266 1175 4334 absoluto
1196 4266 1289 4350 prelo
1311 4268 1425 4334 subiici
1447 4276 1585 4352 potcmt
1619 4270 1819 4336 Posterior
1815 4286 1912 4335 roro
1940 4269 2004 4354 ipsi
2022 4268 2129 4352 primo
2151 4269 2238 4335 Nori

238 4379 443 4445 Testamenti
464 4377 673 4462 quaternioni
694 4379 852 4464 inscripta
872 4387 931 4459 est,
958 4380 1006 4443 ita
1025 4380 1093 4443 ut
1085 4400 1150 4445 iam
1173 4385 1251 4443 ante
1271 4379 1442 4445 inchoatas
1470 4381 1569 4449 huius
1595 4385 1700 4485 partis
1730 4401 1853 4466 operas
1867 4380 2091 4481 typothetae
2080 4380 2238 4460 traditam

238 4480 339 4558 fluisse
360 4489 543 4556 necessario
566 4489 751 4573 agnoveris
795 4490 887 4556 Pieri
908 4513 987 4576 ergo
1009 4482 1117 4575 potuit
1139 4497 1176 4556 ut
1194 4489 1288 4571 haee,
1310 4491 1504 4574 quaeetiam
1514 4492 1618 4561 multo
1630 4495 1764 4560 maioris
1786 4491 2250 4601 momentiestadillustrap·n

239 4603 317 4671 dam
337 4601 521 4687 theologiae
543 4598 748 4667 calvinianae
769 4603 982 4683 historiam,
973 4623 1039 4698 ram
1062 4600 1263 4686 aliquamdiu
1292 4612 1369 4669 ante
1397 4600 1489 4671 illam
1513 4607 1659 4701 priorem
1685 4588 1820 4671 exarata
1848 4588 1957 4704 fuerit
2007 4602 2130 4705 Quod
2126 4598 2239 4713 tamen

239 4715 430 4801 neutiquam
452 4728 606 4796 expresse
625 4698 791 4778 affirmare
812 4715 1058 4796 praesumimus

256 4830 261 4838 '
394 4825 624 4911 Archetypum
651 4824 771 4908 prioris
797 4826 1022 4953 praelationis.
1036 4826 1151 4892 folium
1179 4835 1318 4925 occupat
1346 4849 1480 4935 versum
1446 4828 1611 5005 ‘ipsius
1638 4816 1734 4911 tituli.
1786 4804 1860 4898 Hoc
1874 4829 2010 4924 folium
2028 4850 2049 4895 a
2048 4828 2246 4923 plerisque

240 5058 291 5116 est
317 5046 460 5116 conditio
488 5038 560 5115 eius
587 4988 784 5131 exemplaris
809 5027 895 5131 quod
923 5041 1040 5115 solum
1049 5024 1264 5141 Argentorati
1293 5053 1438 5117 exstat'
1429 5075 1465 5116 ιι
1491 5050 1689 5118 bibliotheca
1710 5015 1919 5122 Raussiana
1949 5051 2021 5136 Sed
2035 5019 2239 5148 contulimus

241 5159 488 5291 hlarburgense
509 5161 686 5246 integrum.
734 5160 824 5231 Beaa
849 5158 936 5271 hano
964 5161 1214 5260 praelationem,
1243 5148 1431 5230 (laesoribus
1460 5161 1599 5269 Regibus
1622 5161 1826 5260 Principibus
1847 5163 2092 5267 θιιιιιιιιιφκ
2094 5138 2247 5259 ΙοιιιιιιίιιιᾹ

1852 5352 1868 5374 ν)
1899 5340 1932 5363 ·’
1991 5334 2108 5373 wala.
2143 5344 2163 5370 i,
2213 5317 2248 5375 ‚st
