4724 5886
971 324 1336 399 monsacutus.

955 869 1167 970 ¹CAPUT
1206 884 1348 968 XLII

148 1069 485 1171 DILUCIDA
530 991 935 1170 EXPLICATIO
981 1069 1371 1169 DOCTRINAE
1410 1071 1503 1167 DE
1551 1070 1733 1168 VERA
1773 1071 2153 1171 PARTICIPA·

371 1259 576 1357 TIONE
603 1259 842 1358 CARNIS
870 1259 954 1357 ΕΤ
981 1258 1337 1358 SANGUINIS
1365 1258 1634 1357 CHRISTI
1662 1258 1927 1356 CONTRA

777 1532 779 1537 ,
877 1447 1276 1547 HESHUSIUM
1304 1439 1453 1540 1561.

307 1671 398 1736 Besa
417 1670 453 1734 in
475 1679 614 1753 utraque
641 1671 710 1736 vita
731 1668 863 1736 Oalvini
893 1670 949 1737 vix
970 1659 1000 1732 ἐν’
1021 1666 1145 1756 παρόδῳ
1169 1652 1329 1734 Hcshusii
1357 1689 1477 1766 nomen
1503 1668 1648 1753 attingit,
1678 1667 1736 1735 sed
1765 1669 1827 1737 hoo
1858 1680 1939 1737 teste
1968 1671 2085 1736 silente
2113 1676 2156 1736 ex‘

149 1784 309 1852 thesauro
330 1789 442 1848 nestro
463 1780 631 1866 epistolica
652 1790 686 1845 ct
706 1781 861 1864 inspectis
882 1782 961 1865 ipsis
988 1781 1229 1865 redintegratae
1256 1781 1500 1846 controversiae
1526 1780 1799 1846 sacramentarius
1827 1781 2029 1848 documentis
2057 1782 2155 1848 huius

147 1895 327 1962 historiam
354 1893 535 1959 literarium
563 1893 643 1960 satis
672 1899 823 1962 accurato
850 1914 1004 1960 enarrare
1032 1912 1214 1977 possumus.
1266 1890 1377 1973 Supra
1406 1888 1486 1974 Gap.
1515 1890 1655 1957 XXXV
1685 1890 1825 1958 vidimus
1852 1892 2087 1977 Wcstphalum
2117 1893 2160 1960 ad

157 2006 321 2075 Ultimum
353 2005 468 2072 Nostri
500 2004 755 2070 admonitionem
788 2004 937 2089 pluribus
968 2004 1191 2088 respondisse,
1224 2024 1365 2087 quocum
1397 2002 1503 2069 denno
1535 2002 1690 2087 congredi
1722 2002 1776 2070 hio
1809 2001 1927 2069 deinde
1958 2003 2160 2073 detrectavit
2222 2050 2226 2067 .

158 2117 290 2185 Audias
317 2116 414 2182 modo
440 2116 634 2201 Bullingcre
662 2116 859 2203 scribentem
879 2115 909 2181 d.
934 2119 981 2181 19.
1004 2115 1089 2182 Nor.
1111 2119 1192 2179 1558
1221 2111 1371 2212 (Archiv.
1400 2115 1508 2181 Turio.
1536 2113 1627 2180 Plut.
1655 2114 1714 2180 VI.
1743 2114 1817 2180 Vol.
1849 2120 1908 2179 117
1931 2117 1962 2183 b.
1984 2118 2038 2182 151.
2063 2121 2158 2195 393);

160 2229 248 2295 Noai
277 2227 450 2311 Westptuli
470 2229 606 2311 inpetus
626 2249 660 2294 se
680 2230 764 2310 ipsos
786 2229 965 2294 discutient:
984 2228 1064 2310 5515
1084 2227 1239 2292 torninern
1259 2227 1406 2292 stolidum
1427 2226 1597 2292 51155555
1613 2226 1875 2311 5155555155155
1901 2227 1965 2293 loeo
1991 2231 2102 2296 155555
2128 2230 2161 2297 si

158 2361 234 2406 5555
252 2361 285 2407 ee
306 2341 477 2424 constipata,
505 2344 691 2405 5551555555
712 2338 839 2406 decreti.
884 2337 995 2404 Etiam
1016 2340 1085 2404 eius
1105 2338 1240 2420 ineptias
1264 2338 1344 2403 55115
1365 2358 1519 2421 superque
1539 2337 1693 2431 (51515555
1712 2339 1827 2406 uideor.
1873 2339 2058 2423 Reperietur
2079 2341 2159 2424 forte

159 2451 247 2517 alius
272 2452 434 2535 quispiam
459 2451 516 2533 551
546 2471 616 2516 eum
641 2451 775 2535 exoptet
800 2455 835 2516 ut
867 2451 982 2535 5115555
1009 2433 1075 2517 ests
1112 2448 1220 2531 Quem
1257 2449 1311 2515 hic
1337 2449 1372 2514 in
1406 2470 1503 2516 suum
1531 2449 1639 2517 locum
1673 2471 1901 2517 successurum
1935 2451 2053 2533 innuit,
2087 2453 2158 2538 ipss

158 2561 263 2628 151555
289 2562 378 2628 Bora
404 2561 549 2641 videtur,
576 2561 670 2629 euius
696 2569 804 2629 exstat
829 2560 882 2628 De
906 2582 999 2628 coena
1027 2560 1161 2628 Domini
1182 2560 1287 2642 51555
1313 2560 1536 2649 etperspieua
1562 2561 1705 2628 tractatio
1730 2562 1764 2626 in
1792 2582 1856 2644 555
1885 2562 2039 2630 1555151511
2071 2563 2160 2633 Wes-

150 2673 250 2758 ptati
269 2673 448 2741 calumniae
463 2678 654 2758 postrenum
675 2674 775 2741 editae
795 2674 988 2758 refelluntur,
1010 2693 1095 2758 quae
1111 2673 1236 2758 prodiit
1251 2694 1365 2740 mense
1383 2671 1577 2768 Septembre
1601 2677 1682 2737 1559
1707 2675 1976 2757 quaternionibus
1995 2674 2158 2744 undecim

314 2785 453 2851 Interim
481 2786 595 2850 tamon
621 2806 727 2852 novus
752 2787 897 2852 55555511
924 2776 1143 2864 adversarius,
1170 2785 1382 2852 Tilemannus
1411 2782 1597 2850 Hcshusius
1624 2781 1779 2851 Vesalius
1806 2787 1898 2852 cuius
1923 2786 2027 2852 vitam
2056 2789 2157 2856 variis

156 2897 290 2965 casibus
311 2905 345 2962 ct
364 2895 479 2963 multis
499 2918 612 2962 rerum
634 2896 876 2964 discriminibus
898 2895 1144 2964 memorabilem
1164 2897 1251 2962 inter
1273 2895 1355 2963 alios
1380 2895 1485 2961 literis
1507 2895 1707 2962 mandarunt
1734 2897 1762 2962 L
1785 2896 1828 2963 G.
1851 2897 2034 2965 Lcackleld
2064 2903 2157 2982 1716,

156 3017 194 3074 51
216 3016 329 3075 nostra
347 3016 454 3076 551515
475 3008 513 3076 (1.
536 3009 577 3076 ab
594 3009 743 3076 Helmolt
767 3012 848 3075 1859
869 3017 904 3075 51
920 3008 957 3077 0.
976 3011 1017 3076 A
1034 3008 1191 3075 Willrens
1216 3012 1307 3088 1860,
1328 3008 1364 3073 15
1385 3007 1505 3075 1511515
1527 3004 1568 3073 15
1589 3006 1856 3091 viroimporioso
1877 3015 1911 3073 at
1931 3012 2158 3101 φιλονεικοτάτφ

155 3119 294 3186 1555515
319 3121 355 3185 15
383 3119 513 3188 divorsa
541 3120 708 3187 abeuntes.
755 3122 790 3188 Is
820 3143 924 3206 quum
952 3122 987 3186 in
1017 3120 1184 3188 academia
1204 3095 1482 3204 vHeidelbergcusi
1516 3117 1654 3199 doceret,
1686 3121 1775 3185 inter
1806 3141 1881 3185 aum
1914 3131 1947 3186 et
1973 3121 2160 3189 chbitium

157 3231 332 3298 diaconum
359 3229 607 3300 refordmoram
633 3232 786 3318 religioni
814 3232 981 3299 addietum
1009 3239 1175 3299 sedamen
1208 3230 1249 3297 de
1274 3252 1375 3298 coena
1401 3229 1537 3296 Domini
1563 3237 1714 3297 exertam
1740 3239 1792 3298 est
1817 3238 1885 3297 tam
1916 3234 2034 3317 ingens
2061 3239 2159 3319 51555

157 3344 313 3410 acerbam
332 3353 370 3409 ut
385 3351 524 3427 uterque
542 3343 582 3409 de
599 3360 735 3410 munere
751 3345 793 3411 ab
811 3344 950 3411 electore
960 3343 1129 3410 Fridcrico
1140 3343 1204 3409 111.
1223 3342 1416 3410 deiiccrctur
1434 3340 1535 3426 (1115
1553 3345 1593 3437 A.
1611 3340 1826 3421 Kluckhohn,
1845 3343 1957 3427 Briefe
1975 3343 2160 3412 Friedriets

156 3448 217 3521 des
237 3453 403 3522 Fromrnen
431 3455 629 3539 Kuefirsten
654 3477 682 3521 5.
710 3455 740 3521 d.
763 3455 861 3538 Psote
890 3460 990 3522 1868.
1006 3477 1041 3538 p.
1062 3461 1107 3522 97
1127 3456 1205 3541 ss).⁴
1238 3452 1291 3521 De
1317 3454 1381 3521 hoe
1402 3454 1535 3520 homine
1556 3454 1689 3538 eiusque
1712 3453 1751 3520 de
1768 3453 1999 3521 Helvetiorum
2018 3458 2161 3525 formula

155 3566 274 3654 151555
294 3569 459 3634 sententia
480 3568 607 3653 primus
629 3568 842 3653 Bullingcrus
862 3567 904 3633 ad
927 3567 1104 3657 Calvinum
1125 3567 1294 3650 scripsisse
1317 3565 1449 3632 videtur
1477 3565 1572 3631 ouius
1599 3573 1732 3633 5551551
1758 3567 1873 3632 literae
1901 3566 1931 3632 d.
1962 3573 2012 3633 28.
2035 3560 2161 3652 Aprilis

159 3676 246 3743 1560
268 3677 363 3745 datae
391 3700 465 3745 cum
492 3680 609 3763 quibus
635 3679 734 3744 simul
763 3678 871 3745 eidem
894 3677 1142 3745 Oonfessioncm
1170 3677 1337 3762 quandam
1359 3677 1531 3745 Hcshusii¹
1547 3679 1742 3744 transmittit
1771 3699 1790 3743 5
1817 3679 2004 3763 germanico
2031 3682 2159 3764 55515.

156 3789 322 3855 Wolfium
342 3789 443 3856 latine
465 3810 657 3857 conversam
684 3789 836 3877 (Archiv.
858 3790 966 3856 ’.15515
988 3791 1046 3858 ubi
1068 3811 1170 3874 supra
1190 3789 1244 3855 151.
1267 3793 1356 3872 428).
1399 3789 1476 3874 Ipse
1495 3789 1682 3856 ‘translator
1708 3787 1821 3854 eadem
1849 3788 1902 3854 dio
1929 3801 1963 3856 et
1990 3794 2159 3860 occasione

154 3902 241 3967 hacc
259 3900 385 3966 addidit
406 3894 506 3980 (Bibl
529 3901 637 3968 15515
660 3902 773 3970 civica
796 3902 897 4004 Μβὸ.
920 3903 960 3969 11.
982 3902 1045 3970 vol.
1069 3907 1108 3966 41
1133 3901 1186 3967 151.
1213 3902 1305 3987 163);
1327 3900 1431 3968 Mittit
1450 3901 1547 3981 5115,
1573 3899 1702 3967 0515155
1730 3899 1765 3966 V.
1793 3899 1835 3981 0.,
1864 3921 1959 3983 pesam
1986 3901 2026 3968 ab
2052 3909 2159 3971 551555

153 4013 333 4099 permenius
353 4010 505 4094 scriptam
524 4034 576 4098 epo
598 4015 701 4096 155155
721 4014 846 4080 1551515
866 4015 999 4081 tatinum
1024 4014 1086 4097 teci
1111 4014 1292 4080 Tnlencanni
1312 4014 1350 4079 de
1371 4033 1465 4079 55555
1485 4013 1619 4080 Domini
1639 4013 1865 4094 5551555555.
1913 4014 2026 4096 (155115
2054 4022 2157 4083 auten

155 4124 209 4190 551
227 4125 269 4190 sit
287 4124 345 4191 illu
368 4127 492 4193 5515νὶ5
517 4127 621 4208 psius
645 4127 829 4210 5555555155
852 4128 990 4208 seraptis,
1018 4126 1067 4192 551
1092 4125 1195 4191 videri
1222 4124 1279 4191 titi
1303 4125 1411 4191 151551
1434 4124 1509 4190 tuce
1534 4143 1604 4189 meo
1631 4124 1806 4206 translatio,
1835 4131 1865 4191 te
1890 4131 1976 4207 certe,
2005 4128 2041 4194 in
2067 4147 2157 4210 5555

150 4236 532 4320 551155155555511155,
554 4239 791 4304 admonendum·
805 4239 896 4305 daei.
940 4240 991 4304 Ac
1015 4238 1219 4304 Titentonuus
1241 4237 1367 4318 5511555
1387 4256 1508 4318 meum,
1538 4235 1667 4316 515551
1686 4255 1750 4301 non
1770 4242 1862 4302 antec
1877 4239 1957 4319 ptus
1978 4241 2088 4305 centies
2115 4240 2159 4305 sit

157 4367 308 4429 eversura,
330 4347 545 4434 reprimentem
565 4348 688 4416 5511555
708 4349 807 4431 effert.
827 4361 829 4364 ’
853 4348 1072 4417 8511155155
1093 4349 1440 4432 51155555151155515
1466 4349 1806 4429 septenaeque
1827 4355 1956 4429 praetr
1981 4350 2062 4417 55515
2087 4371 2157 4418 con·

156 4459 301 4525 5111151555
322 4455 568 4541 propositionem
593 4459 703 4527 tabeat
727 4461 819 4541 51111,
838 4461 980 4547 ,futurus
997 4462 1103 4545 155551
1128 4462 1226 4527 muto
1256 4463 1368 4540 551555,
1401 4460 1449 4524 sic
1475 4459 1623 4524 5515515115
1648 4463 1676 4525 51
1700 4460 1871 4526 calumniis
1895 4462 2034 4543 repleuit,
2065 4468 2101 4527 ut
2125 4465 2157 4529 si

155 4571 297 4637 nominis
317 4572 518 4654 inscriptione
539 4572 695 4639 abstinere
714 4592 785 4637 eum
804 4555 894 4640 modo
921 4574 1046 4639 51515551
1072 4571 1201 4639 ambitio
1225 4572 1382 4655 famosum
1405 4590 1514 4653 posses
1540 4569 1707 4652 appetere.
1751 4571 1812 4637 Est
1837 4573 1928 4651 enim,
1957 4578 1993 4638 ut
2018 4574 2157 4639 omitum

156 4682 253 4762 alies,
285 4702 373 4749 51555
404 4684 563 4750 eaturnnia
593 4686 676 4767 55551
696 4684 926 4768 Anateptistus
946 4690 976 4749 et
998 4683 1231 4767 Suertfeldiurn
1251 4683 1340 4749 netis
1360 4687 1555 4762 annumerat,
1581 4702 1713 4764 quorum
1734 4681 1987 4750 tractante
2021 4683 2158 4750 55155115

156 4793 275 4861 notris
296 4793 537 4877 1555511αὸ551,
559 4797 609 4863 115
630 4798 673 4863 51
701 4795 772 4862 titos
788 4797 925 4878 propius
951 4816 1048 4879 quam
1072 4796 1116 4861 ad
1141 4815 1198 4862 nos
1224 4794 1348 4873 cecedit,
1375 4795 1499 4876 51νὶ555
1526 4816 1547 4859 5
1575 4795 1663 4860 notis
1685 4793 1732 4867 11ς
1754 4792 1805 4857 aa
1826 4800 1940 4859 555511
1965 4795 2159 4862 serenant

155 4915 255 4975 caett
287 4906 397 4972 115115
417 4926 514 4991 porro
536 4904 626 4973 addit
647 4919 681 4973 ct
702 4906 742 4973 de
765 4907 888 4973 autoris
916 4907 1119 4992 argumentis
1141 4916 1174 4971 et
1201 4905 1241 4972 do
1268 4927 1328 4971 sna
1354 4907 1457 4989 ipsius
1483 4888 1698 4972 translatione
1728 4925 1812 4988 quae
1841 4926 1881 4970 co
1908 4904 2063 4971 libentius
2092 4906 2155 4973 hoo

154 5019 228 5086 loco
251 5019 589 5104 transscripsisaemus·
603 5021 631 5086 si
653 5040 713 5103 por
734 5019 877 5103 spatium
901 5019 996 5086 nobis
1017 5039 1206 5086 5555555555
1227 5017 1365 5098 licuerit,
1392 5018 1479 5103 quod
1501 5012 1541 5084 15
1562 5017 1723 5084 Hcshusii
1751 5016 1810 5083 illa
1836 5017 2038 5083 consessione
2066 5022 2156 5104 typis

155 5120 354 5212 odita'apud
375 5150 477 5214 supra
496 5130 645 5197 laudatos
665 5130 840 5214 scriptores
860 5130 946 5197 nihil
966 5132 1143 5198 memoriae
1166 5130 1333 5215 preditum
1349 5132 1549 5208 invenimus,
1571 5129 1628 5212 qui
1648 5147 1722 5195 eam
1744 5127 1785 5194 ad
1808 5148 1913 5193 unum
1930 5148 2042 5195 omnes
2059 5132 2155 5216 igno-

152 5242 248 5312 rasse
268 5240 428 5308 ridentur.

263 5343 479 5416 samem
517 5345 574 5401 55
592 5343 647 5400 rx.
1928 5341 1951 5397 5
