4724 5886
240 292 309 360 LII
785 291 1054 361 mortuus
1076 288 1366 362 rflaonoeml
1385 291 1604 361 MINORES.

240 490 344 549 erant.
388 482 476 547 Hine
503 482 623 546 laetum
651 489 701 545 est
728 488 766 544 ut
795 481 829 545 in
858 479 1047 546 eivitatibus
1073 480 1243 549 belvetiois
1267 482 1513 566 antiquissimae
1543 482 1640 547 buius
1670 482 1798 566 generis
1826 480 1984 547 formulae
2012 480 2224 565 simplioiores

241 592 379 673 luxerint,
412 593 477 658 imo
504 592 625 676 passim
651 591 892 658 confessionum
920 591 990 657 viee
1018 589 1216 658 (lateohismi
1244 595 1319 660 usui
1346 593 1450 677 plebis
1472 604 1505 659 et
1532 613 1709 678 puerorum
1734 592 1965 660 aooommodati
1997 592 2147 659 snffieere
2178 592 2226 658 vi·

240 703 404 770 darentur.

205 819 208 827 '
392 815 469 880 Alia
489 823 559 880 erat
579 814 662 879 ratio
683 833 795 879 earum
817 814 1056 880 oonfessionum
1078 835 1158 898 quas
1179 816 1233 883 vel
1255 816 1377 902 singuli
1398 817 1554 896 deuteres,
1576 815 1631 883 vel
1652 815 1820 894 eoolesiae,
1848 814 2016 881 occasione
2037 813 2155 895 oblata,
2183 813 2226 880 ad

241 923 470 990 vindieandam
491 944 586 991 snam
606 923 720 1004 fidem,
749 932 844 1008 atque
869 923 910 990 ad
930 923 1076 990 eiusdem
1102 946 1176 991 oum
1198 947 1290 993 saera
1312 928 1473 1012 seriptura
1499 935 1534 994 et
1555 927 1748 1010 antiquitate
1774 925 1952 992 christiana
1977 925 2225 993 consonantiam

242 1033 528 1102 demonstrandam
555 1035 766 1116 adversariis,
794 1035 1080 1102 calumniatoribus
1102 1044 1136 1103 et
1161 1041 1449 1123 persequutoribus
1476 1039 1707 1124 proponebant.
1757 1026 1936 1121 Utriusque
1958 1042 2088 1122 generis
2108 1056 2224 1104 monu-

240 1153 352 1213 menta
372 1148 407 1211 in
428 1147 490 1212 hoo
510 1147 677 1215 volumine
697 1146 930 1231 eomprehensa
949 1146 1016 1212 iam
1038 1148 1206 1233 sigillatim
1226 1151 1475 1218 reeensebimue.

1216 1473 1242 1539 I.

895 1611 1111 1698 Confessio
1154 1612 1414 1699 Genevensis
1457 1618 1574 1699 1536.

395 1813 447 1878 De
474 1812 535 1878 hae
558 1813 665 1896 prima
694 1812 881 1878 Genevensi
908 1813 1107 1880 oonfessione
1132 1834 1153 1878 a
1179 1814 1346 1881 Guilelmo
1370 1815 1518 1896 Farello,
1547 1823 1585 1880 ut
1611 1816 1699 1887 fama
1725 1815 1802 1893 lert,
1834 1821 1970 1881 exarata
1994 1834 2097 1897 pauoa
2124 1765 2224 1900 qnae·

243 1922 317 1990 dam
351 1922 491 1989 diximus
524 1924 557 1989 in
590 1922 835 2023 l’mlegomems
864 1922 906 1988 ad
933 1924 996 1991 vol.
1024 1922 1068 1991 V.
1095 1945 1168 2010 pag.
1197 1926 1301 1992 ml
1329 1947 1415 2010 seqq.
1447 1948 1583 2012 eamque
1616 1925 1719 1991 latine
1759 1924 1923 1991 edidimus
1958 1926 1995 1989 in
2024 1924 2137 1991 eodem
2167 1948 2225 1993 vo-

241 2035 365 2102 lumine
391 2057 463 2121 pag.
493 2038 675 2111 ata-³62,
707 2055 749 2100 ex
781 2034 958 2119 appendite
985 2035 1184 2103 Oateehismi
1214 2036 1389 2104 oalvimani
1420 2037 1621 2121 antiquioris
1676 2036 1841 2103 Gallicum
1869 2035 2084 2122 arohetypum
2104 2036 2225 2104 addere

241 2154 314 2213 tum
348 2148 502 2231 temporis
535 2166 811 2230 supervacaneum
850 2145 1012 2213 duximus.
1056 2147 1155 2214 Nune
1192 2156 1302 2215 tamen
1335 2157 1461 2215 mutato
1492 2148 1626 2216 oonsilio
1656 2146 1738 2213 illud
1770 2168 1897 2231 qnoque
1928 2146 2082 2214 thesauro
2113 2155 2225 2214 nostro

240 2258 449 2326 inserendum
479 2267 648 2342 putamus,
682 2278 782 2339 quum
814 2277 851 2322 re
877 2254 984 2324 denno
1021 2258 1102 2324 bene
1134 2280 1308 2342 perpensa,
1340 2259 1369 2326 si
1401 2261 1474 2342 quis
1507 2259 1646 2326 Calvim
1684 2260 1720 2324 in
1760 2258 1903 2343 collegae
1928 2257 2052 2340 labore,
2084 2259 2136 2325 sin
2162 2259 2225 2325 mi·

240 2393 304 2437 nus
335 2369 543 2454 perficiendo,
576 2376 610 2434 at
641 2367 757 2434 saltem
786 2367 936 2452 deineeps
969 2367 1090 2435 tuendo
1123 2378 1157 2436 et
1187 2369 1398 2449 vindicando,
1437 2371 1563 2454 aliquas
1595 2368 1736 2435 tribuere
1768 2377 1877 2452 partes
1908 2369 2064 2450 voluerit,
2097 2371 2132 2437 id
2163 2372 2225 2436 mi·

241 2482 330 2547 nime
367 2480 650 2547 vensimilitudine
688 2500 797 2546 earere
833 2478 1036 2546 arbitremur.
1096 2481 1172 2564 Ipse
1204 2480 1334 2565 quidem
1365 2482 1454 2547 Besa
1486 2481 1664 2548 Calvinum
1696 2480 1916 2547 Confessionis
1951 2481 2040 2548 illius
2077 2490 2226 2549 autorem

243 2591 434 2675 simpliciter
460 2612 635 2675 agnoeoers
666 2589 808 2672 videtur,
835 2612 936 2674 quum
957 2590 1036 2657 dloit
1067 2590 1122 2670 (ad
1143 2613 1171 2658 a
1197 2594 1293 2677 1536)
1321 2601 1400 2659 tuno
1432 2592 1553 2658 editam
1585 2612 1656 2658 esse
1689 2592 1729 2657 ab
1761 2612 1799 2657 eo
1831 2592 2027 2658 christianae
2058 2593 2226 2662 doetrinae

245 2701 406 2788 quandam
429 2702 531 2768 veluti
562 2701 752 2780 formulam,
779 2701 915 2767 vixdum
944 2704 1125 2787 emergenti
1153 2724 1172 2768 e
1198 2711 1337 2793 papatus
1364 2702 1512 2771 sordibus
1539 2703 1728 2769 (lenovensi
1761 2702 1914 2769 eoelesiae
1941 2704 2226 2771 accommodatam

242 2814 338 2898 Quod
360 2815 456 2880 etiam
480 2813 648 2880 Oolladoni
670 2812 788 2897 gallina
806 2810 905 2877 Vitae
926 2813 1058 2879 Oalrini
1080 2816 1226 2880 reeensio
1253 2815 1370 2881 iisdem
1398 2816 1466 2880 fere
1494 2814 1603 2881 verbis
1625 2813 1776 2881 deelarat
1823 2814 1938 2896 Neque
1965 2816 2034 2880 iam
2059 2816 2131 2882 viro
2150 2816 2226 2883 doo-

242 2926 365 2994 tissimo
384 2933 419 2991 et
439 2925 700 2992 ooniunotissimo
722 2922 810 2990 Guil.
832 2924 1079 3008 Kampsobnlte,
1102 2925 1143 2992 de
1163 2925 1302 2992 (lalrino
1324 2935 1434 2992 nostro
1456 2927 1577 3011 optime
1598 2927 1724 3004 merito,
1746 2947 1813 2991 non
1835 2926 2028 3010 adstipulari
2043 2948 2225 3011 possumus,

240 3036 296 3124 qni
318 3036 437 3104 diserte
459 3035 663 3103 demonstrat
683 3035 788 3119 (lbra.
811 3035 838 3101 1.
861 3057 891 3119 p.
916 3036 1003 3120 285),
1026 3037 1148 3103 Bonam
1169 3036 1298 3103 nonde
1320 3038 1430 3122 aliqua
1457 3037 1597 3104 formula
1622 3036 1718 3102 hodie
1746 3035 1915 3120 deperdita
1935 3046 1969 3102 et
1989 3038 2226 3120 antiquioribus

241 3169 367 3234 quoque
387 3148 500 3233 ignota
520 3146 617 3232 loqui,
640 3167 756 3213 verum
777 3144 817 3213 de
836 3168 875 3213 ea
894 3148 966 3231 ipsa
986 3167 1068 3231 quae
1089 3148 1158 3215 sola
1178 3155 1301 3229 exstat,
1329 3169 1491 3234 quamque
1510 3146 1638 3233 pridem
1659 3148 1762 3214 latine
1788 3146 1964 3228 edidimus,
1992 3168 2082 3214 nuno
2107 3148 2226 3233 galliae

241 3260 360 3329 edituri
382 3281 504 3326 sumus.
550 3261 706 3326 Attamen
727 3259 869 3343 ingenue
890 3258 1042 3339 fatemur,
1064 3260 1098 3325 in
1121 3259 1210 3326 hisee
1232 3259 1416 3345 primordiis
1437 3260 1596 3326 historiae
1624 3257 1832 3344 evangeliste
1852 3256 2056 3325 Genevemis
2076 3280 2137 3325 nos
2158 3280 2226 3326 non
2284 3314 2287 3320 .

242 3379 310 3438 tam
332 3373 428 3438 anxie
449 3372 570 3437 morari
593 3371 714 3436 Benam
735 3377 769 3435 et
791 3368 1014 3451 colledunum,
1052 3369 1149 3456 hand
1164 3369 1364 3456 spernendos
1386 3370 1530 3454 alioquin
1553 3375 1691 3436 autores
1741 3369 1784 3434 In
1810 3370 1851 3434 iis
1877 3369 1965 3434 enim
1992 3389 2129 3452 quornm
2157 3391 2226 3436 non

240 3483 302 3568 ipsi
323 3483 456 3549 luerunt
477 3482 595 3549 oculati
616 3488 726 3559 testes,
753 3488 787 3546 et
806 3481 949 3547 maxime
970 3483 1006 3546 in
1034 3489 1218 3568 temporum
1246 3481 1359 3549 ordine
1388 3480 1585 3561 definiendo,
1617 3501 1684 3546 non
1711 3479 1831 3563 ubique
1859 3487 1964 3546 oertos
1988 3481 2171 3564 reperimus
2192 3492 2227 3548 et

238 3595 308 3661 falli
329 3597 460 3662 neseioa
493 3593 639 3660 Imohao
650 3593 920 3660 oooasionefaoile
936 3610 1062 3660 errasse
1083 3593 1317 3660 erediderimus
1338 3594 1375 3658 in
1395 3591 1596 3678 designando
1618 3598 1739 3670 autore,
1767 3587 1886 3673 nempe
1907 3591 2030 3676 gloriae
2049 3591 2242 3658 salviniani·

239 3707 381 3771 nominis
392 3706 586 3770 nimislorte
597 3702 766 3771 studiosos.
791 3704 1005 3770 Reoentiores
1017 3704 1315 3790 seriptoresomnes
1327 3724 1461 3770 nnoore
1471 3703 1603 3770 Farello
1619 3702 1724 3768 autori
1735 3701 1826 3768 illam
1846 3703 2040 3787 primariam
2050 3700 2226 3771 Geneven-

240 3817 328 3883 sium
349 3807 583 3883 oonlessionenr
604 3814 767 3914 tribuunt,
794 3827 828 3881 et
855 3815 936 3881 duas
957 3815 1123 3882 exstitisse
1149 3815 1293 3883 eusdem
1315 3815 1444 3901 genens
1470 3813 1641 3892 formulas,
1670 3812 1782 3879 eodem
1804 3820 1950 3898 tempore
1971 3813 2084 3895 editas,
2111 3813 2226 3882 eadem

240 3928 415 3993 autoritate
437 3929 613 3994 instruotas
635 3933 668 3992 et
689 3925 941 4008 sommendatas,
963 3926 997 3993 id
1019 3949 1116 4014 aegra
1137 3927 1197 3994 tibi
1217 3928 1427 4013 persuasoris.
1470 3924 1597 3992 Verum
1614 3925 1662 3991 sio
1682 3944 1810 4009 qnoque
1830 3925 1938 3992 Besae
1957 3925 2227 3992 testimonio-sua

239 4039 471 4123 qnalisounque
492 4038 636 4104 manebit
655 4037 746 4118 fides,
768 4039 795 4103 si
817 4040 1022 4122 reputaveris
1042 4041 1099 4106 vix
1119 4041 1190 4105 fleri
1212 4040 1355 4123 potuisse
1376 4037 1456 4122 quin
1478 4034 1636 4104 Calvinus
1657 4037 1798 4116 Farello‚
1820 4037 1944 4103 amiens
1964 4036 2080 4115 amiso,
2106 4037 2141 4102 in
2162 4035 2226 4104 hoe

240 4151 359 4233 soripto
380 4151 433 4216 vel
454 4147 621 4217 oondendo
641 4149 694 4216 vel
715 4149 891 4216 exeolendo
913 4151 1062 4230 adfuerit,
1084 4171 1189 4234 neque
1209 4151 1313 4234 ipsam
1335 4149 1545 4216 confessionis
1565 4148 1709 4216 indolem
1730 4147 1954 4233 theologloam,
1975 4168 2038 4231 qno
2059 4147 2169 4213 minus
2188 4147 2226 4212 in

241 4261 302 4327 hae
324 4261 485 4327 sententia
506 4261 672 4338 subsistas,
694 4282 884 4347 repugnare.
1788 4263 1794 4274 '
2191 4237 2196 4249 ⁸

239 4384 241 4391 ⁴
392 4373 472 4438 Iam
485 4393 585 4457 quum
597 4370 703 4438 denuo
714 4373 749 4438 in
764 4372 850 4441 hano
864 4374 1088 4457 quaestionem
1104 4370 1313 4439 insiderimns
1323 4390 1427 4457 pauoa
1436 4370 1534 4439 lioeat
1544 4370 1663 4438 addere
1675 4370 1793 4454 quibus
1804 4367 2024 4435 Oonloesionis
2033 4368 2122 4436 illins
2132 4369 2225 4454 origo

241 4491 275 4550 et
294 4484 363 4550 fata
382 4483 601 4551 illustrentur.
646 4481 741 4565 Quae
762 4484 825 4567 qno
845 4484 1053 4568 potissimum
1073 4483 1229 4568 temporis
1249 4488 1414 4548 momento
1436 4505 1456 4549 a
1477 4503 1536 4550 sno
1557 4491 1671 4551 autore
1688 4481 1821 4547 ohartae
1840 4480 1996 4546 mandata
2016 4482 2069 4561 sit,
2088 4479 2124 4546 id
2144 4501 2226 4547 nns-

241 4614 339 4680 quam
361 4596 510 4679 explioite
531 4597 747 4679 persor-iptum
769 4596 958 4680 reperimus.
1004 4594 1141 4662 Oonstat
1160 4602 1291 4661 tantum
1312 4602 1354 4660 ex
1372 4594 1453 4678 ipsis
1464 4592 1608 4661 Senatus
1628 4590 1871 4658 mmmentariis
1890 4590 1954 4657 die
1967 4596 2015 4659 10.
2028 4590 2226 4660 Novembris

244 4710 325 4772 1536
345 4695 369 4772 ἰι
388 4698 519 4773 Farello
541 4714 574 4772 et
596 4705 734 4773 Calvino
755 4706 964 4791 magistratui
985 4706 1128 4773 oblatam
1148 4707 1248 4773 trisse
1269 4705 1310 4772 ab
1332 4719 1434 4789 eoque
1454 4713 1621 4789 aooeptam
1643 4710 1678 4770 et
1697 4703 1876 4786 probatam,
1891 4704 1939 4769 ita
1959 4709 2070 4770 tamen
2091 4711 2131 4769 ut
2151 4723 2226 4769 eam

242 4819 423 4886 mauranus
444 4817 695 4884 examinandam
711 4824 881 4900 seponeret
901 4827 935 4884 et
955 4839 1023 4884 non
1044 4818 1156 4885 statim
1176 4816 1446 4902 promulgandam
1467 4816 1662 4884 deoernoret.
1698 4813 1827 4898 «Neque
1854 4814 1952 4881 nimia
1976 4814 2169 4882 festinmter
2188 4816 2226 4881 in
2266 4816 2272 4826 '

242 4930 303 4997 boo
325 4930 456 5014 negotio
476 4929 670 5013 proeessisse
691 4926 813 4994 dixeris
833 4929 922 4996 viros
943 4930 1151 5016 magnificos,
1179 4929 1234 5013 qni
1255 4928 1363 5013 potius
1390 4933 1494 4994 totam
1515 4940 1585 4992 rem
1606 4925 1675 4992 sais
1695 4924 1860 4994 tradidere
1879 4925 2124 4993 sumeasoribus
2139 4927 2226 4994 inte·-

243 5061 351 5126 gram,
379 5040 425 5105 ita
446 5047 484 5105 ut
511 5038 643 5104 domum
672 5059 785 5106 mense
805 5038 913 5123 Aprili
939 5042 1017 5106 anni
1044 5042 1210 5126 affluentis
1236 5044 1316 5106 1537
1345 5058 1459 5106 reeens
1484 5038 1609 5104 oleatus
1629 5035 1773 5106 Senatus
1792 5038 1913 5123 populo
1939 5037 2112 5105 amulae
2131 5037 2226 5104 illam

242 5150 446 5238 proposuerit
466 5150 539 5215 inre
559 5132 696 5217 iurando
718 5150 936 5232 sanciendam,
959 5171 1096 5237 eamque
1109 5172 1195 5239 ¹mox
1215 5153 1304 5238 typis
1324 5148 1474 5217 mandari
1492 5146 1632 5215 iusserit
1680 5149 1774 5218 Haeo
1800 5148 1911 5216 omnia
1934 5168 1976 5215 ex
2003 5149 2083 5235 ipsis
2104 5149 2226 5216 sumna
