4620 5828
62 226 122 295 111
670 217 1439 305 1111331111313111111133311.
1994 227 2056 297 ase

60 411 205 495 ambigat
218 431 289 476 eam
306 410 409 477 solam
429 410 616 477 3331331333
652 431 693 476 ne
704 409 947 494 evangeliorum
960 410 1033 473 nni·
1084 402 1227 484 addicta,
1257 406 1360 473 donec
1380 407 1416 473 in
1438 408 1580 475 iustitiae
1602 409 1791 494 obsequium
1812 410 2054 478 reformentur?

62 506 253 580 tampacem
265 517 337 562 esse
348 516 430 595 qnae
444 495 568 563 Christi
580 505 630 562 est
671 495 791 563 Pacem
802 494 926 561 Christi
938 502 1033 561 vocat
1084 511 1144 556 nes
1166 491 1304 575 deniquo
1317 490 1460 559 Satanae
1482 515 1553 560 esse
1574 495 1746 578 mancipia,
1769 494 1871 562 donec
1892 495 1979 563 filius
1990 498 2056 564 Dei

61 591 193 648 sanetus
204 583 267 661 vir,
279 603 363 665 quae
373 604 419 648 313
432 583 501 665 pios
512 584 599 647 inter
610 602 645 647 se
667 582 836 666 coniungit
851 587 891 645 ιιι
907 578 968 645 sub
980 602 1033 647 oa·
1085 577 1246 642 amisere
1266 577 1324 643 illa
1342 579 1516 665 tyrannide
1537 602 1596 647 nos
1621 580 1758 647 liberet?
1803 581 1858 646 An
1880 582 1977 646 nihili
2005 591 2056 650 est

60 668 127 752 pite
138 668 558 751 contineattqnaefundata
568 677 617 733 est
628 668 663 732 in
675 668 802 733 sincero
813 687 983 744 consensu,
995 673 1033 730 ut
1084 662 1264 743 euriositas,
1293 685 1448 747 quaerere
1470 666 1629 748 quomodo
1651 666 1845 750 tranquillae
1871 665 1998 734 animae
2019 669 2055 734 in

62 751 174 818 eodem
197 774 310 819 omnes
331 754 440 818 animo
463 762 496 819 et
513 775 578 818 uno
603 754 696 837 qnasi
717 774 773 818 ore
784 750 893 817 Deum
905 760 1032 835 patrem
1084 747 1187 813 solida
1220 749 1335 815 salutis
1367 748 1485 817 fiducia
1517 752 1706 835 quieseant?
1758 754 1813 817 An
1846 752 1973 819 subtilis
2004 764 2055 820 est

60 840 229 904 invocent:
252 841 343 905 onius
365 837 504 923 denique
527 839 691 904 vinculum
714 851 764 903 331
785 859 869 921 3113
890 858 1031 922 evange·
1084 836 1231 916 quaestio
1254 834 1294 900 dc
1314 834 1535 920 legitimaDei
1557 839 1761 905 irroratione
1783 838 1963 905 disserere?
1998 841 2053 906 An

60 924 96 989 lii
117 922 280 990 doctrina:
304 945 371 990 non
389 947 453 1007 qua
470 925 634 990 laceratur
655 925 753 989 unica
764 923 880 989 33111113
900 933 1031 988 nestrae
1083 920 1220 984 obscura
1255 930 1333 986 sunt
1360 922 1558 1007 aenigmata,
1592 924 1778 1009 praecipere
1805 924 1962 1007 quomodo
1991 926 2053 992 rite

61 1020 171 1076 enetos
192 1008 257 1075 Dei
278 1011 408 1089 veritae,
427 1021 459 1075 et
481 1011 612 1076 exitiale
634 1012 672 1075 fit
692 1012 780 1074 inter
790 1010 900 1074 Deum
921 1016 954 1073 et
972 1030 1031 1074 nos
1083 1005 1208 1070 colatur
1219 1004 1310 1073 Deus
1333 1029 1374 1073 ex
1395 1008 1478 1091 legis
1497 1031 1577 1075 snae
1588 1011 1795 1093 praescripto,
1818 1031 1861 1074 an
1883 1011 2053 1078 hominnm

61 1093 247 1160 divortium.
298 1102 371 1176 [pag.
393 1101 464 1175 133]
489 1095 683 1178 Quicunque
711 1096 773 1161 hoc
802 1105 881 1160 sunt
912 1095 1030 1174 animo,
1082 1090 1269 1174 figmentis?
1303 1095 1358 1158 An
1378 1103 1543 1160 certamen
1565 1104 1615 1160 331
1637 1095 1730 1161 dere
1749 1095 1855 1174 nihili,
1878 1096 2016 1164 dumba
2065 1128 2067 1130 ·

61 1190 97 1246 nt
119 1182 203 1246 mori
225 1181 348 1247 centies
370 1181 487 1245 malint
508 1203 605 1264 quam
627 1182 754 1247 nefaria
774 1181 936 1246 decisione
958 1202 1030 1245 mu*
1082 1175 1218 1241 tismum
1240 1199 1381 1261 porgere
1408 1181 1544 1245 nitimur
1573 1181 1675 1248 foedis
1702 1191 1735 1247 et
1760 1182 1921 1265 pudendis
1949 1205 2002 1249 sor
2026 1185 2051 1233 '·
2157 1227 2162 1239 ·

61 1265 157 1332 tilare
178 1267 342 1351 integram
364 1266 439 1332 fidei
462 1266 652 1345 doctrinam,
667 1267 819 1351 'legitimi
843 1265 974 1331 demum
998 1276 1031 1353 et
1083 1260 1158 1326 bns:
1182 1283 1308 1328 sacram
1330 1286 1409 1330 vere
1431 1285 1574 1345 coenam,
1596 1289 1679 1350 qnae
1690 1289 1824 1352 prorsus
1845 1267 1964 1334 abolita
1980 1266 2051 1350 fuit,

60 1350 170 1418 idonci
193 1352 345 1418 sedandis
367 1354 628 1419 contentionibus
654 1368 751 1418 crunt
780 1362 919 1418 autores.
961 1352 1031 1419 Neo
1082 1348 1281 1430 postliminio
1303 1350 1490 1430 restituere,
1520 1373 1557 1417 ι3
1585 1376 1698 1431 rursus
1718 1354 1890 1438 profligare
1912 1354 2051 1420 1313313-

60 1439 168 1504 311313
188 1436 335 1521 improbe
357 1439 450 1505 nobis
471 1438 628 1504 invidiam
648 1439 922 1503 faeeretentatex
939 1459 1030 1522 mag·
1083 1432 1148 1498 bile
1170 1434 1290 1500 missae
1313 1437 1537 1521 saerilegium,
1567 1444 1640 1518 [pag.
1662 1445 1736 1520 133]
1762 1439 1848 1524 qnod
1869 1441 2051 1519 innumeris

61 1532 174 1593 natum
203 1534 237 1589 et
262 1533 432 1607 potentum
460 1525 585 1600 favore,
615 1545 635 1589 a
662 1546 724 1607 quo
746 1525 774 1590 ei
801 1522 1032 1607 pependissent
1082 1518 1287 1602 impietatum
1309 1524 1464 1588 monstris
1481 1524 1606 1589 scatet?
1639 1525 1714 1590 Non
1736 1546 1887 1592 recenseo
1904 1527 2051 1610 singulas

61 1610 114 1692 qui
128 1607 335 1692 praecipuam
353 1610 388 1674 in
402 1609 576 1678 asserenda
588 1610 718 1694 pietatis
737 1607 885 1675 doctrina
897 1630 1030 1693 operam
1083 1605 1216 1687 species,
1238 1608 1313 1688 qnia
1334 1628 1439 1689 pauca
1459 1608 1538 1677 haec
1561 1612 1722 1695 attingere
1750 1612 1904 1678 sufficiat:
1934 1611 2051 1696 quibus

60 1703 241 1772 naverunt,
274 1717 405 1761 necesse
436 1696 554 1761 fuisset
588 1694 629 1759 ed
662 1692 881 1760 formidabiles
913 1696 1029 1771 minas,
1083 1694 1274 1756 monstratis
1295 1692 1430 1758 lectores
1447 1703 1538 1759 tuam
1556 1697 1795 1778 impudentiam
1806 1698 1947 1782 palpent.
1982 1694 2051 1765 Ob-

60 1801 159 1846 saeva
186 1780 306 1857 edicta,
336 1790 369 1845 31
396 1783 579 1846 mortiferos
606 1783 748 1864 impetus
771 1802 836 1845 non
867 1779 1030 1864 trepidare
1083 1787 1215 1841 servata
1234 1776 1334 1861 digna
1351 1780 1541 1845 estIrenaei
1559 1784 1729 1859 sententia,
1752 1783 1870 1848 melius
1892 1804 1961 1849 esse
1984 1805 2050 1849 non

59 1866 168 1944 modo,
199 1866 254 1932 sed
285 1870 417 1949 penitus
446 1867 622 1932 concidere.
677 1867 786 1949 Atque
808 1878 844 1930 ut
872 1866 1029 1949 propitios
1083 1870 1194 1927 tencre
1216 1864 1388 1930 cuiuslibet
1410 1868 1458 1930 rei
1480 1887 1622 1945 cansam,
1644 1888 1704 1933 nee
1726 1868 1813 1934 alind
1835 1891 1990 1951 quaerere
2008 1868 2049 1934 ad

59 1951 155 2016 hodie
175 1950 318 2017 habeant
339 1953 438 2017 totius
459 1950 740 2034 mundiproeeres,
763 1951 839 2035 quid
862 1951 938 2016 inde
960 1960 1029 2034 pot·
1082 1949 1251 2013 seientiam
1273 1950 1337 2015 nisi
1355 1951 1467 2016 Iesum
1489 1952 1667 2031 Christum,
1690 1976 1789 2037 qnam
1807 1974 1865 2037 331
1887 1955 2048 2037 quaestio·

59 2037 121 2101 erit
148 2037 231 2102 lueri
264 2036 436 2104 accedere?
487 2038 578 2103 Nihil
607 2059 684 2122 ergo
707 2037 849 2121 putidius
872 2058 968 2120 qnam
990 2036 1030 2101 il-
1081 2055 1160 2098 num
1179 2034 1376 2100 subtilitates
1402 2046 1435 2101 et
1459 2038 1698 2122 multiloquium
1724 2040 1758 2103 in
1777 2041 1978 2124 impietatem
1995 2061 2048 2106 ea·

59 2121 98 2187 lis
120 2123 260 2188 obiicere
283 2129 357 2202 [pag.
380 2127 453 2202 134]
476 2122 562 2206 quod
584 2123 837 2190 remotissimum
860 2126 918 2201 331,
942 2144 979 2188 ac
1002 2123 1030 2187 si
1082 2118 1166 2184 dere.
1217 2120 1304 2186 Huic
1331 2142 1457 2206 quoque
1484 2132 1572 2190 recte
1599 2126 1799 2210 suffragatur
1819 2125 1983 2204 Hilarius,
2011 2127 2047 2190 in

59 2211 357 2360 &elffii-‘l’
379 2208 953 2377 litt::ltttttltfttm
976 2315 1027 2358 3
1080 2204 1566 2377 :tlttttttlltmcl
1588 2210 2046 2363 iihislfflmtlffful

843 2347 850 2372 ,
1614 2320 1624 2360 1
1723 2319 1739 2361 s
1786 2319 1828 2363 ua
1911 2319 2011 2361 nsv
2031 2333 2046 2345 ·

59 2380 101 2445 tis
125 2379 269 2463 amplam
297 2317 656 2463 pietimoqexcrecndie
685 2381 853 2446 materiam
882 2379 1028 2462 proposi·
1080 2397 1163 2441 care.
1208 2378 1249 2442 ln
1273 2318 1789 2460 313311133113311133111333ιῖ
1812 2383 2046 2461 3313131131313,

59 2475 125 2530 tam
149 2485 220 2531 3333
243 2467 367 2543 asserit,
389 2467 563 2549 inquibus
585 2466 1028 2547 rebusutrinqueeonveni-
1080 2464 1108 2526 si
1135 2463 1246 2527 Iesum
1273 2469 1348 2543 [pag.
1371 2469 1444 2545 133]
1470 2466 1638 2532 Christum
1666 2466 1826 2533 credimus
1854 2467 2046 2534 suscitatum

58 2559 121 2615 tur.
167 2550 910 2635 9311313311,3311333313110111131111
941 2572 1027 2615 mor·
1080 2569 1101 2613 a
1130 2549 1282 2627 mortuis,
1322 2551 1490 2635 31133331
1522 2573 1592 2618 esse
1625 2554 1804 2619 Dominum
1843 2555 2044 2620 confitemur.

34 2672 35 2677 ι
59 2646 153 2701 13331
175 2638 474 2716 311331331131131,
507 2636 547 2702 13
574 2638 708 2702 33111313
729 2638 802 2702 Deo
825 2647 858 2702 et
880 2639 1028 2719 proximo
1080 2632 1148 2699 Sed
1168 2640 1304 2718 uterque
1326 2636 1372 2702 sic
1392 2638 1565 2719 praefatus,
1588 2659 1630 2702 an
1652 2661 1719 2705 non
1740 2660 1803 2723 qua
1824 2646 1931 2722 potest
1947 2639 2046 2705 vehe-

59 2721 258 2800 exhibenda,
291 2723 383 2787 nulla
415 2725 635 2788 eontreversia
666 2731 725 2788 331.
775 2722 876 2805 Atqui
909 2724 943 2786 in
976 2721 1028 2787 his
1078 2720 1201 2785 mentia
1222 2741 1349 2787 errores
1367 2723 1534 2807 exagitat?
1579 2723 1672 2805 Ques
1690 2724 1897 2809 labyrinthos
1918 2725 2047 2808 cogitur

59 2806 184 2873 duobus
207 2808 364 2891 capitibus
388 2810 517 2891 pietatis
540 2809 834 2874 summaconsistit.
868 2808 1026 2892 Nugator,
1078 2805 1234 2872 Irenaeus
1256 2806 1435 2886 discutere,
1463 2820 1500 2873 nt
1520 2809 1595 2875 fidei
1617 2811 1792 2892 puritatem
1815 2831 1835 2875 a
1855 2810 2047 2895 prodigiosis

59 2912 100 2957 an
122 2893 221 2958 fidem
241 2895 277 2957 in
303 2902 408 2959 morte
436 2904 469 2960 et
495 2894 733 2960 resurreetione
755 2894 880 2959 Christi
909 2894 1026 2972 locant,
1077 2891 1213 2956 fallaciis
1235 2891 1400 2958 vindicet?
1457 2892 1565 2974 Quam
1587 2896 1685 2960 anxie
1709 2898 1745 2960 in
1766 2895 1928 2962 diluendis
1949 2896 2047 2961 Aria·

58 2979 113 3062 qui
136 2978 238 3045 libere
271 3001 329 3044 sno
351 2980 484 3046 arbitrio
506 2989 539 3045 et
563 2979 688 3045 meritis
710 3001 810 3064 prope
832 2980 1028 3044 exinaniunt
1078 2999 1195 3042 norum
1217 2978 1343 3043 cavillis
1363 2977 1491 3044 laborat
1512 2981 1682 3047 Hilarius?
1734 2980 1845 3062 Quum
1869 2982 1920 3047 his
1942 2992 2046 3047 certa-

58 3065 124 3128 vim
152 3066 222 3130 eine
255 3074 288 3129 31
319 3065 482 3131 fructum?
516 3066 572 3148 qui
599 3067 722 3131 fictitiis
754 3065 1027 3131 satisfactionibus
1077 3063 1221 3129 minibus
1261 3084 1296 3130 se
1327 3072 1494 3144 exercent,
1536 3066 1722 3133 dicemusne
1761 3069 1829 3133 eins
1843 3086 1847 3090 “
1862 3067 2046 3133 sobrietatis

57 3154 130 3229 [pag.
153 3155 227 3230 131]
258 3149 404 3216 obruunt
475 3153 613 3217 atnitam
645 3161 853 3233 peccatorum
885 3152 1040 3229 veniam,
1077 3149 1177 3215 fuisse
1203 3149 1318 3216 oblitos
1349 3171 1447 3233 quam
1475 3151 1573 3234 paulo
1606 3159 1683 3217 ante
1715 3151 2044 3219 commendaverant?

58 3246 91 3301 et
112 3236 169 3319 qui
187 3256 226 3301 ea
247 3237 373 3319 expiari
395 3173 511 3302 vohint
532 3236 728 3321 quotidianis
749 3235 937 3302 sacrificiis?
970 3237 1026 3318 qni
1076 3234 1149 3299 Imo
1167 3235 1213 3299 ita
1233 3236 1377 3300 maxime
1398 3236 1496 3302 sobrii
1518 3239 1741 3320 reperiuntur,
1769 3237 1849 3303 dum
1878 3237 1961 3302 nihil
1983 3238 2045 3303 im·

57 3328 211 3404 patronos
244 3329 277 3386 et
311 3320 484 3389 advocatos
519 3320 697 3388 hincinde
733 3321 795 3388 sibi
824 3321 1026 3402 accersendo,
1077 3320 1181 3385 minui
1202 3320 1366 3386 sustinent
1386 3342 1428 3387 ex
1451 3322 1597 3388 doctrina
1619 3323 1719 3389 verbo
1740 3323 1804 3389 Dei
1826 3323 1994 3406 patefacta.

60 3406 232 3473 Christum
260 3409 295 3474 in
327 3409 424 3475 turba
452 3407 636 3475 occultant?
692 3408 739 3472 Et
771 3428 873 3491 quum
900 3408 1026 3473 invitus
1163 3404 1305 3472 Videtur
1326 3406 1460 3491 quidem
1481 3408 1667 3491 exemplum
1680 3409 1764 3493 quod
1782 3414 1856 3488 [pag.
1877 3412 1950 3489 143]
1972 3431 2045 3492 313-

57 3512 224 3577 agnoscas,
245 3494 400 3577 pietatem
419 3494 480 3561 coli
491 3493 570 3559 dum
581 3494 844 3576 obtemperamus
856 3491 921 3558 Dei
932 3514 1026 3558 man-
1077 3491 1167 3557 ducit
1194 3512 1324 3572 censor,
1356 3493 1463 3559 eolore
1487 3495 1623 3560 rationis
1650 3515 1716 3560 non
1744 3498 1869 3573 carere,
1901 3494 1981 3560 dnm
2010 3497 2046 3561 in

58 3576 157 3656 datis,
186 3600 228 3643 33
249 3600 317 3643 non
345 3578 385 3645 de
413 3578 475 3646 hec
502 3579 603 3644 etiam
626 3579 730 3663 eapite
753 3579 911 3644 acerrima
932 3578 1026 3644 nobis
1078 3575 1251 3642 tractanda
1271 3576 1569 3661 praedestinatione
1591 3579 1845 3646 moderationem
1857 3581 1967 3665 exigit.
2000 3581 2046 3646 Et

57 3673 107 3730 est
129 3663 310 3730 dimicatio:
343 3664 423 3730 dnm
445 3686 506 3732 nes
532 3665 717 3749 legislatore
738 3686 804 3730 uno
825 3664 970 3730 contenti
990 3664 1026 3729 in
1077 3670 1164 3728 certe
1186 3661 1299 3728 sedulo
1321 3665 1503 3731 cavendnm
1525 3674 1585 3745 331,
1607 3687 1650 3732 33
1666 3666 1832 3750 perplexis
1852 3674 1886 3732 ct
1907 3667 2046 3748 spinosis

57 3751 127 3815 eins
154 3748 227 3834 lege
254 3751 501 3833 acquiescimus:
536 3765 612 3834 pars
640 3749 779 3816 adversa
811 3749 894 3815 nihil
928 3770 1025 3834 quam
1077 3747 1318 3831 quaestionibus
1344 3771 1405 3816 nos
1433 3750 1645 3833 implicemus.
1701 3749 1768 3817 Sed
1801 3749 1887 3816 31111
1921 3750 2045 3816 homini

58 3835 203 3901 humana
231 3845 414 3902 commenta
441 3844 475 3902 et
501 3836 621 3919 placita
649 3834 870 3919 opprimendis
897 3835 1026 3902 miseris
1076 3831 1233 3900 maledico
1255 3835 1537 3902 consilinmfhisee
1559 3837 1759 3903 exclausula
1776 3836 1886 3921 liquet
1920 3834 2045 3918 Quam-

58 3921 265 3987 eoneeientiis
287 3920 451 3987 obtrudit?
494 3922 621 3987 Verum
642 3922 772 4005 quidem
795 3920 952 4004 estquod
975 3929 1025 3985 at·
1077 3921 1129 3986 vis
1152 3920 1239 3984 enim
1261 3920 1419 3987 invidiam
1450 3921 1607 4000 declinet,
1634 3922 1691 3988 nbi
1720 3924 1842 3988 fatetur
1869 3922 2045 3988 nonnullae

57 4006 151 4087 texis,
173 4005 298 4072 Christi
320 4006 494 4090 discipulos
515 4028 581 4072 nen
610 4008 727 4073 sectari
755 4006 891 4073 subtiles
912 4006 953 4072 de
974 4028 1025 4071 re·
1076 4025 1149 4071 esse
1166 4007 1371 4088 quaestiones
1387 4027 1470 4090 quae
1492 4007 1658 4073 aeurioeis
1679 4018 1712 4073 et
1731 4008 1883 4091 inquietis
1905 4008 2045 4073 homini·

57 4093 117 4159 bus
138 4091 251 4158 arduis
273 4094 493 4176 quaestiones,
521 4115 581 4159 nee
602 4092 730 4159 curiose
752 4093 950 4177 investigare
972 4113 1025 4158 res
1075 4089 1138 4157 bns
1150 4091 1309 4158 excitatae
1320 4092 1420 4158 etiam
1437 4093 1539 4159 doctis
1556 4101 1589 4158 et
1624 4094 1664 4159 iis
1681 4093 2045 4178 hominibusnegotinm

58 4183 133 4258 [pag.
154 4182 229 4258 133]
249 4177 388 4244 latentes
411 4186 445 4243 31
462 4178 601 4245 abditos:
625 4177 1023 4244 3131333131333113-
1076 4177 1211 4256 faciunt,
1234 4178 1310 4261 quia
1331 4179 1514 4262 eosquibns
1535 4188 1588 4245 311
1613 4179 1678 4243 'nm
1702 4179 1766 4244 fuit
1788 4180 1963 4263 gratuitam
1980 4178 2046 4246 Dei

54 4263 211 4349 plicitatis
228 4265 301 4330 fuco
323 4264 441 4330 lateret
452 4265 590 4330 astutiae
602 4284 773 4330 venenum.
808 4263 1022 4346 Perroqnum
1075 4262 1264 4329 electionem
1295 4285 1439 4330 asserere
1461 4265 1589 4346 oblique
1609 4266 1724 4348 carpit,
1747 4264 1926 4330 doctrinam
1946 4265 2044 4330 simul

56 4349 139 4415 nulli
152 4351 261 4414 minus
273 4350 411 4434 argutiis
432 4349 633 4434 indulgeant,
657 4359 753 4433 quam
772 4370 853 4432 quos
874 4370 941 4414 non
962 4350 1024 4414 mi·
1075 4348 1182 4432 ipsam
1202 4369 1285 4432 qnae
1305 4350 1427 4416 fontem
1446 4349 1561 4415 salutis
1578 4359 1710 4417 nostrae
1732 4348 1883 4428 ostendit,
1906 4358 1939 4414 et
1959 4371 2043 4433 qnae

54 4457 118 4501 nus
135 4434 278 4520 indigne,
301 4456 399 4520 qnam
417 4436 561 4521 maligne
579 4435 789 4534 perstringis:
813 4455 932 4500 annon
951 4434 1024 4501 vnl-
1075 4434 1148 4518 piae
1168 4444 1362 4519 sanctaeque
1392 4435 1587 4501 humilitatis
1615 4438 1747 4502 unicum
1771 4444 1822 4502 est
1848 4434 2042 4501 fundamen·

54 4542 112 4606 pes
134 4521 195 4587 sub
218 4521 323 4588 alieno
344 4521 459 4589 habitu
481 4530 513 4587 te
534 4520 664 4607 gallinis
674 4521 824 4587 13313133
834 4520 1023 4587 custodem?
1076 4528 1162 4600 tum,
1196 4519 1331 4606 indigne
1358 4527 1431 4601 [pag.
1454 4526 1526 4602 141]
1554 4521 1622 4586 suis
1651 4522 1821 4587 calumniis
1849 4520 2042 4600 deformans,

53 4607 151 4673 Esto:
181 4606 372 4691 simplicitas
400 4608 488 4673 inter
512 4608 576 4673 Dei
604 4606 687 4673 filios
716 4608 859 4690 primum
884 4605 1023 4690 3131113
1074 4608 1186 4670 furtim
1214 4607 1409 4673 labefactare
1441 4607 1565 4672 nititur.
1620 4607 1740 4673 Fateor
1771 4627 1851 4672 sane
1887 4626 2042 4671 arcannm

53 4705 185 4759 teneat:
209 4693 323 4759 antibi
342 4691 495 4758 videntur
513 4693 669 4760 derebus
687 4692 812 4758 frivolis
834 4692 946 4770 rixari,
969 4694 1024 4775 qui
1074 4690 1140 4755 Dei
1162 4691 1325 4771 iudicium,
1348 4713 1411 4775 qno
1433 4692 1512 4759 alios
1534 4691 1575 4758 ad
1597 4693 1745 4770 salntem,
1767 4692 1849 4757 alios
1866 4690 1907 4756 ad
1929 4691 2041 4755 interi·

51 4777 257 4847 centendunt
277 4779 311 4843 in
334 4793 452 4844 nature
473 4790 586 4845 nostra
607 4778 769 4845 3111113333
786 4779 850 4843 nisi
872 4779 1023 4842 vitiosum
1075 4786 1146 4841 tum
1178 4777 1445 4860 praedestinavit,
1478 4799 1606 4862 semper
1633 4780 1806 4863 impiorum
1833 4775 2042 4858 blasphemiis

51 4873 89 4932 et
109 4871 313 4949 corruptum,
342 4863 444 4932 donec
477 4865 595 4948 spiritu
625 4865 686 4930 Dei
714 4863 861 4949 regeniti
881 4863 1023 4929 iustitiae
1074 4863 1174 4928 fnisse
1197 4865 1394 4946 expositum:
1417 4873 1451 4928 et
1472 4863 1532 4930 hoc
1553 4864 1718 4931 doctrinae
1735 4870 1832 4945 capnt
1852 4861 1952 4927 fuisse
1974 4883 2041 4927 non

48 4950 229 5018 vivamus?
280 4952 334 5015 An
367 4950 474 5016 inanis
503 4951 562 5016 tibi
589 4961 640 5015 est
671 4951 862 5034 speculatio,
896 4956 1024 5014 mentes
1074 4949 1247 5032 superfluis
1268 4950 1373 5026 mode,
1401 4948 1458 5014 sed
1480 4950 1586 5015 noxiis
1608 4949 1848 5032 quaestionibus
1870 4968 2040 5031 perperam

46 5051 183 5104 nostras
205 5056 316 5101 caecas
338 5058 418 5114 esse,
441 5035 542 5102 donec
564 5036 692 5101 coelesti
712 5038 816 5121 gratia
836 5034 1023 5100 illuminen·
1075 5032 1279 5099 distractum:
1304 5034 1381 5100 dnm
1399 5035 1528 5116 profani
1548 5032 2040 5118 hominesinprofundasabys-

45 5123 128 5192 tur?
162 5121 260 5189 eorda
282 5144 353 5187 esse
373 5142 529 5205 perversa
551 5132 584 5186 et
605 5125 827 5189 contumaciae
850 5127 922 5202 [pag.
949 5124 1023 5197 137]
1074 5141 1126 5185 sos
1148 5138 1243 5184 caeca
1264 5122 1448 5186 temeritate
1475 5134 1646 5204 penetrare
1667 5140 1733 5183 nen
1755 5118 1913 5184 dubitant.
1937 5119 2040 5185 Frao-
