4590 5858
70 254 133 316 833
212 275 216 280 ·
885 249 1250 319 ΡΕΔΕΕΔΤΙΟΝΕΒ.
1998 259 2064 322 834

71 447 148 508 sunt
176 438 338 517 destituti,
362 439 422 505 hoo
443 438 542 503 etiam
568 439 655 522 ipso,
677 439 764 523 qued
787 459 891 505 unum
912 439 977 504 illis
999 460 1040 504 ex
1091 439 1146 506 hie
1178 446 1333 522 tanquam
1365 440 1400 504 in
1427 462 1462 506 re
1490 441 1613 507 difficili
1639 441 1808 508 immorari
1836 443 1963 523 videar,
1996 466 2064 511 non

71 525 222 592 omnibus
243 525 386 589 restabat
407 525 539 590 carere?
581 523 676 607 Quod
698 526 727 591 si
747 526 877 609 pietatis
898 525 1041 590 officium
1092 524 1179 589 ultra
1200 525 1359 592 insistam.

71 620 135 691 est,
162 610 334 677 imbecillis
361 631 495 675 manum
523 609 615 689 dare,
647 619 681 676 et
707 631 745 676 eo
774 611 963 695 diligentius
994 609 1040 675 eie
1178 610 1247 676 Cur
1268 621 1377 676 autem
1399 611 1668 698 chrysostomum
1698 635 1740 678 ex
1761 615 1911 680 omnibus
1933 617 2063 697 potissi·

71 696 225 781 opitulari
253 719 315 779 quo
342 695 437 779 plura
459 696 538 779 ipsis
561 696 693 775 desunt,
724 696 859 764 videant
880 717 922 761 ne
943 695 1040 760 inhu·
1091 717 1183 760 mum
1206 695 1396 782 delegerim,
1421 699 1492 763 eius
1514 720 1640 782 quoque
1667 699 1714 763 rei
1737 700 1842 766 obiter
1862 699 2063 766 ostendenda

71 784 238 849 munitatis
260 783 377 846 merito
400 790 597 865 arguantur,
622 782 650 847 si
672 783 729 865 qni
752 782 839 847 hunc
861 803 969 847 meum
993 780 1041 845 la·
1092 781 1177 846 ratio
1200 790 1259 847 est.
1304 785 1354 848 Ao
1382 785 1523 866 primum
1547 784 1679 867 quidem
1701 787 1887 852 meminisse
1908 787 2063 852 lectorem

70 869 181 935 berem
203 867 459 951 reprehendent,
488 889 552 950 quo
574 868 657 931 nihil
680 868 769 933 aliud
790 869 872 933 mihi
894 867 1041 949 proposi·

70 963 142 1019 tum
164 955 340 1037 tunquam
363 953 403 1017 ad
425 954 602 1036 scripturae
624 973 735 1019 sacrae
757 954 929 1020 lectionem
951 951 1041 1017 rudi·

71 1042 132 1106 bus
153 1061 191 1106 ac
211 1039 375 1104 illiteratis
397 1041 486 1103 viam
508 1047 662 1104 sternere.

156 1125 316 1208 Equidem
339 1145 406 1188 non
428 1146 480 1188 me
500 1125 586 1208 fugit
607 1123 684 1206 quid
707 1123 761 1189 hio
782 1125 936 1189 obiectari
958 1125 1039 1189 mihi

71 1221 181 1296 queat:
205 1210 483 1295 Chrysostcmum,
506 1230 604 1292 quem
624 1209 724 1292 vulgo
745 1210 915 1274 hominum
933 1208 1040 1292 publi·

72 1319 146 1364 aare
167 1298 313 1375 instituo,
336 1296 437 1361 doctis
460 1305 589 1360 tantum
611 1305 644 1360 et
665 1294 833 1361 literarum
856 1297 968 1378 peritis
989 1296 1041 1360 lu·

72 1383 276 1450 oubrationes
298 1403 374 1447 suas
399 1381 587 1446 destinasse.
632 1383 678 1445 At
698 1402 793 1459 vero,
821 1382 886 1445 nisi
907 1392 940 1446 et
962 1383 1041 1446 titu-

71 1470 123 1535 lus
144 1477 179 1533 et
199 1468 353 1532 orationis
375 1467 563 1549 compositio
591 1468 763 1545 mentitur,
791 1487 871 1549 quos
898 1465 939 1532 ad
968 1467 1041 1531 uni-

72 1575 204 1621 versum
232 1553 383 1635 populum
417 1572 584 1617 sermones
616 1551 732 1616 habuit
765 1552 819 1618 hic
852 1551 1041 1634 complexus

72 1649 129 1707 est.
173 1639 227 1704 Ito
254 1647 341 1705 certe
368 1648 401 1702 ot
427 1658 537 1703 rerum
565 1637 791 1703 tractationem
813 1647 846 1702 et
867 1637 1042 1703 dictionem

72 1732 274 1808 attemperat,
296 1724 390 1806 quasi
412 1723 582 1788 hominum
604 1723 851 1787 multitudinem
870 1725 1042 1789 instituere

73 1812 159 1878 velit.
204 1810 346 1875 Proinde
373 1810 494 1874 frustra
524 1810 597 1891 quis
626 1808 815 1886 contendat,
848 1830 924 1874 eum
955 1810 1042 1874 inter

71 1898 179 1963 doctos
202 1896 404 1961 reconditum
427 1917 496 1961 esse
519 1901 683 1979 oportere,
711 1915 815 1977 quum
843 1895 918 1959 data
944 1916 1043 1978 opero

70 1982 232 2050 studuerit
252 2002 323 2046 esse
346 1982 518 2064 popularis.
563 1979 662 2045 Certe
690 1981 770 2045 haec
793 1980 874 2044 mihi
895 1980 967 2062 plus
989 2002 1041 2046 sa-

70 2071 112 2135 tis
144 2070 228 2132 iusta
259 2069 422 2133 excusatio
450 2075 513 2145 ost,
548 2064 633 2148 quod
665 2086 797 2131 oausam
828 2066 932 2131 habeo
966 2087 1042 2131 eum

71 2154 305 2239 Chrysostomo
336 2153 543 2218 coniunctam
556 2154 595 2236 ¹),
623 2152 700 2234 quia
727 2151 808 2216 nihil
832 2151 921 2215 aliud
943 2173 1040 2234 quarn

70 2263 144 2307 oum
174 2239 266 2322 plebe
295 2240 496 2303 communico
528 2258 610 2320 quae
642 2237 697 2301 ille
729 2237 814 2320 plebi
847 2237 1039 2302 nominatim

69 2327 243 2407 inscripsit.
276 2325 389 2406 Neque
411 2324 445 2387 id
466 2324 554 2389 solus
575 2324 646 2405 ipse
667 2323 751 2387 feeit.
796 2321 864 2388 Sed
886 2323 942 2387 alii
961 2343 1040 2405 quo·

70 2433 132 2494 que
155 2420 283 2474 veteres
304 2411 494 2493 praecipuas
515 2430 591 2474 suas
609 2409 747 2491 vigilias,
768 2429 870 2489 quum
889 2409 1039 2473 homilias

69 2498 272 2579 inscripsere,
294 2495 415 2579 populo
444 2496 490 2560 sic
515 2492 715 2560 dedicarunt.
760 2493 930 2559 Tenebant
952 2495 1039 2558 enim

69 2592 156 2649 recte
183 2582 273 2646 illam
296 2580 392 2646 Pauli
420 2580 581 2664 regulam,
607 2601 719 2644 omnes
740 2601 821 2662 quas
843 2580 948 2645 sorvis
971 2579 1039 2645 suis

68 2669 240 2734 facultates
262 2667 400 2733 eontulit
420 2668 512 2731 Deus
533 2666 672 2730 conferri
698 2666 738 2730 ad
761 2667 906 2730 omnium
927 2664 1039 2731 aedifi·

67 2755 226 2820 cationem
255 2763 411 2835 oportere.
465 2752 634 2816 Noverunt
661 2752 781 2827 etiam,
817 2772 881 2833 quo
905 2752 1040 2832 quisque

66 2840 172 2923 magis
193 2858 253 2903 sua
274 2859 372 2921 opera
392 2836 565 2921 indigeret,
589 2858 626 2901 eo
649 2839 753 2921 magis
773 2857 808 2901 se
828 2838 876 2901 illi
894 2858 963 2902 esse
983 2837 1039 2902 ad·

65 2927 204 2991 strictos.
249 2925 334 2989 Nam
361 2925 390 2988 si
411 2923 548 3000 Paulus,
577 2931 746 3005 postquam
774 2932 890 3005 raptus
915 2923 951 2986 in
974 2931 1038 2988 ter-

66 3012 148 3076 tium
177 3010 301 3074 coelum
323 3011 430 3073 iuerat
458 3029 495 3073 ao
516 3008 645 3073 viderat
667 3020 787 3072 aroana
808 3008 933 3072 homini
955 3008 1043 3072 inei-⁴

66 3096 190 3171 labilia,
219 3116 254 3160 se
281 3105 392 3159 tamen
421 3093 527 3158 adhuc
554 3094 732 3159 debitorem
761 3092 896 3157 rudibus
919 3115 956 3159 ae
978 3095 1038 3158 im-

65 3182 179 3264 peritis
200 3183 380 3263 profitetur,
404 3178 563 3262 quomodo
586 3200 621 3243 se
643 3179 691 3243 illi
711 3200 750 3243 ea
767 3178 951 3244 conditione
969 3181 1037 3244 exi-

65 3278 201 3332 merent.
246 3268 336 3350 Ergo
366 3263 640 3349 quemadmodum
667 3264 716 3328 illi
743 3264 828 3346 quod
857 3265 952 3330 officii
986 3265 1037 3329 sui

65 3361 136 3418 erat
155 3352 291 3417 minime
315 3352 563 3434 praestitissent,
586 3351 650 3416 nisi
672 3351 708 3414 in
730 3371 900 3415 commune
922 3357 1036 3415 eontu-

64 3438 179 3504 lissent
208 3435 294 3519 quod
322 3459 341 3500 a
364 3436 508 3502 Domino
531 3444 737 3518 acceperant,
766 3436 813 3500 ita
839 3446 871 3500 et
898 3457 957 3501 nos
984 3436 1035 3500 in-

65 3524 141 3599 vidi,
165 3525 194 3588 si
215 3523 333 3606 populo
352 3523 415 3586 Dei
432 3543 498 3587 non
516 3523 724 3605 impertimur
746 3520 832 3604 quod
853 3543 948 3585 suum
970 3526 1034 3586 est:

65 3618 96 3675 et
133 3611 203 3692 ipse
242 3611 410 3693 ingratus,
451 3608 517 3672 nisi
548 3606 694 3672 oblatum
725 3607 787 3672 sibi
820 3606 884 3671 Dei
915 3629 1035 3672 munus

64 3702 216 3778 prompto
238 3695 347 3758 animo
369 3695 454 3760 susci
479 3695 533 3759 iat.

149 3781 224 3846 Huc
252 3780 350 3845 etiam
379 3715 503 3844 accedit
529 3778 614 3862 quod
642 3799 710 3845 non
732 3799 860 3860 semper
885 3779 932 3842 ita
953 3778 1035 3843 bene

64 3865 230 3931 nobiscum
251 3868 369 3950 agitur,
392 3874 430 3930 ut
451 3865 507 3948 qui
528 3863 738 3929 ecelesiarum
765 3864 1036 3928 administrationi

63 3959 221 4035 praeeunt
241 3952 288 4015 ita
307 3953 373 4016 sint
395 3952 430 4015 in
451 3970 567 4034 graeco
587 3949 754 4033 latinaque
776 3949 890 4034 lingua
911 3950 1035 4014 exerci-

1092 875 1231 950 oportet,
1261 867 1356 951 quale
1384 870 1427 933 sit
1454 871 1565 952 scripti
1617 891 1698 934 enus
1718 871 1753 935 in
1775 893 1838 952 quo
1861 874 1968 953 ipsum
1990 872 2062 937 aliis

1091 953 1312 1035 praetulerim.
1357 953 1444 1019 Sunt
1465 964 1574 1019 autem
1594 891 1757 1032 homiliae,
1781 977 1863 1038 quae
1886 978 1986 1038 quum
2004 978 2063 1021 va·

1092 1037 1149 1103 riis
1172 1039 1317 1121 partibus
1339 1047 1496 1118 constent,
1519 1041 1661 1124 primum
1683 1049 1794 1107 tamen
1816 1044 1850 1105 in
1872 1043 1937 1107 illis
1955 1042 2063 1109 locum

1092 1134 1183 1188 tenet
1204 1126 1386 1207 scripturae
1402 1126 1635 1208 interpretatio,
1658 1128 1692 1190 in
1710 1147 1774 1209 qua
1791 1126 2062 1206 chrysostomum

1093 1218 1241 1274 nostrum
1261 1218 1407 1276 vetustos
1425 1233 1537 1277 omncs
1555 1213 1728 1294 scriptores
1746 1213 1802 1294 qui
1820 1213 1915 1278 hodie
1933 1221 2064 1279 exstant

1093 1294 1285 1361 antecedere
1305 1317 1401 1361 nemo
1421 1297 1493 1361 sani
1515 1296 1626 1362 iudicii
1648 1300 1825 1381 negaverit.
1864 1299 2065 1364 Praesertim

1093 1380 1149 1445 ubi
1171 1402 1293 1446 novum
1315 1390 1545 1447 testamentum
1568 1391 1693 1448 tractat.
1715 1384 1812 1447 ·Nam
1835 1385 2006 1465 quominus
2028 1386 2065 1449 in

1093 1467 1196 1530 veteri
1216 1475 1345 1532 tantum
1367 1475 1556 1550 praestaret,
1578 1468 1727 1534 obstabat
1745 1469 1914 1534 hebraicae
1931 1471 2063 1553 linguae

1092 1551 1266 1634 imperitia.
1310 1555 1360 1618 Ae
1387 1575 1430 1618 ne
1453 1553 1504 1620 vel
1527 1561 1649 1619 temere
1671 1562 1815 1619 statuere
1839 1555 1879 1619 de
1902 1566 1995 1620 tanta
2017 1578 2062 1630 re,

1093 1637 1146 1703 vel
1167 1637 1322 1703 iniuriam
1339 1639 1475 1705 caeteris
1492 1639 1598 1704 facore
1617 1640 1736 1716 videar,
1755 1643 1866 1723 paucis
1884 1642 2063 1723 expediam,
2111 1718 2113 1723 s

1093 1743 1157 1805 quo
1186 1723 1257 1788 iure
1284 1723 1414 1789 laudem
1442 1725 1556 1804 istam,
1585 1746 1667 1808 quae
1694 1746 1713 1789 a
1740 1748 1792 1790 me
1820 1727 1867 1790 illi
1900 1728 2063 1806 tribuitur,

1092 1809 1230 1874 meritus
1252 1809 1303 1874 sit.

1178 1895 1270 1958 Inter
1282 1894 1426 1961 Graecos
1447 1917 1542 1961 neme
1565 1904 1640 1960 ante
1663 1897 1770 1979 ipsum
1792 1917 1852 1962 nco
1875 1899 1975 1962 enam
1994 1899 2065 1965 eius

1094 1981 1222 2046 saeculo
1244 1981 1316 2059 fuit,
1339 1982 1431 2047 euius
1452 1993 1663 2046 monumenta
1687 1982 1781 2047 hodie
1803 1992 1948 2061 exstent,
1972 2005 2065 2066 prae·

1094 2075 1144 2131 ter
1162 2064 1220 2132 Ori
1245 2088 1349 2144 enem,
1369 2065 1598 2145 Athanasium,
1617 2068 1776 2132 Basiliam
1798 2089 1835 2133 ac
1856 2069 2063 2152 Gregorium.

1093 2152 1195 2234 Atqui
1218 2087 1379 2235 dagones
1407 2153 1571 2236 perpetuis
1598 2153 1760 2236 allegoriis
1788 2155 1968 2236 scripturae
1997 2156 2064 2220 sin·

1093 2239 1263 2303 ceritatem
1296 2238 1392 2303 valde
1420 2237 1579 2304 obscurat.
1634 2238 1718 2303 (lum
1746 2239 1797 2303 his
1810 2242 1831 2319 ¹)
1868 2240 1959 2304 nulla
1987 2263 2064 2307 eon·

1092 2324 1195 2388 tentio
1218 2344 1287 2388 csso
1309 2331 1424 2406 potest,
1449 2322 1534 2407 quod
1552 2323 1662 2388 nullae
1680 2345 1792 2389 eorum
1811 2324 1972 2390 habentur
1990 2347 2064 2408 per-

1092 2417 1208 2491 petuae
1235 2411 1457 2474 enarrationes
1482 2430 1564 2492 quae
1592 2431 1664 2476 oum
1690 2410 1783 2474 istius
1806 2411 2064 2477 enarrationibus

1092 2495 1309 2560 conferantur.
1363 2496 1473 2577 Atque
1507 2516 1548 2559 ex
1582 2496 1726 2578 perieulis
1765 2517 1847 2577 quac
1886 2508 2064 2578 supersunt

1092 2581 1310 2646 coniecturam
1337 2581 1443 2645 facere
1464 2580 1557 2655 licet,
1586 2579 1666 2646 duos
1692 2591 1870 2663 postremos
1893 2582 1934 2646 ad
1957 2583 2063 2649 decla-

1092 2667 1251 2731 mationes
1279 2667 1378 2731 fuisse
1406 2667 1511 2750 magis
1543 2676 1638 2731 natos
1669 2688 1766 2748 quom
1799 2667 1838 2730 ad
1871 2667 2064 2733 didacticam

1092 2751 1254 2817 scribendi
1285 2755 1454 2817 rationem.
1509 2753 1563 2816 Ex
1596 2752 1636 2817 iis
1668 2753 1724 2834 qui
1758 2754 1904 2835 proxime
1936 2755 2064 2836 sequuti

1091 2846 1169 2902 sunt
1195 2846 1335 2902 aetatem
1362 2837 1467 2915 illam,
1495 2837 1622 2920 primus
1646 2848 1696 2902 est
1721 2838 1881 2921 Oyrillus,
1911 2840 2064 2923 egregius

1091 2943 1168 2987 sane
1199 2924 1373 3005 interpres,
1406 2932 1440 2988 et
1470 2923 1525 3005 qui
1558 2924 1646 2987 inter
1674 2923 1818 2988 Graecos
1851 2924 2012 2992 secundus
2044 2945 2064 2989 a

1090 3006 1325 3092 Chrysostomo
1347 3007 1517 3073 numerari
1538 3019 1644 3090 queat,
1672 3029 1739 3072 non
1761 3017 1872 3073 tamen
1894 3031 1969 3075 curn
1991 3013 2063 3093 ipso

1090 3102 1225 3159 certare.
1287 3093 1553 3177 Theophylactus
1588 3093 1720 3158 aliunde
1753 3095 1918 3159 aestimari
1952 3096 2065 3178 nequit
2121 3124 2125 3133 ·

1089 3179 1216 3256 melius,
1239 3200 1338 3330 guam
1359 3179 1444 3262 quod
1467 3178 1551 3243 nihil
1573 3179 1671 3244 habet
1699 3178 1794 3244 lande
1817 3180 1954 3263 dignum
1976 3180 2062 3263 quod

1089 3286 1155 3329 non
1188 3286 1208 3329 a
1269 3265 1473 3348 hrysostomo
1505 3267 1689 3347 sumpserit.
1746 3266 1865 3330 Plures
1893 3287 2061 3331 recensere

1089 3350 1173 3414 nihil
1201 3371 1283 3434 opus
1311 3359 1375 3427 est,
1408 3350 1448 3415 de
1474 3351 1592 3433 quibus
1620 3351 1843 3415 controversia
1873 3371 1943 3416 esse
1971 3351 2063 3418 nulla

1088 3444 1202 3517 potest.

1175 3520 1343 3602 Quantum
1366 3521 1407 3586 ad
1434 3521 1572 3586 Latinos
1602 3522 1732 3596 attinet,
1757 3521 1964 3599 Tertulliani,
1994 3522 2061 3605 (ly-

1089 3607 1196 3689 priani
1224 3606 1351 3671 labores
1378 3607 1474 3672 istius
1500 3606 1630 3690 generis
1658 3605 1858 3672 exciderunt.
1904 3607 1972 3674 Neo
1999 3608 2061 3672 Hi-

1088 3692 1161 3756 larii
1189 3692 1293 3757 multa
1324 3692 1494 3757 habentur.
1539 3692 1776 3758 commentarii
1804 3693 1839 3755 in
1860 3692 2062 3759 Psalterium

1088 3798 1203 3860 parum
1228 3777 1269 3842 ad
1289 3777 1537 3861 intelligendam
1559 3778 1738 3862 prophetae
1761 3786 1905 3842 mentem
1927 3779 2059 3845 faciunt.

1089 3862 1239 3929 Oenones
1267 3863 1304 3927 in
1325 3863 1531 3929 Matthaenm
1559 3863 1633 3946 plus
1661 3862 1792 3946 quidem
1821 3865 1977 3928 momenti
2001 3865 2061 3930 ha·

1087 3950 1174 4014 bont.
1219 3947 1286 4014 Sed
1315 3949 1382 4014 illie
1410 3970 1536 4033 queque
1562 3948 1848 4032 deestpraeoipna
1871 3951 2060 4032 interpretis

64 4040 125 4102 tati
153 4049 188 4102 ut
214 4046 340 4102 veteres
361 4037 435 4101 illos
457 4036 631 4118 scriptores
652 4057 713 4101 sua
735 4036 847 4119 lingua
869 4034 1035 4117 loquentes
1088 4036 1208 4113 virtus,
1237 4033 1461 4117 perspicuitas.
1519 4035 1613 4116 Quae
1640 4036 1676 4098 in
1705 4045 1798 4098 vetus
1828 4044 2060 4101 testamentum

64 4123 177 4188 audire
203 4132 331 4204 queant.
385 4120 597 4204 Quantopere
624 4130 735 4186 autem
767 4121 900 4198 referat,
933 4120 1035 4187 eoele-
1087 4120 1217 4202 scripsit
1238 4119 1461 4204 Hieronymus
1487 4122 1604 4185 merito
1633 4120 1786 4202 exiguam
1815 4120 1944 4185 laudem
1972 4123 2059 4186 inter

64 4209 232 4274 siasticum
253 4215 414 4290 pastorem
437 4217 550 4272 tenere
577 4206 683 4289 qualis
710 4207 808 4272 fuerit
829 4215 959 4272 vetusta
981 4228 1033 4272 ec·
1087 4204 1197 4272 doctos
1224 4204 1352 4270 habent.
1405 4207 1468 4271 nst
1496 4206 1584 4272 enim
1613 4214 1699 4270 totus
1732 4206 1799 4269 fere
1827 4208 1861 4269 in
1894 4206 2057 4290 allegoriis

62 4293 179 4360 clasiae
207 4295 319 4370 facies,
346 4304 379 4358 et
407 4293 514 4375 aliqua
541 4292 658 4357 saltem
687 4291 890 4376 antiquitatis
918 4292 1035 4357 notitia
1086 4291 1262 4370 demersus,
1285 4291 1403 4372 quibus
1425 4291 1563 4356 nimium
1582 4291 1747 4355 licentiose
1766 4291 1962 4372 scripturam
1981 4313 2057 4357 eon-

63 4400 134 4446 esse
156 4379 355 4462 praeditum,
384 4380 493 4461 palam
521 4399 592 4443 esse
623 4378 782 4443 existimo.
827 4378 944 4460 Itaque
972 4377 1033 4443 hac
1086 4385 1223 4459 torquet.
1269 4376 1506 4442 Commentarii
1534 4379 1571 4441 in
1600 4377 1805 4460 evangelium
1834 4377 1996 4441 Matthaei
2024 4384 2057 4441 et

62 4487 191 4548 quoque
218 4474 310 4548 parte
337 4466 521 4531 fructuosus
549 4485 620 4529 esse
648 4466 767 4546 poterit
787 4484 880 4528 meus
902 4465 962 4528 iste
985 4463 1032 4528 la·
1085 4461 1202 4548 duas2)
1225 4462 1322 4528 Pauli
1348 4463 1499 4545 epistolas
1527 4462 1726 4539 tolerabiles,
1755 4462 1818 4527 nisi
1845 4460 1929 4543 quod
1952 4462 2056 4526 homi-

62 4551 130 4628 bor,
155 4551 206 4616 vel
228 4551 373 4614 omnium
395 4549 605 4627 confessione,
630 4549 706 4632 quia
723 4570 818 4615 nemo
836 4557 936 4632 negat
954 4548 1032 4615 utile
1084 4569 1160 4613 nem
1189 4569 1255 4613 non
1283 4549 1362 4613 satis
1394 4549 1428 4612 in
1456 4549 1554 4614 rebus
1585 4548 1809 4613 ecclesiasticis
1841 4549 2056 4612 exercitatum

61 4658 133 4704 esso
161 4638 287 4702 versari
314 4637 349 4700 in
376 4636 438 4703 hcc
465 4636 575 4718 scripti
602 4655 722 4719 genere
749 4654 862 4700 omncs
894 4655 948 4700 eos
977 4635 1033 4718 qui
1084 4634 1224 4716 sapiunt.
1257 4633 1376 4698 Melior
1398 4655 1435 4699 ao
1456 4634 1588 4700 uberior
1609 4635 1678 4717 ipso
1701 4632 1902 4708 Ambrosius,
1926 4632 2055 4697 tamemi

62 4722 200 4789 docendi
222 4723 423 4804 provinciam
450 4723 484 4786 in
506 4720 685 4787 christiano
707 4721 828 4803 populo
857 4720 1030 4786 sustinent
1084 4719 1193 4785 vorbis
1215 4720 1426 4785 brevissimus
1448 4729 1513 4797 cst,
1537 4741 1596 4786 nee
1630 4719 1715 4784 ullus
1737 4728 1787 4783 est
1815 4728 1886 4799 post
1909 4716 2054 4801 Chryso-

61 4810 281 4892 Reperientur
303 4815 414 4873 autem
436 4808 517 4872 forte
539 4806 688 4871 nonnulli
710 4808 765 4890 qui
787 4807 849 4871 hoo
868 4827 934 4871 non
956 4827 1032 4872 oon·
1085 4813 1227 4870 atomum
1244 4806 1299 4889 qui
1321 4805 1454 4889 propius
1475 4805 1516 4871 ad
1536 4807 1716 4890 scripturae
1727 4804 1947 4868 sinceritatem
1965 4824 2056 4869 acoe-

61 4902 240 4978 sequentur
261 4894 324 4959 nisi
343 4894 621 4975 interpretationis
642 4892 807 4959 beneficio.
842 4892 969 4957 Verum
991 4912 1033 4956 ne

1155 5095 1184 5158 1)
1204 5095 1242 5150 Id
1258 5101 1305 5160 eet,
1321 5111 1383 5150 curt
1401 5094 1565 5164 Athanasio,
1584 5095 1693 5149 Basilio
1711 5099 1735 5148 et
1756 5091 1894 5161 θνορονίο.

131 5166 160 5232 1)
181 5164 311 5220 Simlerm
328 5180 362 5219 ea·
378 5180 472 5236 opoqr.
490 5165 640 5221 Barcaei.-
657 5181 830 5222 communem.
1153 5163 1183 5231 2)
1201 5166 1258 5221 rie!

168 5249 278 5306 saraa
292 5266 384 5321 open
424 5251 480 5308 aa.
499 5249 557 5306 rx,
1816 5244 1851 5299 ea
