4590 5858
78 1338 476 1421 FRAGMENTUM
506 1340 1357 1542 ΡΒΑΕΡΑΤΙΟΝΙῖἒΙὸᾏῚΙῘξὲΤιΞΙΡΛΙΟΠΙ
1392 1341 1794 1424 INSTITU'HONIS
1824 1342 2076 1426 EDITIONI

167 1712 265 1779 Certe
287 1713 316 1778 si
342 1712 487 1778 laborem
516 1713 604 1779 hunc
633 1736 743 1778 meum
771 1715 865 1781 bonis
893 1736 1053 1780 essenon
1106 1715 1242 1780 ecclesia
1271 1726 1438 1798 receptum
1466 1715 1539 1794 fuit,
1573 1725 1606 1781 et
1631 1716 1728 1781 hodie
1756 1715 1872 1781 docent
1892 1716 2075 1799 quicunque

80 1799 248 1883 ingratum
278 1799 425 1876 audiero,
461 1821 528 1864 non
555 1798 651 1865 modo
681 1822 733 1865 mc
767 1802 888 1882 optime
921 1822 1052 1884 operam
1106 1813 1193 1865 recte
1221 1802 1377 1880 sentiunt,
1412 1801 1539 1866 duabus
1561 1801 1658 1866 rebus
1681 1810 1832 1867 constare
1853 1823 1981 1867 sacrum
2003 1822 2075 1868 coe-

80 1885 202 1968 putabo
234 1884 422 1965 collocasse,
454 1885 509 1949 sed
544 1904 706 1950 summam
739 1907 866 1969 quoque
894 1888 964 1951 voti
988 1887 1053 1950 mei
1106 1908 1169 1950 nae
1200 1888 1409 1970 mysterium:
1452 1888 1615 1970 corporeis
1642 1887 1758 1970 signis,
1791 1908 1874 1969 quae
1903 1886 1943 1952 ob
1967 1888 2075 1953 oculos

80 1971 172 2035 fuero
194 1981 420 2053 consequutus.
454 1970 543 2051 Quid
562 1972 650 2034 enim
674 1982 741 2036 tota
763 1973 835 2036 vita
856 1974 1052 2037 contendere
1106 1974 1272 2054 proposita
1315 1995 1368 2037 res
1417 1972 1599 2038 invisibiles
1647 1970 1827 2038 secundum
1870 1972 2074 2057 imbecillita-

80 2077 141 2121 nos
172 2057 279 2139 magis
311 2056 416 2135 decet,
457 2078 554 2139 quam
588 2067 626 2121 ut
659 2059 770 2122 omnia
802 2068 914 2123 nostra
947 2059 1053 2123 officia
1107 2059 1148 2121 tis
1171 2067 1301 2123 nostrae
1324 2069 1455 2141 captum
1478 2059 1570 2122 nobis
1592 2065 1847 2141 repraesentant,
1870 2065 1903 2123 et
1913 2057 2074 2141 spirituali

82 2140 206 2207 Christi
228 2141 392 2219 membris,
416 2143 559 2225 adeoque
582 2144 645 2225 ipsi
664 2143 796 2208 Christo
815 2144 848 2207 iu
871 2145 1051 2209 suismem·
1107 2144 1246 2207 veritate
1274 2165 1356 2226 quae
1383 2165 1444 2227 per
1465 2144 1615 2226 symbola
1642 2145 1713 2226 ipsa
1735 2146 1896 2227 figuratur
1917 2145 2014 2209 simul
2036 2166 2074 2210 ac

81 2225 148 2292 bris
170 2228 395 2311 approbemus.
428 2230 545 2311 Itaque
563 2249 661 2311 quum
686 2229 766 2292 mihi
789 2250 894 2311 nuper
915 2231 1051 2296 nuncia·
1106 2229 1288 2293 exhibetur.
1333 2230 1384 2294 Ea
1406 2229 1511 2312 qualis
1533 2229 1586 2308 sit,
1613 2229 1689 2293 dum
1713 2229 1918 2294 familiariter
1940 2229 2074 2295 demon·

82 2320 152 2378 tum
174 2324 269 2392 esset,
290 2314 460 2396 quosdam,
495 2316 549 2397 qui
579 2314 694 2378 haberi
722 2335 759 2378 eo
781 2314 851 2380 loco
873 2325 1051 2392 merentur,
1105 2323 1211 2378 strare
1237 2315 1325 2392 volo,
1353 2314 1417 2379 tria
1444 2315 1531 2379 soleo
1560 2336 1756 2398 proponere:
1793 2315 2073 2399 significationem,

82 2419 123 2464 ex
154 2400 304 2482 proxima
335 2399 558 2465 Institutionis
594 2420 687 2465 meae
719 2398 861 2464 editione
899 2400 1050 2465 nonnihil
1104 2400 1275 2464 materiam
1298 2422 1433 2483 quaeox
1456 2421 1494 2464 ea
1516 2400 1684 2483 dependet,
1707 2402 1925 2483 virtutemque
1948 2421 2005 2465 seu
2027 2402 2074 2467 ef-

82 2486 267 2568 ooncopisse
289 2486 493 2562 offensionis,
522 2485 608 2568 quod
636 2487 672 2549 in
694 2486 909 2551 eucharistiae
933 2495 1051 2553 tracta·
1104 2486 1235 2562 fectum,
1259 2487 1312 2568 qui
1335 2507 1377 2550 ex
1399 2495 1538 2568 utraque
1555 2487 1772 2568 consequitur.
1816 2485 2020 2570 significatio
2037 2487 2074 2551 in

81 2571 169 2635 tione
187 2572 279 2636 visus
301 2572 432 2650 luerim,
462 2580 496 2636 et
523 2573 759 2648 contentiones,
787 2593 868 2654 quae
895 2570 934 2636 de
958 2592 1051 2654 prae·
1104 2572 1370 2653 promissionibus
1405 2580 1456 2636 est
1483 2572 1562 2650 sita,
1596 2573 1766 2636 materiam
1797 2592 1876 2637 voco
1905 2571 2074 2638 Christum

80 2658 185 2722 sentia
211 2658 356 2739 corporis
383 2666 417 2722 et
444 2658 613 2740 sanguinis
635 2656 772 2721 Domini
800 2659 835 2721 in
862 2678 964 2723 coena
990 2658 1051 2723 hoc
1103 2679 1178 2721 cum
1200 2667 1375 2722 suamorte
1397 2668 1430 2722 et
1450 2659 1697 2736 resurrectione,
1719 2658 1940 2739 pcreffectum
1962 2667 2073 2723 autem

80 2748 226 2824 tempore
254 2743 468 2822 exstiterunt,
496 2744 562 2807 iam
591 2765 711 2826 magna
738 2765 780 2807 ex
808 2753 900 2824 parte
928 2744 1050 2826 sopitas
1102 2743 1368 2825 redemptionem,
1396 2743 1563 2820 iustitiam,
1587 2743 1878 2808 sanctificationem
1905 2744 2073 2826 vitamque

80 2849 213 2893 rursum
240 2828 398 2907 excitare,
426 2837 459 2892 et
487 2828 599 2893 fideles
620 2827 756 2893 Domini
784 2848 895 2894 servos
923 2828 1051 2911 obhque
1103 2838 1270 2892 aeternam
1293 2839 1325 2892 et
1353 2850 1564 2911 quaecunque
1593 2828 1658 2893 alia
1685 2827 1777 2894 nobis
1800 2828 1957 2894 beneficia
1977 2830 2073 2894 affert

79 2914 310 2998 perstringere,
331 2935 368 2979 ac
386 2915 414 2979 si
425 2913 562 2979 localem
583 2914 650 2980 illic
663 2913 859 2996 Christoque
881 2914 1050 2997 indignam
1104 2912 1257 2979 Christus
1284 2913 1439 2998 intelligo.
1488 2915 1593 2979 Porro
1622 2915 1752 2979 tametsi
1780 2913 1878 2979 fidem
1900 2914 1982 2979 haec
2003 2935 2071 2978 om-

79 3001 298 3081 praesentiam
326 3007 521 3078 statuerent,
558 3021 623 3064 non
658 2999 775 3064 leviter
806 3021 859 3063 me
891 2999 1051 3065 eiusmodi
1102 2998 1157 3063 nia
1179 3000 1366 3082 respiciunt,
1388 2999 1516 3065 nullum
1538 3008 1648 3065 tamen
1661 2999 1768 3064 locum
1788 2999 1937 3082 relinquo
1958 3020 2072 3065 eorum

79 3085 220 3151 nuncius
241 3086 358 3149 affecit.
408 3088 518 3167 Atque
548 3106 585 3150 eo
608 3085 738 3167 quidem
760 3085 843 3149 mihi
865 3087 971 3169 magis
994 3086 1050 3150 do·
1102 3084 1237 3164 cavillis,
1260 3087 1326 3167 qui,
1354 3084 1432 3149 dum
1452 3085 1515 3150 fide
1537 3086 1659 3169 percipi
1680 3084 1852 3151 Christum
1873 3084 1996 3162 dicunt,
2018 3085 2071 3149 in·

79 3168 142 3234 luit
161 3171 248 3253 quod
271 3171 323 3235 his
345 3170 531 3237 nominibus
554 3168 806 3236 offenderentur.
840 3171 927 3235 Nam
949 3192 1050 3254 quum
1102 3170 1283 3255 telligentia
1306 3170 1467 3236 duntaxat
1488 3193 1526 3238 ac
1539 3171 1773 3254 imaginatione
1795 3170 1913 3235 volunt
1934 3171 2069 3253 concipi.

79 3254 187 3338 ipsum
218 3277 277 3338 per
304 3277 339 3320 se
373 3257 561 3323 offensionis
595 3256 720 3320 malurn
747 3277 848 3340 grave
880 3265 944 3335 est,
978 3264 1049 3321 tum
1102 3253 1257 3320 Offerunt
1278 3257 1367 3322 enim
1382 3257 1477 3322 illum
1488 3256 1729 3340 promissiones,
1751 3277 1818 3321 non
1828 3264 1866 3321 ut
1884 3257 1920 3321 iu
1937 3262 2071 3338 aspectu

79 3362 156 3408 vero
177 3342 261 3407 nihil
283 3349 334 3407 est
354 3364 374 3405 a
403 3363 466 3425 quo
495 3343 601 3426 magis
633 3342 759 3407 alicnus
781 3341 887 3408 videri
908 3343 1047 3424 cupiam,
1101 3341 1197 3405 modo
1218 3341 1371 3425 nudaque
1394 3343 1510 3408 notitia
1530 3343 1733 3420 haereamus,
1762 3341 1820 3406 sed
1840 3349 1880 3406 ut
1898 3361 1978 3407 vera
1999 3341 2070 3407 eius

79 3447 176 3509 quam
204 3428 244 3493 ab
274 3429 363 3493 omni
391 3428 522 3493 rixandi
550 3449 587 3493 ao
617 3427 841 3492 tumultuandi
862 3429 1047 3510 cupiditate.
1101 3427 1392 3493 communicatione
1412 3429 1570 3493 fruamur.
1620 3428 1666 3493 Et
1687 3449 1765 3492 sane
1787 3448 1854 3492 non
1874 3427 1969 3493 video
1991 3448 2069 3509 quo·

78 3512 148 3578 Nec
169 3534 247 3579 sane
267 3513 371 3578 ullum
393 3521 443 3578 est
467 3514 686 3580 contentionis
713 3535 817 3597 genus
837 3513 924 3596 quod
945 3514 1049 3598 magis
1101 3511 1197 3576 modo
1222 3514 1258 3577 in
1285 3535 1381 3579 cruce
1403 3513 1527 3580 Christi
1554 3513 1810 3596 redemptionem
1838 3532 1876 3576 ao
1900 3513 2068 3592 iustitiam,

78 3598 240 3677 horream,
263 3620 361 3681 quam
381 3599 465 3664 illud
482 3601 591 3682 ipsum
612 3599 699 3682 quod
719 3620 772 3663 me
794 3620 971 3664 renovasse
989 3621 1049 3682 pu·
1100 3598 1136 3660 in
1158 3599 1227 3664 eius
1248 3607 1355 3664 morte
1383 3601 1486 3664 vitam
1514 3599 1635 3664 habere
1663 3620 1698 3663 se
1725 3599 1798 3681 quis
1819 3596 1976 3676 confidat,
2005 3599 2070 3664 nisi

78 3691 166 3763 tant,
195 3705 297 3768 quum
319 3685 418 3749 sciam
440 3695 531 3751 tanto
552 3685 683 3768 pietatis
706 3684 824 3750 damno
846 3686 1048 3768 exagitatum
1100 3703 1179 3748 vera
1218 3683 1342 3750 Christi
1379 3686 1483 3768 ipsius
1517 3685 1742 3750 communione
1773 3683 1924 3766 inprimis
1956 3685 2068 3749 fretus.

78 3770 175 3836 nimis
197 3771 254 3836 diu
275 3771 385 3836 fuisse.
417 3772 519 3854 Atqui
538 3770 659 3836 habere
676 3791 729 3835 me
751 3793 818 3835 non
840 3770 960 3850 dubito,
984 3791 1048 3853 quo
1099 3769 1175 3834 Non
1197 3772 1284 3835 enim
1307 3769 1349 3834 ad
1370 3793 1428 3836 nos
1439 3772 1524 3835 bona
1534 3770 1592 3835 illa
1609 3771 1827 3852 pervenirent,
1849 3769 1915 3834 nisi
1932 3770 2070 3853 seprius

75 3857 208 3922 illorum
230 3858 356 3921 animos
377 3856 507 3938 placare
528 3878 655 3939 queam,
678 3856 818 3922 simodo
837 3878 974 3939 aequam
996 3877 1048 3921 sa-
1099 3866 1248 3920 nostrum
1276 3855 1429 3922 Christus
1458 3858 1586 3921 faceret.
1645 3855 1727 3920 Dico
1754 3856 1856 3939 igitur
1888 3855 1924 3919 in
1951 3876 2070 3922 coenae

76 3943 305 4021 defectionem,
318 3941 405 4025 quod
416 3943 557 4008 facturos
569 3963 673 4026 spero,
694 3942 841 4024 accipere
852 3943 1044 4007 sustineant.
1099 3942 1256 4025 mysterio
1278 3961 1337 4024 per
1365 3942 1512 4027 symbola
1536 3940 1631 4024 panis
1653 3941 1777 4005 etvini
1799 3940 1970 4006 Christum
1990 3960 2069 4006 vere

75 4029 227 4096 Primum
243 4028 279 4093 id
302 4028 507 4111 deprecabor,
530 4050 572 4093 ne
594 4029 711 4093 initam
733 4031 820 4092 inter
841 4028 1047 4112 germanicas
1098 4027 1191 4092 nobis
1214 4028 1378 4106 exhiberi,
1406 4027 1550 4111 adeoque
1577 4047 1695 4109 corpus
1717 4036 1750 4090 et
1771 4028 1964 4110 sanguinem
1987 4027 2067 4106 eius,

76 4110 229 4183 ecclesias
254 4113 458 4181 concordiam
487 4114 698 4197 interpellare
725 4135 777 4178 me
805 4113 949 4179 voluisse
975 4135 1045 4179 cre-
1097 4112 1134 4176 in
1155 4112 1273 4196 quibus
1294 4134 1426 4177 omnem
1453 4112 1673 4177 obedientiam
1693 4133 1752 4194 pro
1774 4110 1990 4195 comparanda
2009 4133 2068 4176 no·

76 4202 165 4282 dant,
188 4223 285 4284 quam
307 4200 390 4265 mihi
413 4200 579 4265 decretum
603 4207 741 4265 estnon
762 4200 873 4265 minus
894 4208 1046 4264 constan·
1098 4198 1148 4263 bis
1187 4199 1311 4263 iustitia
1351 4198 1556 4282 adimplevit,
1595 4219 1659 4280 quo
1694 4198 1818 4264 scilicet
1854 4199 1996 4281 primum
2031 4197 2068 4261 in

75 4295 126 4354 ter
153 4287 194 4353 ad
222 4295 408 4352 extromum
435 4286 536 4364 tueri,
570 4307 669 4369 quam
701 4285 841 4350 libenter
875 4285 1046 4368 amplexus
1098 4305 1203 4348 unum
1223 4305 1339 4367 corpus
1369 4305 1444 4349 cum
1472 4284 1543 4367 ipso
1567 4282 1798 4349 coalescamus:
1828 4282 1945 4348 deinde
1964 4283 2067 4365 parti-

75 4396 157 4440 sum.
194 4371 290 4454 Quod
312 4373 391 4438 satis
413 4370 579 4437 luculento
601 4372 786 4436 testimonio
809 4370 992 4437 declarasse
1010 4373 1046 4435 in
1097 4372 1185 4452 cipes
1213 4370 1414 4435 substantiae
1446 4372 1515 4435 eius
1548 4370 1626 4434 facti
1658 4369 1696 4433 in
1729 4369 1886 4435 bonorum
1921 4368 2068 4432 omnium

74 4459 130 4524 illo
152 4479 249 4542 opere
270 4457 353 4522 mihi
376 4457 497 4524 videor.
548 4455 642 4538 Quae
667 4457 756 4523 enim
778 4454 954 4523 adrerum
975 4479 1044 4523 cor·
1096 4457 1390 4521 communicatione
1426 4457 1585 4521 virtutem
1616 4476 1743 4538 quoque
1777 4454 1966 4519 sentiamus.
2028 4450 2067 4518 Si
2170 4492 2172 4497 .

73 4546 162 4629 poris
183 4553 217 4608 et
238 4544 408 4628 sanguinis
429 4542 567 4612 Domini
587 4543 925 4622 communicationem,
946 4564 1045 4626 quam
1096 4541 1158 4607 hoc
1180 4543 1390 4624 praecipuum
1413 4550 1464 4606 est
1485 4539 1675 4607 concordiae
1697 4548 1807 4624 caput,
1838 4546 1876 4602 ut
1897 4546 1985 4604 certe
2006 4546 2065 4617 est,

73 4630 109 4696 in
130 4650 232 4697 coena
252 4629 438 4712 percipiunt
448 4627 571 4708 fideles,
594 4627 802 4694 asserendam
824 4629 1041 4710 pertinebant,
1096 4649 1162 4692 non
1184 4629 1320 4712 figurari
1341 4627 1437 4693 modo
1457 4627 1492 4692 in
1515 4648 1614 4692 coena
1636 4626 1763 4692 Christi
1789 4644 1907 4706 corpus
1936 4631 1968 4688 et
1990 4645 2066 4690 san-

73 4737 113 4783 ea
140 4715 284 4783 breviter
311 4714 456 4799 quidem,
489 4714 547 4780 sed
579 4723 690 4779 tamen
718 4736 785 4779 non
811 4713 947 4780 obscure
975 4715 1043 4781 illio
1617 4721 1620 4727 ’

73 4808 153 4869 sunt
174 4802 347 4885 explicata.
391 4800 515 4866 Fateor
536 4802 634 4885 enim,
649 4802 673 4886 ¹)
696 4800 781 4884 quod
803 4808 838 4865 et
859 4820 987 4883 semper
1008 4801 1044 4865 in
1095 4820 1299 4827 ——.-

143 5073 168 5143 1)
190 5072 312 5144 9111111Ι
361 5077 476 5143 aequat
629 5073 668 5130 aa
731 5075 747 5131 b
797 5074 878 5129 vim
1067 4935 1676 5131 Ιξέῑὲωῗξῧξζῶἓῖιξξαῗαὸἕεεὲίῖγῇ
1694 4929 2065 5071 ἴεῶᾱιεῖηὲξῗέιᾟ

299 5089 345 5128 sne
446 5089 613 5144 nurusque
684 5090 781 5129 vera:
849 5090 1043 5143 nemquoqqe
1123 5092 1214 5145 ’,ΡΙ
1303 5114 1310 5128 .
