4776 5844
264 230 326 294 207
1029 219 1211 288 utimr
1234 217 1499 286 ADMONI'PIO
2202 227 2266 291 208

263 439 328 484 non
350 415 491 482 difficilis
509 421 559 479 ast
575 411 739 496 probatio:
769 408 867 492 idque
896 409 1002 494 magis
1029 407 1198 475 enucleate
1219 429 1240 474 a
1289 429 1364 472 mus
1386 406 1512 474 Ghristi
1534 429 1676 486 carnem,
1709 416 1792 492 quae
1812 410 1907 477 verbi
1927 413 2157 485 coniunctione
2177 415 2267 482 rivi-

264 502 357 569 nobis
379 509 548 567 ostensum
570 505 629 576 est,
652 516 751 581 quam
773 502 812 561 99
833 494 936 560 diluto
958 502 1136 560 scommate
1158 493 1238 560 obii·
1290 495 1433 566 1199999,
1456 514 1516 559 nos
1538 493 1643 559 vitam
1665 494 1700 560 in
1723 496 1818 563 nobis
1839 497 1968 564 habere.
2019 502 2091 570 Gur
2116 523 2194 588 erge
2224 503 2266 569 ab

263 592 359 664 91999,
382 608 443 652 nos
465 587 550 652 hane
572 605 689 651 nucem
712 580 810 646 dente
830 580 917 646 nolle
927 581 1089 665 frangere.
1123 579 1239 659 Nemo,
1290 578 1467 645 incredulis
1494 578 1566 645 sine
1593 580 1702 647 fructu
1730 581 1856 648 comedi
1889 589 2061 654 asserunt?
2116 588 2206 654 Nam
2238 590 2267 657 si

262 672 428 756 inquiunt,
450 670 726 738 sacramentarius
742 668 778 732 in
801 667 886 732 hano
901 686 1035 732 arenam
1052 665 1160 732 adhuc
1183 664 1238 730 de·
1290 664 1417 731 Christi
1438 685 1522 742 caro,
1544 665 1600 732 ubi
1618 666 1813 746 comeditur,
1835 670 1967 738 vivifica
1990 683 2049 755 999,
2071 697 2127 743 eos
2152 677 2268 760 quiin

262 757 399 838 99991119,
421 757 580 840 adquam
602 775 658 821 eos
680 753 808 820 vocavit
829 752 1008 832 Lutherus,
1030 759 1067 818 ut
1087 751 1187 819 certis
1208 757 1241 816 et
1289 759 1396 816 morte
1417 758 1554 816 manent
1570 752 1753 834 promiscue
1764 775 1837 820 eam
1847 759 2017 827 comedere
2033 763 2171 830 minime
2189 789 2268 835 oon·

262 844 367 912 111919
389 842 569 910 rationibus
589 838 815 918 ostenderent,
846 838 947 905 verba
973 858 1093 905 coenae
1121 835 1239 902 debere
1292 837 1390 902 venit
1423 841 1497 917 [pag.
1512 841 1584 917 197]
1603 835 1801 922 Quanquam
1823 842 1878 907 hic
1898 848 2051 914 monendi
2071 859 2150 916 sunt
2165 853 2270 922 leoto-

263 952 339 998 oum
360 931 467 1014 figur„
489 933 562 1009 [Μ
579 932 652 1007 194]
675 926 786 1008 999191.
821 922 925 1006 Quasi
944 945 1103 990 veronen
1123 925 1238 989 firmae
1290 943 1359 1001 199,
1387 923 1464 1006 quia
1485 921 1612 1006 Oyrillo
1633 944 1709 989 cum
1731 925 1866 994 Arianis
1887 939 2054 1000 certamen
2075 945 2160 1016 erat,
2190 962 2270 1008 eum

264 1016 330 1082 sint
352 1017 509 1092 rationes,
539 1035 621 1097 quas
648 1019 796 1078 evertere
824 1011 965 1076 antehae
986 1012 1109 1076 frustra
1130 1011 1238 1076 conati
1291 1006 1333 1072 ad
1361 1007 1576 1094 hyperbolem
1607 1010 1763 1092 provehi,
1795 1020 1834 1078 99
1861 1014 1974 1083 doceat
2006 1021 2271 1093 substantialiter

264 1109 348 1169 gunt.
393 1099 461 1168 Sed
481 1101 565 1168 bene
587 1098 755 1181 estquod,
783 1098 810 1163 si
833 1095 940 1162 surdis
962 1096 1149 1174 cecinimus,
1172 1104 1237 1160 tre·
1290 1115 1393 1159 unum
1420 1114 1493 1159 eum
1524 1092 1658 1165 Christe
1683 1097 1756 1162 fieri
1783 1098 1913 1178 fideles,
1940 1104 2038 1171 sicuti
2063 1108 2134 1192 ipse
2161 1134 2270 1181 unum

264 1195 361 1256 99999
381 1187 499 1254 saltem
522 1187 694 1251 hominum
715 1181 817 1248 millia
828 1183 1054 1249 revocavimus
1065 1182 1106 1248 ab
1117 1202 1237 1247 errore.
1290 1187 1341 1244 est
1367 1201 1443 1246 oum
1469 1187 1572 1263 patre.
1626 1181 1751 1248 Eadem
1780 1185 1843 1250 1919
1863 1186 1984 1256 Hilarii
2013 1195 2111 1273 ratio,
2138 1200 2202 1264 etsi
2231 1200 2269 1266 19

264 1274 363 1341 certe
390 1294 492 1356 quum
519 1271 727 1338 Dateohismo
753 1277 863 1334 nostro
889 1274 1020 1352 praeter
1042 1267 1237 1347 Germanos,
1289 1266 1361 1331 eius
1381 1264 1492 1331 verbis
1514 1266 1594 1332 adeo
1618 1267 1701 1332 nihil
1724 1278 1775 1335 est
1796 1271 1962 1341 doctrinae
1983 1287 2115 1347 nostrae
2136 1294 2269 1351 999919·

264 1359 445 1437 Η91199199,
472 1357 590 1436 Italos,
617 1356 751 1440 duplos,
779 1354 920 1420 ducenta
941 1354 1111 1419 hominum
1134 1353 1238 1420 millia
1289 1353 1385 1429 rium,
1403 1353 2266 1452 9999999199999919119999119199999919191999991

265 1444 486 1523 subscribant,
515 1442 651 1508 ridicule
672 1439 973 1526 Magdeburgenses
995 1460 1056 1504 999
1078 1439 1237 1506 surditate
1289 1436 1414 1503 Veram
1435 1439 1544 1503 earnis
1565 1445 1599 1504 et
1620 1441 1791 1523 sanguinis
1812 1452 1963 1512 naturam
1986 1460 2119 1519 sanctus
2140 1456 2194 1520 vir
2215 1457 2269 1525 his

265 1531 320 1599 vel
342 1539 474 1614 stupere
496 1529 636 1595 rationes
657 1547 734 1593 suas
755 1527 891 1591 obruere
913 1534 1082 1590 conantur.
1290 1521 1399 1588 verbis
1421 1524 1553 1606 probari
1575 1525 1756 1624 contendit:
1786 1527 1873 1611 Oaro
1896 1554 1969 1599 mea
1990 1558 2069 1604 vere
2090 1549 2142 1605 est
2162 1542 2267 1609 cibus.

350 1615 527 1682 Dfflimum
548 1614 681 1680 tortium
709 1619 939 1696 argumentum
968 1619 1019 1677 659
1046 1612 1087 1678 ab
1116 1612 1237 1677 autori·
1289 1609 1336 1673 Et
1357 1630 1422 1692 qua
1449 1607 1490 1675 de
1520 1632 1554 1674 re
1584 1609 1676 1676 nobis
1702 1612 1800 1679 hodie
1826 1637 1903 1683 999
1925 1619 2268 1710 Magdeburgensibus

265 1710 334 1768 tate
365 1702 420 1768 vel
456 1720 618 1768 consensu
655 1699 809 1765 eeclesiae
841 1698 970 1763 veteris.
1025 1697 1239 1781 Respondent
1289 1694 1330 1760 lis
1353 1702 1412 1773 999,
1436 1695 1500 1761 nisi
1522 1694 1609 1778 quod
1632 1695 1699 1762 illis
1718 1698 1916 1768 immensum
1938 1705 2134 1789 phantasma
2155 1715 2268 1782 earnis

265 1787 580 1873 Magdeburgenses,
620 1785 768 1851 Primam
800 1782 836 1847 in
867 1782 999 1849 Christo
1038 1791 1237 1849 vetustatem
1289 1779 1360 1846 loco
1382 1780 1582 1864 fingentibus
1609 1783 1782 1854 veritatem
1811 1786 2015 1859 defendimus
2042 1803 2182 1866 naturae
2204 1801 2268 1868 hu·

266 1896 346 1940 9999.
392 1871 489 1955 Quod
510 1872 650 1938 libenter
675 1871 826 1935 1999991.
876 1867 944 1935 Sed
967 1868 1043 1952 quia
1064 1889 1237 1935 removen-
1289 1887 1417 1943 manae,
1439 1866 1474 1931 in
1497 1888 1563 1949 qua
1583 1867 1673 1933 salus
1696 1877 1809 1937 nostra
1830 1873 1970 1943 fundata
1991 1880 2063 1945 est?
2105 1882 2269 1968 Sequitur

266 1961 344 2026 dum
362 1968 441 2037 erat,
464 1954 1237 2042 999999191999919199999,9911999199ᾶί99,
1290 1953 1376 2036 apud
1387 1952 1567 2052 Hilarium:
1590 1952 1683 2054 11999
1705 1967 1838 2040 accepta
1860 1969 1957 2045 atque
1980 1964 2097 2034 hausta
2115 1971 2268 2039 efficiunt

265 2040 1236 2126 9999119999191991911991199999999191911999991-
1289 2047 1380 2103 9999
1402 2059 1462 2103 nos
1483 2037 1672 2118 mDhnsto‚
1695 2051 1728 2107 et
1746 2042 1898 2113 Christus
1918 2049 1951 2115 in
1974 2053 2068 2120 nobis
2089 2056 2142 2124 sit.
2175 2056 2268 2140 Quid

264 2132 388 2197 monia:
411 2130 497 2196 unde
518 2134 682 2196 constaret
703 2148 769 2193 non
789 2126 879 2192 aliud
896 2125 995 2192 hodie
1016 2148 1076 2192 nos
1099 2127 1236 2206 tradere,
1289 2123 1611 2209 Magdeburgenses?
1660 2125 1851 2197 Incredulos
1872 2155 1910 2200 99
1951 2158 1989 2203 us
2010 2137 2135 2207 Christi
2158 2165 2267 2211 come·

1908 2222 2123 2388 999

261 2325 381 2454 11191191,
417 2322 516 2452 ιι1119111
540 2320 624 2453 drlrt
654 2322 715 2451 hos
744 2319 884 2449 (1111191119
912 2320 1115 2468 9191999199.
1169 2319 1237 2450 ded
1288 2382 1336 2447 lix
1358 2389 1393 2447 99
1414 2382 1536 2481 1199918
1563 2384 1657 2483 1)βῦἱῦ
1683 2386 1827 2470 Pflffllllll
1844 2322 2271 2476 Vdfbulllnllllllnlltll'lsgd:

261 2471 397 2559 perinde
418 2480 458 2538 99
477 2408 629 2537 iubemur
649 2477 722 2550 [pag.
738 2474 811 2549 199]
829 2469 954 2536 Christi
976 2469 1063 2536 dicta
1084 2468 1236 2535 obedien·
1288 2468 1481 2569 charistram
1503 2489 1610 2534 carnis
1633 2478 1666 2534 et
1687 2473 1948 2572 9999191999.
1970 2487 2042 2561 199]
2063 2483 2201 2566 Christi,
2225 2512 2270 2557 ex

262 2568 314 2625 99»
335 2558 503 2643 amplecti,
531 2558 577 2622 ita
599 2558 648 2622 fas
670 2564 721 2622 est
741 2555 1047 2638 interpretationem
1068 2577 1235 2639 quaerere.
1288 2555 1407 2637 quibus
1429 2560 1568 2638 augetur
1596 2562 1631 2619 et
1659 2567 1808 2624 consistit
1828 2564 1938 2630 carnis
1959 2576 2090 2636 nostras
2112 2573 2268 2642 substan-

262 2644 359 2713 Unde
381 2644 470 2709 enim
491 2644 591 2709 huius
601 2642 783 2708 sententiae
805 2641 1030 2725 perspicuitas,
1051 2641 1117 2708 nisi
1134 2664 1236 2725 quum
1288 2641 1343 2705 tia.
1388 2637 1475 2721 Quid
1499 2662 1541 2704 ³¹
1562 2660 1642 2707 ‘⁷⁰⁰⁰
1662 2642 1880 2724 0¹¹⁰h⁸¹l⁸ll²⁰÷
1901 2649 2145 2738 ⁰015&qule
2173 2661 2265 2728 'ilde’

262 2731 305 2798 ad
337 2730 532 2796 9991999991
571 2736 724 2793 naturam
758 2727 1041 2794 accommodatur?
1104 2727 1237 2811 Alioqui
1288 2726 1357 2790 rint
1378 2724 1689 2811 Magdeburgenses.
1734 2729 1819 2795 Mihi
1837 2738 2032 2805 tantundem
2054 2742 2145 2809 valet
2166 2754 2264 2831 atqua

262 2839 329 2882 non
351 2815 446 2881 modo
468 2816 601 2898 spinosa
622 2815 694 2892 erit,
717 2812 773 2880 sed
791 2814 889 2880 etiam
902 2812 1112 2879 absurditatis
1130 2814 1235 2897 plena.
1288 2813 1494 2896 mysterium,
1517 2811 1605 2895 quod
1626 2813 1688 2897 ipsi
1711 2836 1777 2880 non
1799 2837 1893 2886 99999
1911 2843 1948 2888 ao
1967 2823 2074 2892 dirum
2096 2850 2196 2897 omen
2214 2855 2263 2898 re

262 2899 1236 2985 899911919119911999999999999999Ι1991919919ι19,
1288 2898 1427 2982 tugiunt
1460 2896 1532 2961 Iam
1556 2918 1688 2964 carnem
1712 2911 1855 2968 9999199
1879 2906 2043 2989 spirituali
2063 2913 2120 2980 illo
2142 2917 2215 2984 cibo
2233 2927 2264 2985 et

262 2996 296 3055 „t
317 2988 432 3054 vinum
454 2986 525 3052 (999
547 2986 750 3070 sanguinem.
801 2984 903 3050 Modo
929 2983 969 3049 de
996 3007 1096 3051 sensu
1118 3006 1236 3051 conve·
1288 2991 1368 3066 potu
1390 2984 1480 3049 refici
1502 3003 1569 3048 non
1590 2984 1728 3051 infitior:
1750 2988 1827 3070 quia
1848 2991 1972 3060 scilicet
1993 2997 2055 3064 ins
2096 3023 2130 3066 m
2149 3003 2264 3072 1199999

262 3075 348 3152 9199,
377 3073 470 3139 nobis
498 3073 620 3155 optime
642 3070 784 3155 placebit
803 3070 958 3154 loquutio.
1014 3071 1087 3138 Iam
1109 3071 1137 3136 si
1159 3091 1237 3135 con-
1288 3069 1534 3135 resurrectionis
1556 3067 1689 3136 Christo
1710 3076 2003 3160 communicamus,
2033 3084 2172 3171 ieoque
2197 3113 2264 3158 non

261 3167 328 3227 ,999
348 3158 654 3245 symbolioepanem
673 3156 740 3221 11119
750 3156 850 3223 fuisse
871 3177 1000 3239 991999,
1022 3156 1116 3223 nobis
1133 3155 1237 3222 haud·
1288 3158 1399 3221 anima
1419 3154 1541 3233 solum,
1571 3153 1628 3222 sed
1648 3178 1747 3225 carne
1768 3161 1865 3226 etiam
1892 3165 1926 3230 in
1953 3167 2061 3250 ipsum
2083 3173 2266 3244 coalescere

262 3245 360 3312 dubie
382 3244 616 3329 suffragabitur
632 3263 746 3309 eorum
768 3243 937 3308 autoritas.
983 3240 1122 3324 Quoties
1143 3264 1237 3308 men·
1289 3262 1421 3308 necesse
1448 3249 1506 3307 est
1552 3239 1658 3307 Sicuti
1680 3251 1715 3309 et
1742 3245 1878 3330 quisque
1906 3261 2055 3321 nostrum
2083 3260 2265 3330 seeundum

261 3340 329 3398 tem
351 3352 445 3397 suam
466 3337 637 3414 exponunt
658 3335 784 3412 patres,
812 3328 1020 3394 incommode
1041 3328 1107 3394 illis
1128 3328 1237 3411 aliqua
1289 3348 1420 3394 carnem
1445 3337 1581 3394 vocatur
1602 3328 1785 3395 membrum
1807 3333 1886 3412 9199,
1909 3345 1943 3402 99
1963 3361 2081 3423 corpus
2092 3345 2264 3430 cuiusque,

261 3439 329 3484 m
356 3416 477 3494 effluit,
506 3416 534 3481 si
562 3413 901 3499 Megdeburgensibus
929 3414 1084 3481 creditur.
1136 3412 1237 3480 Dicas
1288 3413 1449 3497 templum
1477 3413 1613 3497 spiritus
1645 3417 1758 3481 sancti.
1815 3418 1935 3486 Oitant.
1955 3426 2057 3494 verba
2084 3429 2264 3515 Cypriani:

261 3504 412 3569 homines
432 3503 513 3568 istos
531 3508 660 3566 tantum
678 3498 740 3565 sibi
761 3501 932 3584 potestatis
950 3521 1088 3579 sumere,
1111 3507 1148 3565 ut
1169 3501 1237 3566 solo
1289 3497 1387 3581 Quod
1405 3499 1500 3583 99919
1521 3499 1585 3564 iste
1605 3501 1835 3568 communisin
1857 3526 1989 3575 earnem
2010 3519 2044 3577 et
2065 3519 2265 3601 sanguinem

260 3591 342 3655 11999
364 3587 501 3654 nebulas
522 3586 688 3653 obducant
708 3586 768 3650 toti
790 3585 920 3651 mundo.
958 3585 1045 3651 Nem
1067 3585 1153 3669 quod
1170 3595 1237 3652 sta-
1288 3592 1435 3650 mutatus
1456 3593 1609 3668 procuret
1637 3588 1826 3670 torporibus
1853 3592 1983 3661 vitam..
2009 3598 2134 3667 Parum
2157 3608 2265 3672 consi·

262 3674 323 3739 qim
344 3674 385 3740 de
406 3672 572 3758 allegoriis
594 3670 776 3750 adducunt,
806 3692 941 3754 prorsus
969 3671 1237 3756 intempestivum
1289 3670 1409 3749 derate,
1432 3670 1487 3736 vel
1508 3669 1594 3734 malo
1614 3681 1702 3737 astu:
1725 3673 1855 3755 quando
1865 3679 1943 3764 styli
1955 3681 2131 3754 diversitas
2153 3690 2283 3771 991919Ι

262 3767 321 3826 999
366 3761 484 3826 Ρ99199
506 3760 610 3824 fateor
631 3757 795 3841 allegoriis
817 3757 917 3823 luisse
938 3757 1078 3822 nimium
1101 3756 1235 3824 deditos.
1288 3757 1399 3840 arguit
1420 3777 1486 3821 non
1507 3777 1579 3822 esse
1600 3755 1696 3821 illum
1718 3779 1901 3827 sermonem
1923 3764 2092 3852 Cypriani
2144 3775 2193 3841 Ut
2214 3786 2263 3843 ta·

262 3844 331 3912 sed
352 3845 406 3911 hio
427 3845 594 3928 quaeritur
621 3842 782 3926 quomodo
808 3842 1022 3927 exposuerint
1043 3844 1144 3910 verba
1164 3865 1236 3910 coe-
1287 3863 1365 3907 999
1387 3842 1448 3908 hoe
1468 3839 1592 3919 demus,
1616 3861 1674 3907 cur
1684 3846 1919 3927 expositionem
1940 3873 2017 3919 mox
2039 3855 2188 3926 additam
2206 3884 2264 3928 va·

262 3952 334 3997 999.
378 3931 482 3997 Porro
504 3951 605 4013 quum
625 3929 706 3995 satis
724 3930 931 4012 perspicuum
953 3929 997 3995 sit
1018 3927 1237 4012 pulcherrime
1288 3929 1337 3994 119
1358 3927 1545 3994 subticent?
1568 3927 1654 4010 quod
1675 3929 1763 3995 solus
1783 3931 1870 3999 filius
1892 3939 2032 4018 patrisit
2047 3947 2265 4014 consubstan-

261 4018 348 4083 inter
369 4035 431 4081 nos
452 4016 636 4092 convenire,
659 4036 854 4081 consensum
874 4015 1236 4100 hunchiagdeburgen·
1288 4013 1391 4080 tialis:
1421 4024 1534 4079 nostra
1555 4034 1633 4079 vero
1654 4022 1689 4078 et
1710 4015 1813 4099 ipsius
1835 4022 2020 4091 coniunctio
2042 4049 2104 4095 nee
2126 4034 2265 4100 misceat

262 4123 315 4168 ως
336 4099 936 4180 919119991991911999919911999999.
968 4100 1109 4167 Interim
1126 4101 1237 4167 19999
1287 4121 1459 4184 personas,
1490 4121 1550 4166 ¹100
1578 4101 1671 4166 unisti
1698 4103 1915 4185 Substantia&
1944 4113 2017 4190 11199·
2040 4127 2097 4181 199
2136 4119 2196 4183 8θᾶ
2217 4121 2264 4185 df·

262 4187 439 4271 expanuis
462 4196 610 4252 veterum
638 4186 834 4251 testimoniis
855 4187 961 4252 facere
982 4186 1047 4252 illis
1069 4186 1111 4252 ad
1133 4187 1236 4253 victo·
1287 4186 1392 4252 t'ectns
1403 4184 1575 4265 consociet,
1588 4187 1841 4255 acoenloederet
1853 4192 2046 4263 voluntates.
2116 4205 2264 4271 eomodo

262 4274 347 4341 ,qam
368 4273 497 4338 suffieit,
530 4272 679 4337 Iustinus
701 4280 865 4356 panemat
884 4273 999 4337 vinum
1021 4271 1236 4356 perverbum
1289 4273 1316 4337 si
1339 4293 1399 4357 ego
1421 4271 1586 4356 loquerer,
1614 4293 1724 4338 nonne
1748 4274 1928 4343 clamarent
1949 4285 2121 4350 materiam
2144 4309 2263 4357 coenae

262 4357 459 4445 pmationis
480 4365 515 4422 et
535 4358 715 4442 gratiarum
738 4358 884 4437 actionis,
907 4357 1031 4424 Christi
1049 4379 1180 4424 carnem
1204 4366 1238 4424 99
1289 4356 1434 4422 auferri?
1484 4355 1640 4440 Sequitur
1668 4358 1765 4441 paulo
1791 4373 1864 4444 post
1891 4364 1926 4428 in
1953 4366 2067 4434 eodem
2095 4393 2262 4442 sermone:

262 4468 300 4514 99
370 4445 459 4510 1999
481 4441 574 4508 nobis
595 4443 666 4509 fieri
693 4443 780 4509 dicit.
830 4441 982 4509 Dicimus
1002 4442 1091 4509 idem
1113 4451 1145 4509 et
1167 4466 1236 4523 nos,
1288 4444 1376 4509 Esus
1398 4443 1506 4508 carnis
1528 4444 1626 4509 huius
1653 4443 1811 4527 quaedam
1838 4449 1978 4517 aviditas
2005 4464 2056 4520 est
2077 4478 2115 4524 ao
2137 4460 2263 4527 deside·
2327 4497 2335 4509 ·

261 4466 368 4598 9911111
380 4531 463 4596 ratio
485 4528 785 4596 communicationis
811 4527 952 4594 addatur
979 4551 1061 4612 quea
1083 4538 1163 4596 tunc
1185 4553 1237 4597 ec·
1288 4529 1374 4595 rium
1396 4528 1551 4594 manendi
1572 4529 1711 4613 inipso:
1734 4553 1793 4614 per
1814 4534 1899 4615 quod
1920 4537 1969 4602 sio·
1988 4538 2211 4624 imprimimus
2231 4554 2262 4612 et
2310 4567 2335 4611 a

262 4617 381 4685 0103120
402 4616 535 4701 wgnita
553 4614 624 4680 fuit,
732 4614 738 4628 '
768 4635 807 4678 us
826 4615 984 4700 mysticae
1004 4613 1237 4683 benedictionis
1288 4614 1472 4697 eliquamus
1492 4615 1527 4678 in
1550 4614 1645 4680 nobis
1663 4614 1866 4683 dulcedinem
1889 4624 2046 4698 caritatis,
2069 4636 2108 4693 ut
2130 4631 2261 4698 haereat
2294 4641 2335 4696 ³

261 4705 385 4770 virtute
406 4701 479 4768 fieri
501 4701 603 4778 docet,
626 4708 664 4764 99
711 4700 834 4766 hristus
854 4700 1067 4788 corporaliter
1087 4703 1123 4765 in
1144 4703 1237 4768 nobis
1287 4701 1397 4785 palato
1420 4708 1540 4780 nostro,
1563 4708 1597 4765 et
1617 4701 1796 4768 visceribus
1808 4726 1905 4788 sapor
1923 4707 2106 4779 dilectionis
2126 4716 2259 4796 1919999,
2282 4740 2335 4796 ,ε

262 4789 398 4855 habitet.
442 4786 481 4853 si
503 4787 565 4852 hoo
586 4786 685 4851 elficit
706 4785 845 4870 mystica
866 4787 1061 4865 benedictio,
1085 4810 1144 4853 cur
1165 4810 1237 4854 coe-
1287 4794 1465 4870 penetrans
1487 4796 1520 4852 et
1541 4786 1690 4852 imbuens
1702 4809 1816 4854 omnes
1838 4793 1964 4858 animae
1987 4801 2195 4886 corporisque
2212 4826 2335 4869 19--ε

263 4895 341 4939 999
364 4873 513 4952 Domini,
541 4879 702 4956 qnatenus
723 4873 757 4935 in
780 4892 819 4936 ea
840 4872 933 4938 nobis
955 4872 1053 4938 datur
1074 4875 1143 4939 eius
1166 4895 1236 4939 cor·
1288 4895 1406 4938 cessus.
1452 4873 1555 4938 Ρο999
1577 4879 1611 4936 99
1640 4893 1714 4938 esus
1744 4873 1786 4939 ad
1814 4876 1951 4943 eandem
1973 4885 2143 4962 pertinent
2162 4892 2335 4954 999-ε

286 4981 339 5037 99,
372 4960 547 5044 mysticam
575 4980 646 5024 esse
676 4965 847 5042 tantopere
878 4959 1017 5025 antehac
1049 4960 1235 5042 negarunt?
1287 4979 1378 5023 nem:
1413 4959 1529 5042 quibus
1555 4959 1639 5023 sicut
1665 4979 1820 5042 corporea
1847 4965 1994 5030 nutritur
2016 4969 2200 5038 substantio
2227 4981 2335 5038 etse

264 4981 334 5109 1191
356 5045 536 5110 seeundum
559 5064 615 5109 eos
637 5042 677 5108 ab
700 5064 758 5109 esu
780 5044 940 5127 corporali
963 5043 1126 5128 discrepat
1147 5067 1236 5131 mys·
1287 5044 1382 5124 vivit,
1405 5053 1437 5109 et
1454 5042 1626 5109 incolumis
1647 5055 1851 5127 perseverat,
1881 5050 1927 5114 ita
1948 5051 2018 5116 vita
2044 5057 2179 5139 spiritus
2202 5061 2335 5125 hooc

265 5129 407 5192 terium?
453 5130 543 5196 Dicit
564 5128 626 5195 alio
654 5131 723 5197 loco
746 5128 906 5214 Cyrillus:
935 5127 1075 5211 Quando
1097 5131 1239 5198 comedi·'
1280 5132 1418 5215 ‘proprio
1447 5128 1601 5195 alimento
1624 5132 1784 5198 nutritur:
1811 5144 1844 5198 et
1871 5135 1956 5217 quod
1985 5147 2037 5203 est
2064 5164 2139 5210 esea
2161 5145 2335 5212 carnii:
