4620 5828
210 217 273 279 rsa
898 209 1522 296 nnvuaarasmurrarrorn
2146 213 2208 281 aar

297 399 394 482 Quod
422 400 452 464 si
476 398 668 464 familiarior
701 399 859 482 expositio
893 401 1075 483 quaeritur,
1111 418 1184 464 eam
1234 420 1352 483 punem
1375 406 1408 465 et
1429 398 1638 479 distributum
1660 398 1836 484 discipulis,
1858 420 1976 484 corpus
1997 422 2095 468 suum
2116 400 2206 467 illum

211 497 366 571 suggeret
393 484 548 569 Cyrillus.
603 483 689 550 Nam
723 484 777 552 lib.
807 489 824 548 3
861 485 1029 568 explicans
1058 484 1183 553 Christi
1235 484 1318 562 feeit,
1339 485 1413 550 Hoc
1434 500 1485 550 est
1505 507 1621 569 corpus
1643 507 1754 552 meum
1783 485 1938 565 diceudo,
1965 486 1999 551 id
2020 493 2081 558 est.
2103 488 2207 571 figura

212 573 397 637 concionem
424 592 507 652 quae
535 569 655 652 legitur
683 575 700 632 6
724 591 793 654 cap.
814 570 965 649 Ioannis,
996 592 1063 636 uon
1085 571 1182 634 aliam
1234 571 1378 653 corporis
1400 573 1474 655 rpei.
1517 568 1643 658 Figura
1665 580 1773 638 autem
1796 593 1863 637 non
1885 572 2008 650 fuisset,
2036 572 2100 639 nisi
2121 573 2207 639 veri-

210 655 245 721 in
275 678 375 721 coena
405 655 688 721 manducationem
704 658 877 741 ¹agnoseit¹
906 678 1004 739 quam
1032 677 1096 739 qua
1123 676 1183 721 nos
1234 656 1311 721 tatis
1333 668 1419 720 esset
1446 666 1571 739 eorpus.
1622 657 1796 723 Caeterum
1826 677 1929 723 vacua
1954 679 2024 735 res,
2051 657 2138 741 quod
2160 666 2208 725 est

211 741 355 813 viviticat
375 763 492 825 eorpus
514 739 648 810 Christi,
670 742 783 823 suique
800 743 1047 825 participatione
1068 741 1109 807 ed
1131 741 1182 806 in·
1235 741 1439 824 phantasma,
1461 743 1599 825 figuram
1622 764 1738 827 capere
1755 750 1947 826 nonpotcst.
1965 744 2050 808 -Aut
2070 743 2206 828 siprop·

211 829 449 910 corruptionem
468 847 528 892 nos
548 826 682 892 reducit.
706 824 833 908 Quarto
851 839 960 892 autem
977 828 1030 892 lib.
1044 847 1113 910 cap.
1130 832 1180 891 13:
1234 838 1325 893 terea
1345 847 1464 910 panem
1487 827 1548 893 sibi
1575 849 1691 912 eorpus
1713 829 1826 907 finxit,
1854 830 1931 912 quia
1951 830 2097 912 eorporis
2118 849 2207 896 cere·

210 912 314 979 Dedit
334 934 392 994 pre
414 912 481 977 vita
507 912 653 976 omnium
681 920 798 996 corpus
825 935 921 979 sirum
944 914 1121 991 Dominus,
1150 922 1183 978 et
1234 911 1290 977 bat
1311 913 1463 986 veritato,
1492 935 1569 997 ergo
1591 935 1710 998 panem
1737 912 1851 980 debuit
1871 914 2001 981 madere
2025 936 2082 997 pro
2105 916 2206 982 nobis.

211 1019 270 1082 per
290 997 372 1064 illud
393 1019 508 1063 rursus
529 999 631 1063 vitam
654 998 748 1063 uobis
765 999 925 1064 immittit:
946 998 1106 1082 quomodo
1124 1020 1181 1062 au·
1233 997 1389 1064 Faciebat
1408 997 1451 1063 ad
1470 1001 1644 1065 vanitatem
1659 1001 1843 1078 Marcionis,
1866 1010 1903 1065 ut
1920 1000 2015 1084 panis
2037 1001 2207 1085 crucifige-

210 1094 287 1161 tem,
310 1084 416 1150 dicam
438 1084 581 1149 breviter
603 1105 662 1166 pre
684 1084 817 1151 viribus.
862 1085 947 1150 Nam
975 1106 1075 1167 quum
1100 1085 1181 1148 vivi·
1233 1094 1331 1170 retur.
1388 1085 1511 1150 Probat
1538 1084 1763 1168 Tertullianus
1795 1107 1909 1151 veram
1941 1090 2049 1151 carnis
2082 1085 2206 1153 Christi

210 1171 313 1236 licens
334 1170 398 1235 Dei
421 1169 510 1234 filius
537 1171 571 1235 iu
599 1191 696 1234 earne
719 1170 930 1251 habitaverit,
958 1182 991 1234 et
1013 1182 1116 1247 tetus,
1145 1179 1182 1234 ut
1233 1170 1463 1250 substantiam,
1497 1193 1538 1235 ex
1570 1193 1607 1236 eo
1640 1171 1726 1254 quod
1759 1193 1825 1236 nen
1855 1181 1985 1255 peterat
2016 1173 2110 1255 panis
2136 1194 2207 1238 esse

209 1257 258 1321 ita
279 1256 395 1330 dicam,
418 1255 654 1321 totiineffabili
675 1256 1115 1330 modouuionisconiunetus
1132 1257 1181 1321 vi·
1232 1256 1353 1341 figura,
1390 1257 1454 1321 nisi
1481 1256 1528 1320 rei
1558 1279 1663 1323 verae.
1713 1257 1837 1321 Forma
1863 1256 2015 1340 loquendi
2041 1257 2207 1324 Heshusie

209 1342 396 1407 vilieautem
425 1342 530 1425 ipsam
561 1341 718 1420 effecerit,
749 1354 922 1426 propterea
949 1343 1181 1425 participantes
1232 1340 1363 1423 quidem
1392 1340 1555 1422 displicet,
1591 1344 1669 1426 quia
1694 1342 1877 1425 periculosa
1903 1342 2051 1408 videtur:
2091 1365 2206 1409 verum

208 1426 290 1493 haec
310 1448 384 1495 earo
409 1429 559 1492 viviticat.
603 1427 675 1494 Hoc
695 1450 795 1510 quum
818 1429 887 1492 fieri
909 1438 1035 1494 asserat
1056 1441 1122 1492 tam
1145 1427 1180 1491 in
1233 1427 1324 1509 quasi
1347 1428 1397 1491 sui
1420 1426 1556 1504 oblitus,
1583 1427 1678 1493 modo
1700 1428 1838 1494 insidiae
1859 1429 2031 1505 facessant,
2054 1450 2127 1494 eam
2150 1427 2205 1494 ad-

209 1534 311 1579 cocna
332 1535 430 1595 quam
452 1524 546 1577 extra
567 1534 710 1590 coenam,
738 1513 891 1596 expediat
912 1513 991 1578 mibi
1014 1513 1101 1578 hunc
1122 1534 1181 1578 no·
1233 1513 1342 1577 mittit.
1393 1513 1497 1579 Porro
1525 1514 1661 1579 insidias
1688 1514 1857 1598 iutelligit,
1891 1514 1921 1579 si
1951 1515 2055 1596 panis¹
2078 1513 2206 1580 dicatur

210 1598 289 1664 dum
318 1599 519 1675 Hcsbusius,
559 1598 636 1681 quid
664 1600 707 1663 sit
740 1601 841 1665 vitam
876 1598 968 1665 nobis
995 1600 1179 1671 immittere.
1233 1598 1363 1682 siguum
1387 1603 1461 1678 [pag.
1485 1604 1537 1679 68]
1560 1613 1618 1663 aut
1640 1602 1745 1684 ligura
1766 1622 1837 1666 esse
1859 1601 2131 1665 absentisearuis
2165 1601 2205 1665 In

210 1685 326 1767 Cupite
348 1696 456 1749 autem
483 1691 534 1749 lt:
568 1683 606 1750 st
629 1686 701 1767 quis
723 1682 816 1751 cerae
838 1684 1042 1768 liquefactae,
1066 1685 1180 1768 inquit,
1234 1706 1311 1749 veeo
1332 1683 1498 1749 absentiae
1517 1707 1565 1754 ,ue
1595 1689 1703 1750 lucum
1729 1708 1788 1751 stro
1814 1706 1905 1752 more
1933 1686 2042 1765 faeiat,
2072 1693 2206 1751 teneant

210 1771 307 1836 aliam
329 1791 436 1836 ceram
458 1769 628 1848 infuderit,
656 1770 793 1836 alterum
823 1793 895 1837 eum
927 1772 1029 1838 altera
1049 1771 1179 1836 misceri
1233 1769 1369 1834 lectores
1391 1769 1475 1853 quod
1505 1771 1595 1853 prius
1624 1771 1794 1849 admonui,
1822 1773 1869 1837 sie
1891 1770 2062 1837 Christum
2082 1773 2152 1836 loco
2173 1779 2207 1836 et

210 1877 343 1923 necesse
365 1869 429 1919 est:
463 1855 509 1919 ita
531 1857 557 1920 si
587 1857 659 1938 quis
688 1877 819 1922 earnem
842 1867 876 1921 et
897 1858 1091 1941 sanguinem
1115 1858 1181 1921 Do·
1233 1862 1365 1938 aspectu
1387 1855 1569 1939 abessent
1586 1877 1664 1922 vere
1686 1867 1796 1921 tamon
1819 1855 1930 1922 fideles
1952 1857 2119 1938 praesenti
2136 1879 2205 1923 car·

209 1942 291 2006 mini
315 1942 440 2026 accipit,
463 1962 537 2006 euru
560 1942 629 2024 ipso
653 1954 845 2008 necesseest
867 1942 1028 2025 coniungi,
1052 1954 1090 2007 ut
1111 1944 1180 2024 ipse
1232 1941 1284 2007 nis
1312 1942 1382 2006 eius
1410 1942 1594 2006 substantia
1630 1943 1782 2008 fruantur
1813 1952 1848 2008 et
1880 1941 2019 2008 aluntur.
2075 1943 2206 2007 Interea

210 2029 245 2092 in
267 2027 414 2104 Christe,
443 2040 475 2091 et
498 2027 651 2092 Christus
672 2028 707 2091 in
729 2029 1019 2112 ipseinveuiutur.
1064 2028 1181 2110 Capite
1233 2025 1332 2090 nullis
1353 2027 1422 2091 suis
1444 2027 1570 2093 cavillis
1602 2028 1698 2094 buius
1724 2029 1786 2093 viri
1816 2029 2011 2112 suffragium
2032 2028 2127 2094 uobis
2149 2049 2205 2092 ex·

210 2122 318 2179 auteur
342 2120 380 2176 24
405 2122 516 2194 aperto
546 2112 692 2195 disputat
713 2114 845 2196 spiritus
872 2115 994 2179 virtute
1018 2114 1179 2180 vivitieam
1232 2113 1403 2193 torquebit.
1449 2112 1534 2176 Nam
1557 2113 1641 2196 quod
1664 2114 1742 2181 dicit
1763 2113 1827 2194 ille,
1851 2135 1968 2197 panem
1991 2115 2113 2179 lactum
2136 2135 2206 2179 esse

209 2198 302 2265 reddi
323 2220 464 2275 caruem,
489 2206 526 2261 ut
542 2199 575 2261 in
598 2199 692 2264 nobis
709 2199 752 2264 sit
770 2198 931 2277 Christus,
954 2201 1030 2283 quia
1046 2200 1181 2282 spiritus
1231 2219 1358 2279 cerpus,
1381 2206 1469 2263 certo
1486 2221 1551 2262 non
1570 2199 1701 2265 aliunde
1722 2221 1837 2265 seusus
1860 2199 2018 2283 petendus
2040 2209 2091 2264 ost
2108 2221 2206 2282 qnam

209 2286 274 2351 Dei
296 2286 331 2348 in
354 2286 445 2349 nobis
466 2282 601 2348 habitat.
1232 2305 1273 2347 ex
1295 2295 1457 2349 contextu.
1508 2285 1576 2349 Nee
1603 2306 1682 2349 vero
1709 2285 1903 2368 sanguinem
1930 2287 1966 2349 iu
1993 2285 2069 2349 vine
2092 2305 2206 2350 conse·

294 2371 470 2452 Postquam
496 2369 535 2433 de
557 2369 677 2434 sanetis
699 2369 763 2433 illis
781 2370 993 2453 scriptoribus
1014 2371 1129 2436 inanes
1147 2384 1181 2436 et
1232 2388 1323 2434 erare
1336 2368 1528 2434 tantundem
1539 2371 1636 2447 valet,
1655 2373 1895 2454 atquealligero
1906 2371 2101 2454 sauguinem
2115 2372 2206 2435 vino:

208 2455 364 2520 ridiculos
387 2454 658 2538 ogittriumphos,
674 2461 697 2526 Ι)
719 2454 898 2520 insolenter
910 2479 944 2522 se
962 2457 1070 2529 iactat,
1093 2457 1180 2539 quod
1232 2454 1288 2518 sed
1315 2453 1489 2537 respondet
1519 2457 1685 2538 proximae
1713 2457 1907 2528 sententiae.
1943 2458 1997 2521 ubi
2024 2455 2104 2522 dicit
2130 2457 2207 2522 sub·

209 2564 275 2607 uon
297 2541 481 2613 dissimulet
502 2541 703 2605 Clementem
727 2541 988 2606 Alexandrinum
1018 2564 1053 2608 se
1080 2543 1179 2606 relin-
1231 2540 1387 2605 stantiam
1411 2543 1520 2605 earnis
1541 2562 1619 2606 strae
1639 2543 1848 2607 confirmasse
1871 2540 2053 2616 Christum,
2076 2541 2207 2623 quando

208 2648 316 2710 quere,
339 2627 490 2708 quoniam
513 2626 582 2691 cius
600 2627 784 2690 testimonio
802 2638 967 2710 gravetur.
1012 2627 1181 2693 Gloriatur
1231 2636 1464 2691 testamentum
1482 2626 1628 2692 eenrlidit
1643 2630 1803 2710 sanguine
1820 2647 1878 2691 suo
1897 2627 2120 2711 obsignatum:
2133 2629 2210 2710 quia

209 2714 309 2778 etiam
330 2733 365 2776 se
388 2733 452 2776 nou
476 2723 845 2777 raroeausamnostraur
867 2713 1030 2796 suscipere
1052 2723 1086 2778 et
1106 2735 1179 2796 per·
1231 2711 1363 2795 sanguis
1386 2733 1457 2776 esso
1476 2735 1543 2777 neu
1573 2724 1680 2796 potest
1701 2714 1764 2777 nisi
1792 2735 1888 2778 verae
1910 2713 2027 2779 earnis.
2071 2712 2207 2779 Nemini

210 2819 334 2876 seuram,
357 2796 433 2863 dum
447 2795 854 2879 quaecunqueadlerimus,
876 2812 1035 2880 quantum
1054 2800 1180 2865 viribus
1231 2793 1467 2863 eertedubium
1481 2808 1539 2876 est,
1562 2798 1830 2882 obsignationeru,
1852 2807 2079 2881 quaeperaeta
2100 2808 2154 2864 est
2175 2801 2208 2864 in

209 2892 326 2967 potest,
349 2894 527 2966 exaggerat
554 2894 587 2947 et
608 2882 803 2965 amplificat,
829 2896 868 2948 ut
896 2896 1068 2968 cognoseat
1094 2886 1179 2950 sitne
1231 2904 1431 2960 erucarum
1456 2882 1516 2949 hac
1539 2882 1779 2951 consecratione
1801 2885 1950 2962 conferri,
1973 2904 2038 2966 qua
2049 2884 2209 2950 Christus

208 2967 332 3052 aliquid
355 2989 538 3045 nervosum,
562 2981 620 3034 ete.
656 2969 794 3048 Quodsi
819 2991 934 3036 verum
955 2984 1014 3047 est,
1038 2975 1178 3050 {preat}
1231 2967 1343 3034 foedus
1364 2981 1531 3033 aeternum
1561 2991 1635 3035 eum
1664 2970 1732 3046 suis
1760 2971 1945 3052 paciscitur.
1996 2969 2110 3035 Nihilo
2133 2971 2211 3054 plus

208 3077 275 3120 non
298 3054 436 3120 debilem
459 3053 564 3130 medo,
586 3052 642 3120 sed
654 3076 808 3121 enervem
831 3077 963 3137 prorsus
985 3067 1024 3120 et
1041 3058 1179 3123 tractum
1231 3055 1439 3136 consequitur
1466 3054 1653 3121 Heshusius
1680 3076 1722 3120 ox
1749 3056 1852 3121 altero
1881 3055 1964 3130 loeo,
1993 3056 2048 3121 ubi
2072 3077 2213 3122 earnem

209 3161 281 3206 esse
303 3141 474 3222 oportet2)
526 3139 621 3220 Quod
643 3141 671 3204 si
695 3152 803 3206 tamen
826 3142 912 3219 vires
933 3163 1009 3206 siras
1030 3141 1180 3209 adrecte
1211 3138 1310 3205 dicit
1329 3161 1463 3230 corpore
1485 3150 1518 3218 et
1539 3142 1698 3224 sauguine
1720 3140 1845 3206 Christi
1873 3142 1974 3216 vesei,
2003 3151 2041 3206 ut
2071 3141 2112 3206 de
2136 3143 2213 3208 Deo

208 3226 418 3291 iudicandum
446 3226 621 3302 conferret,
655 3247 736 3308 quas
763 3239 849 3291 totas
876 3225 917 3292 ad
945 3227 1118 3291 rixandum
1147 3240 1181 3294 et
1230 3227 1406 3309 saginetur,
1432 3226 1492 3292 hoe
1513 3237 1571 3302 est,
1600 3241 1637 3290 ut
1657 3227 1692 3291 iu
1716 3226 1898 3297 divinitatis
1920 3227 2208 3310 participationem

207 3310 453 3387 conviciandum
477 3310 631 3389 intendit,
657 3312 799 3376 multum
827 3334 867 3377 ex
895 3314 1087 3396 intemperie
1114 3335 1180 3396 qua
1233 3321 1349 3376 veniat
1395 3310 1535 3377 Summa
1558 3322 1626 3384 est.
1659 3312 1799 3378 absurdo
1824 3324 1859 3376 et
1885 3313 1984 3394 impie
2012 3313 2121 3379 facere
2151 3314 2206 3396 qui

207 3398 326 3481 flagrat
347 3397 535 3461 remitteret.
587 3401 685 3462 Certe
707 3398 787 3462 milri
810 3398 1018 3484 allegoricam
1041 3398 1178 3463 ruandu-
1231 3418 1361 3461 crrruem
1374 3410 1617 3480 nostramaspe
1628 3399 1873 3476 resurrectionis
1893 3397 2094 3480 excludunt,¹
2108 3420 2205 3482 quam

207 3484 366 3550 cationum
391 3504 455 3546 uon
479 3483 640 3558 obiiceret,
662 3505 682 3548 a
703 3504 767 3567 quo
789 3484 909 3548 fatetur
931 3483 1077 3548 durnnari
1100 3484 1177 3549 alle·
1231 3481 1383 3548 Christus
1405 3484 1584 3566 spiritualis
1609 3485 1694 3548 vitae
1711 3484 1868 3567 symbolis
1891 3483 2057 3566 dignatur.
2088 3484 2202 3569 Itaque

208 3571 333 3653 goriam
355 3569 389 3631 in
412 3567 536 3633 Christi
558 3569 677 3633 verbis.
727 3567 794 3634 Sed
824 3569 881 3633 tali
909 3571 1067 3654 vertigine
1096 3568 1178 3634 divi·
1231 3569 1266 3631 iu
1295 3566 1408 3645 eodem
1435 3568 1540 3652 gradu
1563 3569 1656 3651 ponit
1688 3591 1753 3634 uon
1781 3569 1882 3636 modo.
1900 3570 2117 3652 baptismum,
2147 3570 2199 3636 sod

208 3656 297 3718 nitus
320 3655 443 3735 percuti
466 3675 605 3735 aequum
626 3667 691 3730 est,
720 3676 800 3736 ques
828 3654 868 3719 ad
890 3654 1103 3739 pugnandum
1126 3679 1178 3720 ra·
1232 3654 1427 3731 unctionem,
1457 3654 1658 3738 signaculum
1683 3654 1800 3732 ornem,
1829 3667 1863 3720 et
1884 3677 2000 3720 manus
2022 3656 2200 3738 impositio-

207 3740 257 3823 pit
279 3738 429 3821 pertinax
449 3740 591 3818 ambitio,
616 3750 653 3804 ut
670 3739 905 3824 pudoremuna
922 3763 994 3807 eum
1018 3741 1081 3806 fide
1104 3763 1178 3824 pro-
1231 3761 1315 3806 uem.
1360 3739 1448 3804 Mira
1475 3754 1584 3806 autem
1612 3739 1772 3806 socordia:
1807 3762 1871 3823 quo
1899 3741 2013 3823 probet
2039 3763 2108 3806 non
2137 3742 2201 3807 sola

208 3828 355 3890 stituant.
1232 3824 1294 3889 fide
1317 3824 1490 3908 participes
1518 3847 1576 3892 nos
1605 3827 1676 3891 lieri
1696 3827 1804 3892 caruis
1826 3825 1966 3904 Christi,
1995 3826 2104 3891 locum
2126 3829 2201 3893 citat

294 3909 416 3973 Mirum
445 3922 570 3987 autem,
599 3931 699 3993 quum
729 3918 810 3974 taurv
832 3933 927 3992 asper
953 3912 998 3978 sit
1024 3910 1179 3996 Origcnis
1231 3933 1271 3975 ex
1302 3910 1409 3975 libello
1437 3911 1477 3975 de
1505 3909 1663 3976 Oratione
1696 3911 1872 3977 dominica:
1905 3912 1961 3975 ubi
1988 3914 2200 3994 spiritualiter

208 4015 339 4070 censer,
367 4017 407 4058 ne
435 3995 520 4060 iuter
546 3999 721 4079 scriptores
748 3995 813 4061 fide
842 3995 958 4080 dignos
981 4010 1178 4077 numeretur,
1230 3996 1369 4080 intelligi
1392 4018 1486 4078 posse
1511 3997 1591 4062 dicit
1616 3997 1702 4082 quod
1732 4017 1903 4079 precamur
1930 3996 2023 4063 uobis
2053 3997 2124 4063 dari
2148 4019 2201 4080 pa·

208 4100 267 4144 cur
290 4100 355 4142 nou
377 4091 411 4143 et
432 4080 668 4146 Tertullianum
690 4082 786 4146 simul
805 4095 982 4167 expungat.
1027 4083 1178 4151 Vidimus
1231 4104 1306 4147 netu
1330 4081 1570 4164 quotidianum:
1600 4084 1676 4166 quia
1702 4081 1855 4149 Christus
1881 4095 1931 4147 est
1959 4083 2054 4166 panis
2081 4095 2202 4164 noster,

209 4186 308 4250 quain
329 4164 525 4244 implacabili
553 4166 720 4232 iracundia
746 4170 908 4233 exarserit
932 4178 1179 4236 contracturos
1230 4167 1308 4249 quia
1331 4168 1400 4232 vita
1411 4168 1574 4247 Christus,
1597 4169 1674 4252 quia
1690 4180 1740 4234 est
1761 4189 1867 4234 sermo
1879 4168 1942 4232 Dei
1966 4169 2035 4232 vivi
2065 4171 2123 4251 qui
2148 4169 2202 4235 de-

208 4253 263 4336 qni
292 4249 449 4315 auderent
476 4253 570 4314 alitor
597 4276 692 4334 quarn
720 4257 850 4337 proprie
879 4269 912 4318 et
941 4256 1052 4320 nativo
1080 4277 1176 4320 sense
1232 4253 1358 4318 seendit
1384 4276 1403 4318 e
1431 4254 1542 4333 coelis,
1572 4266 1606 4319 et
1636 4276 1752 4338 eorpus
1778 4255 1848 4320 eius
1875 4256 1910 4319 in
1933 4264 2202 4337 pane'eensetur.

207 4338 353 4418 accipere
377 4333 502 4400 Christi
525 4339 635 4401 verba:
657 4339 728 4406 Hee
750 4352 801 4405 ost
821 4361 937 4423 eorpus
959 4362 1077 4419 meum,
1100 4342 1177 4422 quia
1231 4337 1324 4404 Unde
1347 4337 1510 4404 concludit
1531 4361 1590 4406 uos
1612 4340 1860 4423 perpetuitatem
1882 4340 2065 4406 inChristo
2084 4353 2202 4423 petere,

207 4422 293 4488 haue
321 4420 512 4502 sacrilegam
540 4425 755 4513 corruptelam
783 4448 853 4492 osso
881 4425 1026 4491 ducebat.
1079 4426 1176 4491 Nune
1229 4437 1263 4488 et
1286 4432 1357 4503 lpag.
1377 4429 1430 4502 59]
1453 4424 1715 4491 individuitatem
1737 4447 1757 4492 a
1778 4446 1912 4511 corporo
1934 4425 2012 4491 eius.
2047 4426 2202 4506 Obsecro,

207 4530 308 4594 quum
331 4506 523 4572 Tertulliani
549 4509 645 4573 verba
667 4511 773 4592 ipsum
794 4511 988 4589 confodiant,
1016 4513 1176 4595 tergiver·
1228 4509 1255 4574 si
1278 4512 1311 4574 in
1334 4509 1443 4575 aniam
1466 4511 1600 4576 liaberet
1621 4512 1846 4595 praevaricari,
1861 4506 1884 4585 'l
1913 4522 2065 4594 possetne
2088 4514 2203 4579 melius

206 4593 308 4661 sarrdo
335 4608 443 4658 tarneu
476 4590 559 4656 elabi
589 4596 691 4678 uragis
724 4609 871 4674 certatur,
907 4620 1005 4682 quam
1033 4619 1091 4663 siro
1119 4597 1176 4663 illo
1227 4617 1361 4662 eausam
1396 4610 1541 4661 nostram
1568 4597 1703 4662 iuvare?
1759 4597 1813 4663 En
1842 4618 1901 4664 cur
1933 4595 1974 4663 de
2007 4599 2203 4682 antiquitate

205 4682 329 4764 impetu
352 4700 427 4743 eum
449 4675 585 4742 obrucre
603 4691 713 4746 tentet
749 4681 857 4748 Verba
878 4696 971 4749 sunt:
993 4685 1175 4768 Acceptum
1226 4683 1393 4766 glorietur.
1462 4724 1464 4728 -

1313 4767 1514 4852 Cyprianum
1534 4767 1646 4833 eadem
1666 4767 1861 4833 dexteritate
1878 4776 2054 4851 patronum
2066 4768 2129 4835 sibi
2146 4769 2202 4835 od-

475 4923 480 4933 ,
563 4920 569 4932 ,
1157 4923 1163 4937 ‚
1227 4853 1344 4921 sciscit
1387 4852 1566 4920 Contendit
1587 4852 1773 4938 Cyprianus
1796 4874 1862 4919 uon
1884 4873 1955 4920 esse
1973 4853 2202 4940 denegandum

277 4920 305 4982 lt
324 4920 412 4987 Apres
429 4919 491 4989 qu’d
509 4936 526 4974 a
543 4919 604 4973 hren
621 4917 752 4987 gatairada
776 4921 840 4973 isa
857 4920 935 4975 mede
954 4937 1001 4977 sur
1017 4921 1058 4977 les
1076 4929 1175 4977 auton·

208 4994 251 5043 tea
269 4989 317 5042 des
335 4988 449 5043 triciens
468 4990 511 5058 qui
529 4988 587 5042 font
605 4997 697 5041 contre
716 4987 872 5056 luy-masma
890 4996 937 5045 etr.
1228 5028 1430 5037 -.-..
2046 4988 2051 4996 '

275 5055 305 5110 21
327 5056 397 5108 Add.
414 5058 504 5127 quand
521 5058 540 5111 il
559 5073 591 5110 ue
611 5063 675 5123 peut
692 5060 794 5111 mauisr
810 5055 843 5111 de
862 5057 941 5112 telles
958 5075 1054 5127 armes,
1073 5072 1175 5116 comme

208 5123 229 5177 il
246 5140 276 5178 se
293 5124 374 5178 feroit
390 5128 509 5182 seeroirs
527 5126 681 5180 rolontiers.
1296 5126 1325 5197 1)
1342 5124 1384 5182 s'il
1402 5125 1506 5181 reuloit
1523 5126 1623 5182 rendre
1640 5126 1799 5199 luy-meane
1817 5143 1849 5185 sa
1864 5128 1953 5198 partie
1965 5144 2017 5198 par
2034 5129 2177 5186 semein.
