4748 5798
949 1423 1279 1508 PRAEFATIO.

139 1729 143 1736 ι
194 1645 355 1730 Superbia
382 1647 569 1715 hominibus
601 1636 737 1733 perinde
767 1656 831 1728 est,
864 1646 961 1714 modo
994 1647 1083 1715 dulci
1135 1646 1277 1712 eundem
1298 1669 1372 1714 oum
1395 1649 1514 1732 spiritu
1536 1651 1685 1716 asseruit
1731 1652 1835 1737 Atqui
1859 1652 1888 1718 si
1921 1652 2052 1736 proprie
2078 1652 2114 1717 in

109 1733 269 1799 novitatis
286 1732 441 1799 illecebra
460 1737 604 1801 curiosos
625 1734 801 1802 inescando
830 1755 977 1814 acumen,
995 1733 1082 1819 quod
1134 1741 1264 1816 patrem
1286 1735 1441 1816 competit
1467 1737 1621 1815 essentia,
1643 1738 1739 1804 sicuti
1759 1737 1845 1820 quod
1868 1739 1928 1803 uni
1954 1757 2114 1822 personae

110 1840 206 1902 saepe
233 1819 361 1884 nullum
390 1826 449 1898 est,
477 1820 588 1888 fallaci
620 1821 728 1907 specie
760 1829 939 1887 ostentent:
973 1822 1083 1903 itaque
1135 1818 1301 1902 peculiare
1322 1826 1467 1886 est'cum
1502 1821 1605 1887 altera
1633 1817 1701 1888 non
1729 1824 1998 1902 communicatur,
2027 1819 2114 1890 filius

111 1925 172 1988 quo
200 1905 307 1990 magis
335 1904 521 2054 prodigiosa
554 1916 739 1973 commenta
770 1907 835 1971 illis
867 1906 904 1971 in
937 1915 1083 1994 mentem
1135 1919 1223 1970 certe
1243 1905 1334 1971 Deus
1356 1895 1424 1971 n'on
1447 1908 1520 1975 erit.
1566 1907 1656 1988 Quid
1680 1929 1761 1992 ergo
1782 1910 1841 1974 fiet
1861 1916 1912 1974 tot
1933 1910 2114 1993 scripturae

109 1991 272 2069 renarint,
294 2011 333 2056 eo
344 1990 419 2074 cupi
444 1993 494 2058 ius
512 1992 680 2076 arripiant,
698 2002 732 2058 et
743 1993 898 2059 audacius
912 1993 1082 2071 insultent,
1134 1990 1224 2068 locis,
1247 1992 1364 2073 quibus
1386 1989 1542 2058 docemur
1554 1993 1725 2060 Christum
1746 2016 1816 2061 esse
1837 1995 1933 2060 illum
1944 1995 2113 2074 Iehovam,

110 2076 204 2160 quasi
226 2076 417 2160 amphorem
439 2076 545 2143 laudis
566 2079 739 2144 materiam
756 2080 853 2145 nacti.
875 2078 981 2145 Porro
991 2085 1084 2143 tanta
1135 2076 1192 2158 qui
1223 2096 1283 2158 per
1315 2077 1433 2142 Mosen
1461 2079 1561 2143 dixit:
1594 2080 1667 2164 Ego
1696 2102 1769 2146 sum
1799 2082 1854 2164 qui
1879 2080 1974 2145 sum?
2018 2078 2114 2145 Vidit

108 2162 280 2246 plerosquo
309 2162 423 2227 titillat
458 2185 617 2248 vagarum
658 2165 919 2248 speculationum
957 2162 1082 2247 cupido,
1120 2161 1259 2227 'Iesaias
1291 2162 1449 2228 Iehovam
1487 2164 1597 2230 Deum
1631 2167 1837 2231 exercituum
1868 2166 2039 2232 sedentem
2076 2167 2114 2230 in

109 2256 266 2331 tantaque
288 2249 406 2314 levitas
429 2249 630 2335 circumagit,
653 2262 691 2314 ut
713 2250 806 2316 facile
829 2251 873 2316 sit
898 2250 1084 2333 impostori·
1137 2247 1237 2313 solio:
1279 2248 1421 2314 Ioannes
1462 2251 1699 2333 interpretatur
1742 2253 1847 2318 visam
1889 2274 1910 2317 a
1945 2252 2114 2335 Propheta

109 2333 182 2412 bus,
205 2335 355 2418 quamvis
376 2355 437 2400 nec
456 2336 599 2419 ingenio,
622 2355 683 2401 neo
708 2334 864 2415 doctrina,
888 2358 948 2402 nec
971 2334 1084 2400 dexte·
1135 2333 1236 2398 fuisse
1264 2333 1404 2418 gloriam
1436 2334 1562 2400 christi
1591 2337 1667 2415 (Ios.
1697 2343 1726 2417 6,
1763 2343 1794 2419 13
1815 2339 1932 2403 Ioann.
1968 2341 2017 2417 12,
2045 2338 2113 2418 41).

108 2420 209 2484 ritate
236 2418 391 2502 polleant,
419 2421 502 2486 tales
531 2422 594 2487 sibi
626 2420 800 2505 discipulos
837 2430 1001 2487 momento
1032 2441 1085 2485 ac·
1137 2418 1242 2484 Plena
1276 2429 1328 2484 est
1366 2421 1525 2486 eiusmodi
1558 2423 1756 2488 testimoniis
1791 2425 1962 2507 scriptura,
1996 2423 2114 2506 quibus

109 2506 247 2588 quirere.
291 2506 346 2570 Ita
368 2505 567 2572 Valentinus
590 2507 743 2594 Gentilis,
766 2507 864 2572 homo
886 2507 994 2585 nihili,
1017 2508 1085 2572 iae·
1137 2525 1261 2570 novum
1290 2506 1351 2572 hoc
1380 2514 1569 2590 portentum
1599 2510 1842 2576 essentiationis
1853 2511 1879 2594 ¹)
1913 2509 1988 2593 plus
2015 2530 2114 2592 quam

109 2610 181 2656 cem
204 2613 246 2656 ex
268 2591 390 2657 deliriis
409 2590 540 2657 Servati
562 2594 714 2658 haustam
732 2593 919 2677 propinans,
933 2592 1084 2677 insipidis
1136 2590 1259 2674 liquido
1284 2591 1454 2657 refellitur.
1504 2594 1547 2658 In
1574 2595 1733 2679 principio
1761 2603 1833 2660 erat
1866 2616 1983 2675 sermo,
2009 2596 2116 2678 inquit

103 2676 229 2760 palatis
255 2678 419 2760 persuasit
446 2700 581 2745 suavem
609 2701 680 2745 esse
709 2687 832 2763 potum.
883 2677 993 2760 Quam
1027 2676 1084 2743 ab·
1136 2675 1278 2743 Ioannes
1311 2683 1355 2756 (l,
1392 2676 1432 2763 l).
1490 2677 1665 2759 Quodnam
1705 2681 1861 2766 intelligit
1892 2680 2114 2764 principium?

107 2762 250 2829 surdum
272 2765 315 2828 sit
325 2762 411 2845 quod
429 2764 490 2829 sibi
511 2764 684 2830 fabricavit
696 2764 822 2850 dogma,
841 2766 931 2830 sanis
942 2764 1084 2829 homini·
1136 2762 1237 2827 Haud
1260 2762 1356 2828 dubie
1379 2765 1595 2834 aeternitatis:
1622 2766 1788 2850 quianon
1811 2766 1852 2831 de
1880 2767 1996 2831 mundi
2023 2786 2114 2832 orea-

106 2849 171 2914 bus
195 2869 236 2913 ex
259 2849 352 2914 brevi
372 2849 478 2914 relatu
501 2853 708 2934 perspicuum
729 2854 794 2915 fiet.
816 2849 903 2914 ualli
924 2871 983 2916 nos
996 2850 1083 2928 dicit,
1136 2849 1224 2913 tione
1256 2849 1359 2913 verba
1391 2850 1484 2929 fucit,
1519 2849 1577 2915 sed
1608 2851 1713 2935 qualis
1740 2853 1774 2916 in
1802 2874 1837 2917 se
1860 2873 1989 2935 semper
2014 2852 2115 2917 fuerit

106 2933 197 3020 quod
220 2935 257 2998 in
278 2956 344 3000 una
365 2933 431 3001 Dei
452 2937 593 3002 essentia
623 2944 689 3002 tres
719 2957 874 3019 personas
901 2936 1083 3001 statuimus.
1136 2933 1238 3014 Deus,
1272 2934 1423 3017 explicat.
1476 2935 1592 3002 Sermo
1625 2938 1735 3020 itaque
1763 2959 1893 3021 semper
1920 2938 1984 3002 fuit
2011 2936 2114 3003 Deus.

102 3020 165 3085 Ita
187 3020 277 3084 enim
300 3027 373 3101 [pag.
397 3026 430 3101 4]
452 3024 704 3105 quaternitatem
727 3023 818 3106 fingi,
836 3023 1085 3105 aosipersonae
1136 3019 1234 3085 Unde
1256 3023 1404 3103 sequitur
1423 3040 1490 3086 non
1513 3023 1542 3086 ei
1564 3023 1664 3087 fuisse
1684 3022 1799 3088 datum
1819 3032 1857 3088 ut
1875 3031 1969 3098 esset
2013 3021 2114 3088 Simi-

98 3127 230 3171 nomen
242 3105 365 3190 aliquid
375 3106 415 3172 ab
427 3109 570 3174 essentia
580 3106 780 3174 abstractum
795 3109 819 3191 ¹)
839 3114 983 3172 notaret:
1004 3107 1082 3190 Ipse
1136 3104 1213 3170 liter
1234 3125 1335 3189 quum
1357 3109 1553 3191 pronunciat
1575 3113 1650 3186 [pag.
1674 3115 1704 3185 6]
1726 3108 1881 3175 Christus
1902 3110 1985 3191 ipse:
2010 3110 2114 3174 Ante-

96 3212 190 3258 uero
217 3193 316 3259 nimis
344 3214 452 3259 crasse
481 3193 716 3273 hallucinatur,
746 3193 824 3257 dum
853 3202 921 3259 tres
950 3194 985 3258 in
1012 3194 1085 3258 Deo
1137 3212 1236 3274 quam
1257 3193 1350 3257 fieret
1372 3191 1543 3258 Abrahani
1565 3215 1625 3278 ego
1647 3215 1738 3259 sum:
1763 3194 1892 3278 (Ioann.
1917 3199 1947 3268 8,
1972 3197 2028 3272 58)
2051 3194 2113 3259 sibi

94 3279 328 3362 proprietates
353 3300 419 3343 non
449 3279 632 3364 distinguit,
665 3300 748 3363 quae
780 3281 816 3344 in
845 3280 917 3362 ipsa
944 3275 1085 3345 essentia
1137 3278 1282 3359 profecto
1316 3279 1492 3343 essentiam
1523 3280 1646 3361 absque
1677 3280 1839 3363 principio
1868 3279 2029 3345 vendicat.
2075 3278 2114 3346 Si

96 3362 286 3442 resideant,
309 3384 376 3429 non
399 3372 510 3431 autem
534 3366 575 3431 ab
586 3388 626 3431 ea
636 3376 839 3449 separentur.
878 3364 1084 3448 Principium
1136 3360 1309 3428 Valentini
1331 3363 1449 3445 placito
1468 3362 1623 3429 'standum
1646 3375 1741 3444 esset,
1764 3386 1937 3449 perperam
1959 3365 2114 3448 loquutus

92 3448 193 3515 illud
216 3450 395 3534 scripturae
418 3458 577 3531 tenemus,
600 3453 734 3518 unicum
757 3473 829 3517 csse
852 3452 969 3516 Deum.
1012 3452 1086 3531 Iam
1137 3456 1223 3514 esset
1244 3449 1414 3528 Christus,
1437 3451 1514 3532 quia
1535 3460 1572 3515 ut
1591 3451 1739 3517 membra
1757 3450 2112 3533 intereaquadrarent,

98 3535 191 3601 dum
202 3535 316 3602 eadem
328 3537 490 3619 scriptura
499 3538 536 3621 in
547 3538 691 3621 medium
710 3539 1085 3621 nobisprofertpatrem,
1137 3535 1184 3600 sio
1216 3535 1306 3618 loqui
1336 3533 1461 3600 debuit:
1491 3537 1679 3620 Antequam
1711 3537 1882 3602 Abraham
1914 3538 2016 3615 fieret,
2052 3557 2114 3621 ego

92 3623 218 3688 filium
241 3631 274 3687 et
295 3623 448 3707 spiritum
469 3632 628 3703 sanctum,
651 3623 730 3707 quid
751 3624 840 3688 aliud
852 3631 964 3702 restat,
988 3645 1086 3707 quam
1138 3642 1213 3685 sum
1236 3621 1442 3688 essentiatus.
1462 3620 1587 3706 ¹Longe
1609 3632 1719 3688 autem
1738 3622 1828 3687 eliud
1845 3629 1904 3701 est,
1916 3632 2113 3706 perpetuum

87 3710 144 3774 in
168 3728 237 3773 una
258 3709 459 3792 simplicique
481 3708 600 3774 deitate
621 3718 738 3774 tresa
784 3730 894 3775 osccre
921 3730 1085 3793 personas,
1137 3714 1339 3790 essequam
1366 3709 1563 3772 essentiatio.
1607 3707 1712 3788 Adde,
1728 3707 1829 3790 ‘quod
1857 3715 1987 3791 tempus
2021 3706 2113 3775 verbi

88 3814 195 3881 quae
218 3799 328 3861 tamen
350 3816 416 3861 uon
438 3795 582 3860 efficiant
603 3795 713 3878 plures
758 3817 822 3873 eos,
844 3815 905 3861 nec
925 3796 1087 3861 essentiae
1138 3801 1311 3857 aeternum
1342 3800 1466 3858 statum
1493 3791 1651 3877 designat.
1702 3791 1741 3859 Si
1770 3793 1907 3859 dixisset
1937 3795 2114 3877 praeterito

84 3880 275 3948 unitatem
304 3879 449 3946 lacerent
475 3888 534 3946 aut
563 3879 743 3965 dissipent?
773 3882 840 3948 Ubi
869 3889 980 3947 autem
1007 3901 1086 3964 qua·
1139 3884 1300 3963 tempore:
1322 3878 1397 3959 rui,
1420 3878 1567 3945 cavillari
1589 3900 1655 3944 non
1678 3878 1856 3945 destitisset
1869 3879 2021 3945 Gentilis.
2046 3880 2113 3944 Lo·

89 3967 251 4033 ter-nitas
273 3966 462 4050 reperietur,
485 3967 514 4033 si
536 3989 622 4032 unus
632 3967 724 4032 Deus
746 3975 812 4032 tres
834 3968 868 4031 in
891 3988 926 4032 se
938 3968 1086 4050 proprie·
1138 3965 1251 4047 quutio
1283 3972 1393 4029 autem
1428 3985 1526 4049 quam
1548 3972 1703 4048 usurpat,
1736 3985 1849 4039 omnes
1871 3964 2112 4050 tergiversandi

85 4060 199 4119 *tates
218 4053 403 4119 contineat?
1138 4069 1235 4115 ansas
1256 4049 1422 4133 praecidit.
1444 4050 1516 4116 Iam
1539 4050 1680 4134 quidest
1701 4052 1888 4131 essentiare,
1901 4052 1965 4118 nisi
1977 4049 2110 4117 creare?

197 4139 295 4206 Nune
316 4161 413 4224 quam
437 4141 516 4205 scite
538 4147 685 4204 nostram
712 4138 911 4203 sententiam
932 4137 1084 4223 corrigat,
1132 4136 1237 4201 Actus
1260 4136 1348 4200 enim
1371 4135 1570 4202 essentiendi
1592 4136 1777 4202 necessario
1799 4136 1834 4202 id
1856 4157 1967 4202 secum
1995 4135 2109 4212 trahit,

49 4225 228 4311 &idere
249 4244 367 4309 operae
388 4226 530 4310 pretium
543 4233 601 4290 est
625 4224 891 4306 Comminiscitur
908 4223 1085 4289 essentiam
1133 4222 1248 4304 utqui
1271 4228 1347 4286 aute
1369 4243 1435 4287 non
1457 4225 1536 4299 erat,
1558 4222 1716 4305 inceperit
1728 4243 1808 4288 esse.
1840 4221 1939 4289 Unde
1951 4223 2110 4307 sequitur,

76 4303 174 4378 :Dei
196 4311 235 4375 in
258 4313 445 4395 solopatre:
468 4314 578 4395 itaque
599 4310 694 4375 illum
711 4308 878 4394 praedicat
895 4310 1000 4375 solum
1015 4329 1086 4375 esse
1134 4306 1305 4373 Christum
1333 4327 1399 4372 non
1427 4308 1491 4373 alio
1522 4309 1593 4372 iure
1620 4308 1731 4373 Deum
1759 4310 1902 4388 censeri,
1932 4308 1997 4373 nisi
2023 4305 2110 4390 quod

74 4412 229 4468 verum
256 4398 373 4463 Deum.
422 4397 509 4463 Filio
531 4396 650 4463 deinde
681 4395 830 4462 concedit
857 4394 923 4460 Dei
956 4401 1085 4473 nomen,
1135 4391 1219 4458 dono
1240 4394 1364 4476 accepit
1386 4392 1472 4478 quod
1492 4414 1558 4458 non
1580 4391 1730 4459 habebat.
1769 4393 1839 4460 Nec
1861 4414 1940 4459 vero
1961 4391 2109 4476 disputa-

76 4485 168 4553 sed
191 4484 287 4568 quasi
307 4484 507 4568 precarium:
530 4484 607 4568 quia
627 4481 751 4568 scilicet
774 4482 969 4547 essentiatus
996 4482 1086 4558 sita
1134 4479 1221 4544 tione
1248 4500 1329 4562 opus
1361 4489 1412 4544 est
1437 4481 1471 4543 in
1499 4500 1535 4544 re
1562 4479 1663 4545 clara:
1693 4481 1769 4564 quia
1802 4481 1869 4546 iam
1888 4477 2108 4556 ostendimus,

59 4582 214 4656 „patra
258 4570 350 4654 Ergo
371 4589 545 4654 personam
567 4569 671 4652 patris
694 4588 760 4632 nou
783 4567 871 4633 aliud
898 4588 971 4633 esse
997 4567 1085 4631 affir-
1133 4564 1199 4630 nisi
1220 4564 1310 4630 filius
1328 4566 1371 4630 sit
1392 4573 1494 4647 pater,
1518 4585 1593 4629 eum
1616 4563 1729 4633 divina
1758 4566 1900 4631 essentia
1928 4562 2109 4646 spoliaria

66 4666 190 4733 hiat,
209 4645 310 4739 quam
332 4657 516 4722 essentiam.
549 4655 629 4720 Filii
651 4674 728 4722 vero
773 4673 935 4732 creonam,
957 4656 1029 4732 [pag.
1054 4657 1084 4732 5]
1133 4649 1321 4715 Valentino.
1365 4648 1495 4717 Rudius
1527 4650 1650 4735 loquar,
1676 4662 1716 4716 ut
1740 4651 1885 4734 apertius
1919 4647 2006 4732 quod
2034 4646 2108 4714 volo

70 4740 349 4812 deificationem
370 4762 441 4808 esse
457 4741 606 4807 blaterat.
643 4740 709 4807 Ubi
721 4674 772 4804 ad
773 4739 925 4825 spiritum
936 4746 1084 4804 sanctum
1134 4736 1325 4818 exprimam.
1369 4735 1516 4804 Persona
1539 4743 1611 4816 [pag.
1642 4740 1675 4816 7]
1703 4737 1806 4820 patris
1835 4745 1885 4801 est
1916 4733 2107 4817 ostentmst)

67 4829 257 4906 *suitur
285 4828 395 4893 omnia
420 4827 609 4912 permiscet:
643 4828 719 4910 quia
750 4827 816 4891 iam
850 4831 947 4891 antea
978 4823 1085 4889 filium
1149 4862 1153 4871 ‹

179 5101 212 5169 1)
231 5098 347 5173 quelque
362 5101 449 5159 chose
466 5103 532 5159 hors
549 5096 740 5158 dc‘l’ess'cnce.
789 5185 790 5188 Ἴ
1202 5028 1233 5164 ii
1251 5027 1481 5169 {diahircadpiiirii‘
1497 5053 1541 5153 est
1557 5094 1692 5152 Valentini
1713 5093 1839 5152 essentia
1874 5087 1953 5147 'Bora
1975 5096 2001 5148 et
2017 5092 2105 5149 sarr.
