4620 5828
219 207 281 287 011
1077 211 1339 305 suasoriam
1733 255 1736 260 -
2146 221 2207 284 aas

219 407 402 491 episcopos,
442 407 592 492 abruptio
632 415 741 472 tamen
774 405 848 490 plus
876 427 974 489 quam
1002 403 1186 489 prodigiosa
1236 404 1333 489 longe
1354 412 1464 487 petere
1485 404 1533 468 rei
1555 410 1662 470 certae
1683 404 1914 473 testimonium
1959 402 2027 471 Sed
2042 426 2100 471 our
2115 425 2209 487 prae·

219 514 287 558 non
311 494 434 576 patitur
465 495 652 560 continuam
679 492 796 557 scriem
827 491 954 557 ducere.
998 490 1090 573 Papa
1121 490 1186 555 illis
1237 489 1326 555 tcriit
1353 487 1438 574 quod
1464 512 1504 554 ex
1539 511 1574 554 re
1603 497 1636 554 et
1663 510 1760 556 eausa
1794 492 1958 576 praesenti
1992 490 2100 575 magis
2129 499 2207 569 0101,

218 586 269 645 est
290 579 458 662 opiscopus
479 577 689 644 universalis:
713 576 1070 662 anhocapostolicum?
1093 575 1186 641 Nulli
1238 575 1358 640 multas
1386 596 1457 640 0000
1484 596 1564 641 oves
1593 574 1693 640 foris?
1729 573 1815 642 unde
1843 576 1994 661 colligere
2020 585 2208 660 promptum

219 665 285 729 iam
318 666 458 748 episcopi
492 664 570 731 oleri
606 671 640 729 et
670 663 774 746 plebis
807 663 972 747 suffragiis
1005 662 1185 747 cliguntur:
1238 669 1303 739 est,
1332 683 1398 726 non
1433 659 1572 725 diffundi
1606 660 1776 728 ecclesiam
1803 661 1980 736 visibilem,
2017 681 2210 746 quacunque

218 769 322 834 papae
342 749 445 832 ipsius
467 749 627 815 creatione
648 749 732 814 nihil
753 749 859 832 magis
880 749 1080 831 probrosum.
1113 747 1188 812 Iam
1239 746 1377 830 dispersi
1399 755 1475 812 0001
1497 745 1599 813 electi.
1642 747 1682 811 In
1704 747 1762 812 1110
1783 747 1871 812 enim
1900 747 2112 831 dissipatione
2140 769 2210 814 nou

219 834 337 920 quibus
357 836 540 921 insignibus
560 857 594 900 se
616 834 797 918 probabunt
818 855 932 899 eorum
961 855 1031 900 esse
1059 855 1188 900 succes·
1240 853 1331 898 secus
1357 842 1530 897 conservat
1556 832 1648 898 Deus
1673 854 1765 912 snos,
1795 843 1891 916 atque
1918 833 2039 899 Daniel
2066 833 2210 899 mirabili

219 942 323 1000 sores,
351 922 408 1004 qui
440 943 460 987 a
487 920 619 987 Christo
647 920 788 986 ordinati
815 928 895 985 sunt
921 918 963 984 01
985 917 1186 984 1000010011
1239 918 1410 1002 privilegio
1432 927 1581 984 servatus
1604 926 1662 996 est,
1683 941 1783 1002 quum
1811 941 1831 984 a
1860 928 1953 985 coetu
1978 918 2125 985 fidelium
2155 919 2211 985 ab·

219 1005 357 1073 Dicebat
378 1005 455 1071 olim
466 1005 689 1072 sacerdotibus
710 1006 850 1071 leviticis
860 1005 1027 1089 propheta,
1050 1026 1187 1089 quorum
1239 1012 1332 1069 esset.
1377 1004 1429 1068 De
1452 1003 1598 1069 doctrina
1626 1014 1659 1069 et
1682 1006 1893 1070 sacramentis
1921 1006 2075 1088 perfricta
2102 1006 2211 1071 fronte

218 1100 329 1156 tamen
351 1112 391 1155 ex
413 1092 476 1158 Dei
496 1092 569 1176 lege
588 1090 804 1158 haereditaria
821 1100 892 1156 erat
902 1091 1076 1157 successio:
1100 1089 1188 1172 Quia
1239 1109 1315 1153 eum
1350 1089 1481 1173 nugari,
1515 1090 1613 1173 paulo
1646 1099 1722 1156 aute
1749 1098 1917 1156 ostensum
1950 1105 2007 1157 est.
2051 1090 2210 1156 Monendi

219 1184 255 1242 10
277 1178 444 1242 0010011010
466 1177 624 1260 repulisti,
644 1183 717 1257 [pag.
741 1181 795 1256 81]
816 1176 972 1273 repellam
994 1185 1027 1241 et
1057 1197 1117 1241 00
1145 1185 1187 1255 10,
1238 1175 1365 1240 interea
1393 1186 1473 1240 sunt
1506 1176 1670 1259 principes
1698 1172 1907 1254 Germaniae,
1950 1177 2067 1260 quibus
2101 1176 2212 1248 000100

218 1285 261 1328 00
286 1261 462 1328 sacerdotio
494 1263 574 1327 mihi
604 1263 751 1347 fungaris
778 1261 898 1337 (00000
920 1268 956 1340 4,
986 1265 1030 1344 6).
1075 1199 1187 1342 Quum
1238 1260 1383 1326 obhuere
1405 1260 1517 1339 voluit,
1540 1284 1582 1326 00
1604 1274 1672 1327 tam
1695 1266 1768 1341 [pag.
1793 1268 1846 1342 90]
1869 1271 2022 1345 proterve
2043 1284 2079 1328 se
2100 1262 2211 1328 deludi

219 1368 296 1432 ergo
319 1348 453 1414 docendi
475 1371 555 1414 onus
578 1350 753 1416 abiecerint
775 1348 878 1431 spurii
898 1348 953 1413 isti
965 1347 1187 1432 apostolorum
1238 1346 1358 1412 sinant.
1409 1347 1484 1411 Non
1516 1356 1622 1429 potest
1653 1370 1707 1412 eos
1733 1347 1888 1413 damnare
1915 1348 1969 1432 qui
2006 1349 2046 1413 ab
2073 1348 2211 1413 eruditis

218 1432 376 1499 haeredes
398 1443 431 1498 et
453 1436 652 1518 supposititii
674 1443 796 1519 partus,
820 1433 896 1517 quid
925 1434 1043 1498 attinet
1073 1454 1186 1497 eorum
1238 1431 1394 1496 admoniti
1431 1432 1591 1514 quaedam
1625 1434 1821 1499 correctione
1851 1433 2000 1519 indigere
2031 1435 2067 1498 iu
2102 1434 2212 1516 aliqua

219 1519 403 1584 foeditatem
426 1519 562 1585 honesto
584 1520 678 1585 titulo
700 1519 831 1586 fucare?
875 1519 928 1584 Ex
951 1542 1013 1603 quo
1036 1540 1054 1583 e
1076 1519 1185 1603 Baby·
1238 1518 1391 1583 ecclesiae
1414 1528 1514 1599 parte,
1543 1531 1720 1600 praecunte
1743 1539 1873 1584 summa
1899 1522 2091 1598 autoritate,
2120 1542 2210 1586 acce-

218 1604 292 1669 lone
311 1626 462 1671 reversus
484 1606 590 1670 fuerat
611 1606 758 1689 populns,
771 1627 872 1688 quum
884 1626 979 1670 suam
991 1604 1185 1689 dignitatem
1238 1602 1335 1667 dente
1357 1603 1525 1668 communi
1545 1604 1634 1668 illius
1646 1605 1979 1682 ecelesiaeconsensu,
1991 1605 2024 1671 10
2043 1604 2210 1671 doctrinae

218 1691 380 1756 instarent
406 1692 525 1773 posteri
555 1695 680 1770 Aaron,
710 1691 795 1774 apud
824 1691 963 1756 alterum
992 1690 1185 1774 prophetam
1237 1709 1356 1773 genere
1384 1688 1492 1771 aliqua
1518 1701 1746 1774 repurgarunt,
1774 1700 1808 1755 et
1835 1691 2056 1757 caeremonias
2085 1692 2209 1775 aliquot

219 1775 380 1840 refellitur
402 1797 512 1842 eorum
534 1778 702 1842 iactantia:
737 1776 936 1860 (1011001010
965 1785 998 1840 01
1028 1775 1185 1853 abolitum
1237 1776 1335 1838 etiam
1359 1774 1551 1840 vetustiores
1573 1776 1765 1842 auferendas
1787 1785 1916 1861 putant:
1940 1776 2034 1841 modo
2056 1776 2090 1841 id
2109 1798 2208 1860 quam

216 1860 257 1927 ab
278 1862 356 1944 ipsis
385 1863 484 1927 fuisse
511 1862 623 1929 foedus
649 1862 751 1940 Levi,
779 1864 928 1945 quoniam
951 1862 1105 1946 populum
1128 1862 1184 1927 ab·
1237 1860 1375 1924 minimo
1397 1860 1548 1926 scandalo
1571 1870 1603 1927 et
1624 1863 1869 1945 perturbatione
1897 1864 1963 1928 101
2008 1861 2045 1928 Si
2073 1872 2208 1947 rogetur

217 1945 377 2011 duxerant
398 1948 510 2032 alege
532 1948 624 2022 (Mal.
650 1953 678 2024 2,
703 1950 747 2031 8).
792 1952 900 2031 Atque
929 1948 1008 2012 haec
1037 1969 1099 2012 non
1129 1968 1185 2012 ve·
1236 1967 1395 2028 quosnam
1418 1945 1596 2031 intelligat:
1620 1948 1777 2030 optimum
1788 1949 1976 2030 principem,
1988 1949 2081 2014 cuius
2094 1970 2207 2031 sump-

95 2056 97 2061 ’
216 2033 295 2097 teris
334 2039 462 2097 tantum
502 2032 687 2112 sacerdotii,
720 2033 778 2100 sed
810 2033 961 2099 hodierni
993 2054 1117 2116 quoque
1149 2033 1185 2096 in
1236 2032 1324 2097 tibus
1356 2043 1485 2115 praeter
1519 2033 1674 2098 meritum
1701 2033 1816 2111 alitur,
1850 2035 1994 2116 primum
2022 2042 2148 2099 0101001
2173 2035 2207 2099 10

216 2117 351 2183 00010010
378 2119 545 2202 regiminis
573 2121 688 2203 regula
716 2119 873 2197 traditur,
902 2127 939 2183 ut
965 2118 1051 2184 10110
1079 2139 1185 2184 sacer-
1236 2117 1357 2182 ordine.
1403 2116 1470 2182 Sed
1501 2139 1541 2183 an
1570 2118 1626 2182 ille
1653 2140 1755 2202 quum
1790 2141 1867 2184 suae
1894 2118 2025 2185 ditionis
2054 2119 2206 2186 ccclesias

216 2202 300 2268 dotis
322 2204 506 2269 custodiant
529 2209 603 2284 [000.
623 2210 677 2285 88]
700 2205 879 2285 0010011001,
902 2215 936 2270 01
953 2204 1059 2289 legem
1076 2204 1184 2287 requi·
1236 2204 1433 2269 constituere
1456 2203 1569 2281 101101,
1593 2201 1762 2269 0000111001
1776 2226 1871 2270 00001
1891 2204 2061 2288 suspendit
2082 2226 2103 2269 a
2121 2227 2207 2272 ecm-

215 2298 292 2353 rant
313 2311 354 2353 ex
376 2312 431 2354 ore
451 2291 535 2354 eius:
559 2291 635 2372 quia
654 2290 790 2375 angelus
818 2288 953 2355 Domini
981 2290 1182 2380 exercituum
1235 2289 1794 2370 010011011000001100110[00091]
1813 2290 1995 2356 consensu?
2017 2293 2072 2355 An
2089 2302 2206 2356 nutum

216 2382 266 2440 est
289 2374 377 2456 (ibid.
407 2398 446 2457 v„
466 2378 508 2456 7).
552 2376 763 2458 Respondeat
793 2377 912 2441 iterum
946 2376 1038 2441 00110
1070 2397 1184 2441 000001
1235 2374 1396 2456 pontificis
1418 2374 1642 2458 exspectavit?
1671 2375 1725 2440 Ad
1749 2377 1827 2441 haee
1849 2397 1947 2460 quam
1967 2376 2117 2459 improba
2134 2398 2205 2442 ver·

216 2468 333 2536 noster,
356 2459 509 2543 quoniam
531 2461 779 2527 iurisconsultus
801 2471 861 2539 est,
885 2483 947 2544 quo
967 2462 1038 2526 iure
1056 2481 1184 2526 succes·
1236 2459 1329 2539 00110,
1351 2459 1428 2524 1001
1451 2480 1505 2526 000
1526 2482 1593 2525 000
1616 2460 1775 2526 damnans
1796 2463 1852 2545 qui
1882 2462 2062 2527 doctrinam
2093 2484 2204 2547 repur-

216 2546 334 2611 sor.sit
360 2544 445 2610 10110
474 2547 543 2611 0100
571 2567 666 2629 00001
691 2547 915 2630 iugulaverit?
959 2547 1061 2629 Atqui
1086 2546 1184 2630 longe
1235 2553 1364 2628 garunt,
1388 2546 1442 2609 011
1465 2545 1505 2610 01
1528 2547 1749 2612 00010010οἰ00
1772 2555 1978 2625 ventumst,
2002 2568 2058 2612 eos
2077 2557 2205 2613 tantum

216 2629 355 2695 deterior
386 2639 436 2697 001
468 2652 581 2696 001010
613 2632 771 2712 conditio,
802 2633 858 2716 qui
887 2639 925 2697 ut
955 2632 1092 2715 imperio
1124 2653 1183 2697 suo
1236 2630 1353 2695 tolerat
1374 2632 1430 2714 qui
1459 2630 1652 2697 auferendas
1679 2631 1817 2715 putant?
1860 2633 1958 2699 Unde
1984 2656 2000 2699 0
2042 2633 2149 2712 uitur,
2177 2633 2204 2697 01

215 2716 383 2782 ecclesiam
405 2717 610 2794 subiicerent,
632 2740 698 2782 non
708 2718 857 2783 homines
867 2718 963 2783 modo
980 2718 1183 2802 iugularunt,
1236 2716 1309 2799 quis
1336 2736 1469 2780 manum
1496 2717 1674 2798 admoveat,
1702 2720 1896 2784 temeritatis
1919 2726 1952 2783 01
1980 2740 2014 2784 se
2038 2720 2126 2785 itiosi
2153 2738 2204 2785 co-

215 2800 272 2867 sed
294 2799 469 2867 crudeliter
491 2801 703 2885 perdiderunt
713 2803 851 2870 miseras
863 2804 999 2882 animas,
1018 2804 1184 2869 exstinxe-
1236 2810 1335 2867 natus
1357 2822 1451 2866 reum
1473 2803 1553 2867 1011.

215 2893 294 2951 1001
314 2894 465 2953 aeternae
475 2888 589 2954 salutis
601 2888 790 2968 doctrinam,
802 2888 974 2955 Christum
985 2910 1051 2953 non
1062 2889 1184 2972 absque
1322 2886 1415 2968 Quae
1449 2896 1631 2973 sequuntur
1656 2910 1721 2953 non
1756 2890 1861 2974 magis
1894 2889 2072 2955 cohaerent
2109 2910 2205 2973 quam

215 2992 345 3038 summa
365 2974 561 3039 contumelia
583 2976 872 3059 transfiguramnt,
901 2983 935 3040 et
956 2976 1103 3057 improba
1124 2974 1184 3039 fal·
1236 2974 1325 3057 aegri
1347 2973 1483 3051 somnia‚
1506 2973 1559 3040 vel
1577 2973 1761 3058 phrenetici
1788 2973 1913 3041 deliria.
1958 2976 2033 3040 Non
2064 2997 2204 3059 possum,

216 3059 312 3123 nitate
333 3066 528 3141 rapuerunt,
558 3060 610 3126 vel
637 3061 736 3126 furati
763 3069 841 3126 0001
869 3061 1010 3126 alienum
1040 3059 1183 3124 titulum.
1235 3059 1350 3142 inquit,
1379 3058 1553 3124 aChristo
1576 3069 1609 3125 01
1630 3060 1766 3126 ecclesia
1783 3082 1935 3143 separare
1956 3062 2057 3144 quiin
2071 3061 2204 3128 110000-

215 3141 312 3225 Quod
339 3143 368 3209 si
394 3144 512 3209 horum
546 3167 672 3229 quoque
701 3145 791 3211 nulla
818 3148 876 3212 fiat
902 3146 1040 3223 mentio,
1068 3145 1185 3211 saltem
1237 3144 1324 3210 tibus
1344 3145 1391 3209 ita
1419 3155 1610 3225 versantur,
1645 3151 1684 3211 ut
1713 3146 1795 3211 nihil
1822 3146 1912 3212 aliud
1946 3167 2043 3230 quam
2083 3146 2206 3213 Christi

216 3233 290 3310 [pag.
309 3233 363 3309 87]
395 3239 560 3295 ostentent
591 3233 742 3298 umbram
774 3232 916 3315 aliquam
949 3230 1184 3309 similitudinis,
1236 3229 1372 3314 gloriam
1396 3237 1565 3313 00001001,
1577 3238 1707 3315 1010000
1721 3233 1831 3297 animo
1844 3231 1885 3297 01
1897 3232 2051 3298 ecelesiae
2065 3237 2140 3312 [pag.
2154 3236 2205 3312 00]

215 3313 303 3380 0010
336 3315 494 3381 coniiocrc
526 3315 623 3383 liceat
649 3318 737 3400 ipsos
771 3318 930 3402 originem
958 3318 998 3383 ab
1032 3316 1207 3400 apostolis,
1235 3337 1349 3400 pacem
1372 3324 1406 3381 et
1425 3317 1586 3387 unitatem
1607 3317 1813 3396 incumbant,
1841 3327 1874 3382 et
1901 3339 1975 3384 cum
1999 3318 2125 3401 reliquo
2155 3340 2206 3384 ee·

216 3399 342 3465 ducere.
387 3399 453 3467 sed
476 3401 710 3486 Heliogabalus
732 3403 914 3486 reperietur
933 3402 1073 3469 Camillo
1095 3403 1184 3468 simi-
1236 3400 1352 3467 0100100
1374 3422 1517 3485 corpore,
1540 3403 1638 3468 etiam
1667 3404 1695 3468 si
1720 3402 1860 3486 quadam
1889 3404 2079 3487 opinionum
2101 3412 2136 3469 et
2164 3403 2206 3469 ri·

214 3483 287 3563 lior,
311 3507 408 3569 quam
431 3487 493 3569 ipsi
516 3488 678 3570 apostolis.
718 3488 818 3571 Apud
839 3489 990 3571 antiquos
1001 3488 1184 3571 scriptores,
1236 3494 1332 3552 tuum
1364 3488 1522 3553 1101101010
1555 3487 1759 3571 1100100001,
1793 3489 1939 3556 caritatis
1973 3490 2107 3556 vinculo
2141 3492 2246 3556 0101-β

215 3593 315 3655 quum
337 3573 446 3655 aliqua
467 3570 714 3639 0111001000101
740 3574 931 3658 episcopalis
959 3574 1076 3651 forma,
1104 3573 1185 3638 obii·
1236 3572 1387 3656 colligati.
1432 3573 1557 3656 Nempe
1581 3573 1641 3639 sibi
1664 3575 1753 3639 visus
1783 3583 1834 3640 est
1856 3574 2096 3660 Heidelbergae
2127 3598 2205 3642 esse

215 3657 309 3734 01101,
322 3658 434 3737 101001,
455 3658 536 3723 haec
550 3660 708 3725 successio
729 3658 903 3727 haereticis
915 3659 972 3743 qui
988 3658 1185 3725 novumsibi
1238 3656 1329 3739 Quos
1351 3658 1439 3723 euim
1467 3658 1548 3724 alios
1575 3667 1687 3726 coetus
1714 3658 1863 3745 designat
1912 3661 2083 3727 nonomine
2110 3661 2222 3727 Hos?

216 3742 427 3842 evangelium
448 3744 657 3810 fabricabant.
702 3743 770 3812 Sed
797 3745 915 3811 frontis
942 3752 1020 3810 sunt
1046 3745 1184 3810 nimium
1236 3743 1363 3808 Verum
1385 3745 1413 3808 si
1433 3744 1665 3810 existimationi
1687 3766 1766 3810 snae
1793 3683 1961 3811 0011001010
1990 3746 2111 3825 voluit,
2142 3768 2220 3813 non

215 3828 396 3910 perfrictae,
418 3828 474 3912 qui
494 3831 634 3913 purioris
645 3829 776 3923 ,saeculi
797 3831 938 3914 elogium
960 3829 1002 3895 ad
1018 3851 1132 3913 porcos
1152 3838 1186 3895 01
1237 3827 1393 3895 debuerat
1420 3831 1516 3895 tertio
1548 3852 1582 3896 00
1611 3829 1783 3896 Genavam
1814 3833 1979 3910 conferre,
2010 3841 2049 3897 ut
2074 3831 2226 3899 Caluini

218 3932 316 3978 00000
348 3914 491 3997 aliasque
522 3915 667 3999 impuras
695 3915 815 3982 bestias
847 3916 991 3983 trahunt.
1046 3915 1185 3980 10101110
1236 3935 1272 3980 00
1293 3914 1398 3980 filium
1420 3922 1454 3981 et
1475 3916 1669 4000 discipulum
1691 3918 1906 3999 profiteretur.
1950 3918 1998 3984 Ut
2019 3918 2083 3985 hoc
2112 3919 2216 3985 omit-

218 3996 303 4081 quod
330 4020 388 4080 per
415 4001 659 4085 incogitantiam
690 4002 836 4085 elapsum
864 4012 913 4068 001
944 4003 1088 4080 0000011,
1118 4023 1184 4066 000
1235 4009 1312 4081 1001,
1335 4010 1559 4068 0010001010
1581 4002 1678 4068 anxie
1695 4012 1828 4069 excusat
1845 4005 1899 4087 qui
1921 4004 2086 4088 privatam
2107 4006 2210 4070 vitam

217 4104 350 4166 prorsus
371 4085 521 4168 repudio:
545 4088 727 4153 Romanam
739 4089 906 4155 eeclesiam
917 4088 1100 4154 membrum
1112 4108 1183 4152 esse
1235 4095 1339 4171 agunt
1353 4087 1388 4151 in
1406 4086 1527 4153 ditione
1541 4087 1759 4154 Illustriseimi
1769 4088 1946 4172 Principis:
1966 4109 2008 4154 ex
2026 4111 2091 4173 quo
2109 4091 2207 4157 Prin·

216 4168 401 4247 catholicae,
422 4175 495 4249 [pag.
513 4177 566 4251 88]
589 4172 685 4239 modo
708 4173 876 4247 ecclesiam
898 4174 1039 4257 aliquam
1056 4173 1184 4238 Romae
1235 4193 1310 4255 ceps
1333 4174 1411 4255 ipse,
1431 4173 1486 4257 qui
1504 4173 1612 4256 palam
1636 4172 1772 4240 descivit
1794 4195 1813 4238 a
1835 4184 1965 4257 papatu,
1989 4184 2023 4240 et
2047 4176 2132 4242 alios
2148 4197 2202 4261 pro

215 4263 421 4333 monstraret,
444 4277 502 4322 neo
524 4278 633 4325 secum
654 4267 816 4343 pugnaret
835 4261 905 4342 ipse
931 4259 1010 4325 adeo
1033 4260 1182 4342 turpiter,
1234 4258 1381 4343 legitima
1391 4266 1550 4342 potestate
1561 4258 1637 4324 iude
1655 4265 1726 4338 [pag.
1740 4265 1794 4341 88]
1804 4260 2201 4338 10110111010100011000
2309 4335 2310 4347 1

215 4340 407 4407 catholicam
428 4343 595 4407 ecclesiam
614 4354 729 4428 postea
748 4346 901 4423 vocando,
925 4345 977 4410 cni
1000 4365 1088 4411 nunc
1110 4354 1183 4409 100-
1233 4352 1404 4427 exemptus
1414 4344 1484 4410 est?
1507 4343 1574 4410 Sed
1586 4343 1699 4410 eadem
1713 4366 1789 4411 mox
1799 4345 1909 4411 fidelia
1919 4347 2093 4431 nigredine
2105 4347 2202 4413 obdu·

216 4434 288 4493 tum
310 4426 466 4492 adscribit
487 4429 624 4495 membri
644 4451 772 4496 nomen.
1233 4432 1278 4495 cit
1296 4451 1375 4513 quos
1393 4429 1698 4496 antedealbaverat.
1732 4429 1877 4496 Probare
1887 4452 1942 4497 eos
1953 4453 2022 4496 000
2033 4445 2144 4516 potest
2153 4435 2201 4517 qui

279 4512 446 4596 Superiori
459 4512 625 4581 doctrinae
637 4518 765 4581 attexit:
785 4516 947 4598 Quamvis
958 4514 1056 4580 alieni
1067 4523 1182 4600 tyran-
1233 4516 1280 4580 ita
1297 4536 1477 4580 aromanae
1488 4515 1641 4582 ecelesiae
1652 4516 1845 4599 corruptelis
1857 4515 2008 4584 recedere
2021 4518 2202 4600 voluerunt,
2308 4588 2309 4595 ,

214 4598 325 4665 uidem
347 4607 520 4664 exerceant
538 4600 1182 4686 10100000000100100001001001101000
1232 4599 1332 4666 0101
1359 4621 1398 4666 ea
1424 4600 1616 4677 defecerint,
1646 4623 1744 4684 seque
1772 4603 1812 4669 ab
1840 4605 1929 4668 omni
1957 4603 2029 4669 eius
2059 4625 2203 4671 commu·

215 4705 300 4751 csse:
322 4686 398 4768 0010
421 4685 541 4750 multos
563 4685 680 4752 electos
701 4689 736 4753 in
759 4711 793 4755 00
822 4688 997 4764 contineat,
1026 4697 1059 4751 et
1081 4687 1114 4751 in
1143 4708 1182 4752 ea
1233 4686 1331 4750 nione
1364 4708 1531 4769 separasse
1560 4688 1743 4753 rideantur.
1788 4688 1863 4753 Non
1893 4709 2013 4772 quaero
2045 4712 2206 4773 quosnam

214 4781 389 4836 serventur
414 4771 478 4835 Dei
505 4770 641 4836 verbum
670 4781 703 4838 et
724 4783 936 4839 sacramenta.
979 4774 1032 4838 De
1058 4772 1181 4850 electis,
1232 4772 1408 4857 intelligat:
1443 4773 1519 4856 qnia
1545 4775 1624 4837 satis
1646 4782 1782 4856 apparet
1810 4796 1869 4840 000
1901 4796 1960 4858 010
1989 4775 2206 4844 schismaticis

213 4855 353 4922 concedo
375 4856 495 4939 ubique
517 4878 588 4922 0000
610 4858 781 4941 dispersos.
824 4859 939 4942 Neque
965 4879 1084 4924 verum
1111 4854 1181 4923 0000
1233 4856 1361 4936 haberi,
1395 4879 1579 4942 quanquam
1608 4858 1720 4942 inique
1752 4859 1845 4924 nobis
1867 4862 2059 4944 exprobrat,
2097 4861 2208 4930 studia

213 4942 336 5007 infitior
358 4940 443 5024 quod
464 4964 506 5007 cx
527 4944 712 5026 Augustino
724 4946 810 5020 citat,
824 4945 944 5012 multos
955 4966 1026 5010 esse
1037 4945 1073 5008 iu
1085 4943 1180 5009 domo
1232 4964 1292 5009 nos
1315 4945 1425 5009 omnia
1446 4966 1512 5010 non
1533 4944 1575 5010 ad
1596 4943 1835 5018 medicandum.
1858 4945 1915 5011 sed
1936 4946 1979 5012 01
1994 4947 2208 5030 ,perdendum

213 5025 287 5101 Dei,
310 5029 366 5111 qui
388 5049 453 5092 non
475 5029 641 5111 pertinent
653 5029 695 5095 01
705 5029 902 5095 aedificium:
925 5032 1017 5096 intus
1038 5035 1112 5109 [pag.
1126 5033 1181 5108 88]
1232 5030 1386 5096 conferre.
1420 5028 1532 5110 Quum
1543 5034 1718 5095 innumera
1734 5030 1904 5096 hominum
1915 5032 2020 5098 millia
2030 5041 2206 5116 testentur,

215 5131 340 5194 quoque
361 5112 428 5180 illio
451 5114 570 5180 habere
593 5115 710 5181 hostes.
747 5115 816 5182 Nec
837 5138 914 5181 vero
936 5136 1017 5202 opus
1039 5116 1180 5181 fuittam
1232 5136 1330 5198 quam
1362 5115 1526 5182 salubrem
1562 5114 1755 5182 medicinam
1794 5119 1960 5201 reperiant
1997 5119 2032 5182 in
2073 5120 2209 5203 scriptis
