4748 5798
86 141 149 203 303
842 126 1106 196 RESPONSIO
1128 128 1317 194 ALTERA

85 323 203 411 agendi
226 322 352 387 ratione
374 320 507 385 minime
537 319 636 385 tuisse
660 317 795 384 varium.
845 318 918 383 Hoc
940 317 1055 401 posito,
1108 317 1241 383 simulat
1268 318 1359 385 Deus
1388 316 1529 384 iubendo
1561 326 1618 384 aut
1652 320 1807 386 vetando:
1840 319 1899 387 sed
1927 328 2081 391 naturam

85 420 194 478 tecurn
216 429 304 474 nunc
326 405 505 490 digladiare
523 418 560 470 ut
580 405 674 470 libet:
695 403 734 469 Si
756 404 977 482 nauseare
998 425 1056 468 ve·
1108 425 1201 477 suam
1224 404 1349 469 sincere
1370 405 1533 487 patefacit
1566 405 1609 470 In
1632 405 1758 471 occulta
1779 415 1888 472 autem
1901 407 2080 485 voluntate,

84 503 133 561 tat
154 493 239 578 quod
263 493 342 570 vult,
365 503 422 557 aut
441 491 531 557 iubet
552 489 637 574 quod
660 511 726 554 non
748 488 835 566 vult,
865 510 940 554 eum
962 511 1056 571 prae-
1108 511 1172 572 qua
1199 487 1312 573 dirigit
1338 502 1471 556 cunctas
1496 489 1667 556 hominum
1696 491 1854 569 actiones,
1884 491 1968 558 nihil
2003 493 2082 560 hnio

84 582 193 665 cipere
216 591 253 645 ut
275 579 344 644 eins
366 576 527 642 voluntati
555 576 733 641 resistatur.
784 574 877 641 Nihil
905 575 992 639 enim
1021 575 1056 639 in
1108 576 1252 640 iustitiae
1271 575 1472 642 contrarium
1493 577 1645 660 reperies.
1677 575 1840 643 Scortatio
1861 579 1933 644 Deo
1955 577 2082 662 pudici-

84 667 157 733 istis
175 665 324 732 sordibus
342 681 533 728 meumcsse
553 681 702 746 agnosco.
737 660 827 743 Quin
850 661 957 743 potius
976 660 1057 726 haec
1109 661 1174 727 tiae
1202 660 1308 726 autori
1336 661 1500 747 displicet:
1534 661 1622 727 idem
1649 669 1760 728 tamen
1793 664 1979 731 incestuosa
2007 663 2081 731 libi·

85 752 251 820 doctrinae
274 772 366 815 meae
387 769 516 816 summa
537 756 600 827 est,
629 768 711 836 qnae
738 748 773 812 in
801 746 873 830 lege
901 767 1057 828 expressa
1109 745 1185 811 dine
1206 746 1364 812 Absalom
1387 747 1550 814 Davidem
1577 748 1689 816 ulcisci
1718 748 1828 815 voluit
1873 747 2081 834 Sanguinem

85 848 136 907 est
158 839 221 903 Dei
251 836 418 912 voluntas,
446 833 533 900 clare
561 840 746 899 monstrare
773 831 1003 898 rectitudinem
1026 833 1056 897 ei
1108 833 1289 897 humanum
1318 829 1442 898 effundi
1471 842 1577 914 vetat,
1611 834 1688 917 quia
1715 835 1894 919 imaginem
1922 856 2016 902 suam
2044 847 2082 902 ut

85 925 225 1010 probari,
248 923 453 1005 iniquitatem
482 921 511 984 ei
534 919 608 984 odio
630 940 709 984 esse.
754 918 800 982 Et
821 926 909 999 certe
930 917 1056 982 malefi·
1108 937 1218 983 amore
1240 919 1462 1002 prosequitur,
1490 923 1565 998 [pag.
1587 923 1642 999 80]
1665 920 1713 985 ita
1738 928 1850 986 tuetur
1871 941 1933 987 sua
1955 932 2081 1005 protec-

84 1013 144 1078 ciis
165 1032 231 1076 uon
252 1008 463 1074 denuntiaret
482 1026 629 1088 poenum,
652 1005 680 1070 si
691 1003 873 1087 placerent:
895 1002 953 1069 sed
972 1002 1055 1067 nihil
1109 1003 1215 1069 bone:
1239 1015 1272 1068 et
1293 1013 1405 1069 tamen
1427 1025 1470 1070 ex
1490 1005 1601 1088 impiis
1664 1006 1775 1072 ntibus
1796 1027 2004 1090 percussores
2022 1031 2081 1073 ex·

85 1097 194 1164 obstat
215 1096 390 1179 quominus
409 1088 621 1158 inenarrabili
643 1111 702 1156 sno
724 1089 860 1156 consilio
883 1109 966 1173 quae
983 1089 1056 1153 fiori
1108 1089 1224 1169 citavit
1249 1089 1326 1154 filiis
1357 1089 1451 1168 Heli,
1488 1092 1565 1174 quia
1590 1112 1634 1155 vo
1648 1092 1698 1156 uit
1724 1113 1792 1177 eos,
1812 1091 1967 1160 occidere.
2022 1091 2079 1160 Sic

85 1206 152 1250 non
179 1183 251 1248 vult
279 1191 311 1246 et
339 1181 445 1246 facere
473 1186 584 1255 vetat,
612 1177 684 1242 fieri
718 1175 797 1241 velit
824 1177 865 1240 in
887 1175 1054 1247 diversum
1107 1175 1197 1241 enim
1219 1173 1419 1241 adverbum
1442 1175 1646 1243 docctsacra
1667 1177 1813 1244 historia.
1859 1177 1897 1245 si
1919 1187 1953 1243 te
1974 1179 2079 1264 impe-

85 1272 195 1336 tlnem.
241 1266 306 1333 Hic
329 1267 356 1332 si
379 1263 463 1330 mihi
484 1263 616 1329 obiicias
639 1267 712 1341 [pag.
738 1264 792 1340 77]
813 1281 923 1327 secum
945 1262 1054 1326 Deum
1108 1260 1156 1325 dit
1178 1267 1235 1327 tua
1256 1261 1403 1341 caecitas,
1424 1257 1541 1327 vident
1561 1283 1675 1330 omnes
1688 1264 1807 1333 oculati
1823 1274 2080 1331 consentaneum

85 1376 246 1440 pugnare:
277 1372 431 1436 quaeram
462 1349 605 1416 vicissim
632 1371 675 1414 an
704 1358 798 1412 tuum
823 1347 867 1410 sit
896 1347 1001 1433 legem
1025 1346 1054 1410 oi
1108 1366 1179 1412 esse
1200 1356 1239 1411 ut
1260 1347 1360 1425 Deus,
1384 1348 1441 1430 qui
1459 1349 1691 1416 scortationem
1714 1360 1747 1415 et
1768 1348 1891 1428 caedes,
1904 1358 2077 1434 ¹quatenus

85 1440 322 1526 praescribere,
354 1458 396 1504 ne
423 1435 533 1501 iudicii
564 1436 612 1498 tni
635 1443 764 1518 captum
788 1433 933 1498 excedat.
979 1432 1055 1496 Ola-
1108 1440 1240 1515 peccata
1263 1441 1352 1511 sunt,
1375 1433 1427 1498 vel
1449 1432 1551 1516 (quod
1573 1434 1685 1501 eodem
1708 1431 1806 1514 redit)
1830 1445 2010 1518 peccatum,
2032 1437 2079 1501 le-

84 1540 156 1593 mat
175 1526 284 1593 Moses
302 1547 361 1589 stra
379 1524 450 1588 Deo
472 1540 590 1587 arcana
610 1540 695 1586 esse:
717 1520 753 1584 in
775 1518 847 1602 lege
867 1540 946 1583 vero
957 1526 1055 1667 Ipater
1107 1519 1159 1602 gis
1181 1539 1261 1583 suae
1289 1520 1598 1602 transgressionem,
1625 1521 1661 1585 in
1688 1522 1884 1587 scortatione
1910 1519 2079 1592 caedibus·

85 1614 206 1679 iactum
227 1633 298 1678 esse
320 1608 508 1675 hominibus
526 1606 610 1690 quod
623 1605 703 1670 utile
720 1604 852 1687 cognitu
873 1605 952 1683 est(
990 1613 1055 1668 eut.
1108 1625 1170 1686 que
1192 1602 1275 1681 odit,
1305 1603 1392 1685 idem
1420 1614 1454 1670 et
1475 1626 1534 1689 per
1555 1605 1686 1682 caedes,
1714 1615 1749 1672 et
1776 1628 1834 1690 per
1861 1607 1924 1671 alia
1944 1605 2079 1691 quaevis

85 1703 222 1778 29,·29).
273 1698 324 1762 ru
349 1694 434 1761 nihil
468 1695 532 1757 uisi
586 1691 649 1757 uod
680 1692 739 1756 tibi
771 1689 923 1773 explicite
956 1697 1055 1771 patet,
1108 1689 1283 1767 maleficia,
1312 1691 1413 1756 iustas
1441 1689 1481 1755 de
1503 1690 1673 1757 hominum
1703 1693 1843 1775 peccatis
1865 1714 1989 1775 poenas
2010 1694 2078 1759 exi·

85 1785 157 1850 Deo
179 1804 246 1849 non
267 1783 365 1851 licere
387 1778 537 1864 putabis?
565 1715 601 1844 ‘l’

87 1870 213 1936 lebrata
243 1878 293 1934 est
319 1866 446 1934 consilii
476 1863 613 1929 altitudo
646 1883 728 1944 quae
761 1860 911 1927 absorbet
941 1881 1056 1931 omnes
1109 1882 1274 1944 quaerero,
1297 1862 1325 1926 si
1337 1883 1401 1944 qua
1422 1870 1472 1927 est
1484 1861 1611 1928 occulta
1621 1861 1686 1931 Dei
1697 1863 1862 1942 voluntas,
1886 1863 1975 1930 unde
1997 1864 2079 1929 mihi

66 1955 249 2022 'humanos
271 1974 397 2029 sensus,
419 1951 552 2016 tandem
576 1948 705 2014 additur
722 1947 880 2014 clausula:
903 1947 956 2011 En
974 1947 1056 2011 ittae
1108 1948 1206 2010 fuerit
1234 1948 1417 2030 patefacta:
1451 1968 1519 2012 non
1547 1947 1688 2014 difficilis
1715 1951 1882 2033 responsio
1911 1950 1992 2028 erit,
2021 1949 2079 2015 ubi

85 2050 164 2110 sunt
185 2041 411 2107 extremitates
433 2036 562 2100 viarum
585 2034 670 2110 eius,
700 2043 733 2098 et
754 2032 948 2114 quantulum
970 2031 1055 2114 quod
1095 2031 1190 2096 'mihi
1213 2033 1409 2112 concesseris
1430 2034 1581 2115 spiritum
1592 2043 1743 2100 sanctum
1761 2037 1854 2120 sequi
1873 2037 2082 2121 magistrum.

85 2127 218 2193 auditur
241 2127 276 2192 in
298 2145 336 2191 eo
371 2123 443 2206 (Iob
462 2125 512 2200 26,
536 2119 608 2195 14)‘l
659 2120 710 2184 Tu
737 2118 828 2184 aliud
849 2117 921 2184 Deo
951 2117 1056 2183 consi·
1107 2117 1192 2182 Nam
1217 2119 1245 2183 si
1258 2119 1358 2196 Deus,
1382 2128 1464 2184 toste
1486 2119 1602 2195 Paulo,
1623 2119 1730 2188 lucem
1750 2120 1913 2192 inhabitat
1934 2123 2083 2188 inacces-

85 2213 166 2279 lium
187 2233 254 2278 non
275 2208 447 2294 permittis,
476 2207 540 2271 uisi
562 2205 647 2289 quod
667 2205 769 2271 oculis
790 2207 854 2270 tuis
876 2190 1054 2268 subiicitur.
1109 2224 1179 2268 sam
1200 2203 1231 2287 (i
1254 2205 1336 2269 Tim.
1357 2208 1386 2284 6,
1414 2204 1481 2287 16);
1511 2206 1539 2270 si
1567 2204 1655 2272 idem
1683 2206 1849 2291 apostolus
1876 2208 1994 2273 merito
2022 2229 2088 2273 ex-

85 2298 159 2364 Iam¹
181 2307 240 2362 aut
261 2296 336 2379 plus
358 2315 457 2378 quam
473 2314 594 2377 ,caecus
616 2314 667 2371 es,
698 2299 756 2356 aut
773 2289 876 2366 vides,
899 2310 1000 2372 quum
1023 2298 1058 2353 te
1108 2288 1235 2372 clamat·
1249 2290 1593 2372 incomprehensibiles
1615 2313 1685 2357 esse
1706 2293 1780 2358 vias
1802 2293 1872 2358 eius
1895 2293 2008 2372 (Rom.
2031 2299 2080 2370 ll,

84 2384 127 2450 ab
149 2382 308 2448 adulterio
331 2379 482 2464 prohibet
509 2400 586 2444 voce
606 2399 666 2443 sua
689 2377 794 2454 Deus,
819 2375 909 2450 nolle
932 2385 964 2440 te
985 2395 1056 2441 esse
1109 2373 1179 2460 33),
1210 2397 1267 2440 cur
1289 2396 1355 2441 non
1378 2374 1459 2440 mihi
1487 2376 1581 2442 liceat
1595 2397 1754 2444 arcanam
1776 2379 1845 2444 eius
1865 2378 2080 2457 voluntatem,

87 2469 289 2536 adulterum:
326 2475 360 2532 et
387 2473 498 2531 tamen
524 2464 558 2528 in
593 2461 761 2528 adulteriis
793 2481 877 2544 quae
896 2461 1054 2542 damnat,
1107 2482 1190 2543 quae
1210 2461 1303 2527 nobis
1325 2460 1515 2529 abscondita
1537 2467 1611 2542 [pag.
1635 2471 1688 2542 81]
1709 2475 1768 2541 est,
1791 2464 1925 2529 mirari?
1962 2464 2079 2531 Multis

85 2553 478 2621 iustaiudiciaexeroere:
501 2549 684 2632 quodcerte
696 2548 759 2612 nisi
776 2548 926 2612 scienset
943 2545 1055 2628 volens
1108 2555 1142 2611 et
1162 2546 1351 2630 splendidis.
1364 2546 1477 2631 elogiis
1499 2548 1535 2613 in
1553 2546 1717 2615 libro.Iob
1739 2550 1921 2616 celebratur
1939 2551 2005 2616 Dei
2028 2571 2077 2616 sa·

85 2661 152 2706 non
174 2641 302 2707 faceret
336 2637 374 2703 Si
385 2636 518 2703 brevius
539 2634 716 2718 perstringi
733 2634 834 2724 cupis,
858 2632 1055 2697 adulterium
1076 2677 1077 2681 =
1106 2632 1238 2714 pientia,
1261 2642 1298 2697 ut
1319 2633 1447 2698 discant
1467 2634 1623 2700 mortales
1644 2656 1718 2700 earn
1739 2636 1870 2720 proprio
1893 2657 1993 2702 sensu
2013 2657 2077 2702 non

83 2727 158 2792 ilari
178 2746 246 2790 non
268 2723 348 2801 vult,
372 2730 532 2805 quatenus
559 2720 694 2804 pollutio
721 2727 772 2785 est
793 2717 925 2786 violatio
947 2719 1052 2805 sancti
1106 2717 1224 2796 metiri.
1258 2715 1438 2786 Ridebisne
1460 2718 1618 2803 quidquid
1639 2719 1726 2787 dene
1740 2720 1867 2799 occulta
1884 2720 2075 2788 disseritur?

84 2811 218 2887 ordinis,
240 2809 323 2894 legis
342 2814 417 2888 [pag.
431 2812 495 2887 Ι78]
518 2807 657 2889 denique
680 2804 911 2888 transgressio:
941 2811 1054 2886 quate·
1106 2804 1161 2869 Au
1182 2802 1305 2884 Davidi
1328 2802 1539 2887 exprobrabis
1561 2804 1659 2872 stulte
1680 2806 1790 2890 ipsum
1810 2807 2002 2891 praedicare
2014 2808 2077 2889 Dei

85 2918 149 2967 nus
170 2905 238 2962 tam
261 2893 571 2992 adulteria-quam
595 2891 667 2957 aliis
694 2890 863 2990 maleficiis
886 2890 992 2987 utitur
1013 2887 1054 2954 ad
1105 2887 1238 2970 iudicia,
1267 2912 1349 2974 quae
1364 2891 1499 2990 'fatetur
1524 2912 1596 2967 esse
1613 2890 1779 2990 ,abyssum
1806 2891 1946 2966 multam
1972 2892 2075 2976 (Psal.

86 2978 621 3144 ttlttlttttllttt
635 2984 957 3146 tltmttttttl
978 2975 1053 3125 fill}
1104 2973 1825 3146 tillir-,tlibitltltttltlllt
1854 2978 2079 3132 tttltl:

115 3153 243 3219 haldaei
264 3173 363 3236 quam
386 3149 516 3235 Assyrii
543 3169 601 3231 per
624 3147 804 3213 horrendas
827 3145 940 3212 caedes
962 3166 1054 3230 gras·
1105 3144 1169 3212 fide
1190 3146 1276 3231 qnod
1304 3148 1418 3213 dicum
1443 3148 1635 3234 amplector,
1648 3228 1650 3231 .
1663 3157 1698 3214 et
1724 3149 1810 3231 quod
1832 3149 1944 3227 credo,
1975 3149 2076 3217 libere

85 3241 148 3306 sati
168 3247 260 3317 sunt,
288 3236 349 3303 hoc
370 3237 405 3301 in
426 3236 507 3318 ipsis
530 3255 597 3315 non
619 3232 838 3299 laudabimus:
874 3234 939 3297 imo
964 3234 1053 3298 Deus
1104 3234 1251 3316 profiteri
1269 3253 1336 3300 non
1357 3232 1478 3299 dubito.
1524 3233 1592 3300 cur
1609 3234 1692 3300 mihi
1714 3236 1794 3305 haec
1814 3233 1976 3302 modestia
1998 3237 2077 3302 vitio

82 3347 120 3392 se
144 3323 305 3391 vindicem
327 3321 609 3406 forepronunciat,
633 3319 688 3403 qui
710 3327 821 3384 tamen
842 3339 958 3382 rursus
974 3316 1054 3386 alibi
1105 3317 1256 3391 clabitur?
1468 3378 1469 3381 ,
1770 3383 1772 3389 ,

83 3411 250 3496 praedicat
272 3408 429 3475 sacrificia
450 3406 512 3472 sibi
534 3405 595 3485 hcc
619 3402 852 3487 modoparari.
896 3405 947 3469 'Pu
969 3404 1053 3470 velle
1190 3406 1241 3469 Ao
1268 3427 1309 3470 ne
1337 3404 1563 3489 tergiverseris
1596 3403 1808 3473 dissimilibus
1834 3407 1995 3490 exemplis
2025 3430 2077 3474 me

84 3498 195 3563 Deum
216 3494 361 3578 negabis,
378 3492 464 3576 quod
485 3491 662 3570 honorifico
673 3490 822 3556 sacrificii
839 3489 1052 3574 nominedig·
1104 3490 1365 3568 uticemmunis
1386 3499 1474 3556 certe
1494 3490 1576 3556 mihi
1597 3513 1673 3557 oum
1694 3491 1798 3558 Paulo
1819 3512 1918 3557 causa
1939 3502 2001 3571 est,
2022 3495 2077 3577 qui

84 3580 206 3648 natur?
257 3579 403 3646 Tandem
433 3577 534 3661 igitur
563 3575 801 3659 expergiscere,
836 3584 870 3640 et
896 3595 1063 3659 agnoscas·
1104 3577 1139 3641 iu
1161 3595 1281 3641 arcana
1301 3575 1459 3641 electione
1485 3576 1537 3641 vel
1565 3578 1791 3659 reprobatione
1843 3577 2002 3644 refundas
2023 3601 2076 3645 aa·

84 3666 141 3733 ubi
168 3667 318 3731 homines
345 3684 448 3747 prava
474 3661 652 3746 cupiditate
679 3660 872 3744 praecipites
900 3675 1051 3744 aguntur,
1105 3662 1246 3745 pientiae
1268 3659 1410 3748 divitias,
1433 3661 1552 3739 indicia
1572 3663 1637 3728 Dei
1658 3598 2017 3747 inmmprebensibilia,
2044 3674 2077 3731 et

84 3753 194 3818 Deum
217 3751 353 3818 occultis
375 3759 409 3815 et
429 3746 699 3814 inenarrabilibus
727 3745 833 3812 modis
854 3743 974 3813 iudicia
995 3768 1054 3812 sua
1105 3748 1177 3814 vias
1196 3745 1509 3832 impervestigabiles
1521 3747 1719 3827 exclamans,
1742 3770 1808 3814 non
1821 3758 1931 3815 mmen
1954 3748 2076 3816 desinit

84 3835 256 3902 moderari.
290 3835 428 3900 Subtilis
451 3833 508 3899 tibi
528 3833 659 3903 videtur
678 3833 794 3915 captio,
813 3831 893 3897 dum
914 3835 1052 3914 qnaeris,
1104 3833 1394 3921 palam‘asserere,
1423 3831 1532 3898 Deum
1559 3855 1641 3917 quos
1664 3835 1734 3900 vult
1756 3830 1981 3907 misericordia
2001 3857 2074 3919 pro·

602 1784 749 1860 ostquam
772 1777 806 1840 in
825 1775 906 1840 libro
928 1772 986 1841 Iob
1005 1796 1055 1840 ce·
1109 1796 1199 1858 gens,
1222 1773 1341 1841 iudicia
1361 1796 1421 1840 sua
1443 1786 1601 1842 exerceat
1653 1777 1751 1859 Quod
1772 1777 1831 1843 tibi
1854 1778 1976 1844 videris
1999 1780 2078 1846 scite
2137 1789 2156 1796 ‘

2260 3222 2271 3256 t

2244 3398 2274 3483 Ξ

2234 3489 2273 3538 Ι

2215 3655 2328 3715 jtl

2205 3744 2319 3852 st?

2199 3860 2264 3883 -w

85 3944 128 3988 ex
149 3941 213 4004 quo
235 3921 328 3986 Deus
350 3920 548 3986 adulterium
570 3919 774 3986 committere
791 3919 908 3996 vetuit,
931 3917 1053 3983 velitne
1105 3920 1204 4001 sequi,
1227 3928 1260 3983 et
1281 3919 1361 3984 alios
1383 3917 1532 3985 addicere
1554 3919 1670 3986 exitio:
1700 3918 1838 4003 denique
1860 3942 1902 3986 ne
1923 3921 1985 3988 tibi
2006 3944 2075 3987 am·
2183 3946 2260 3978 ϊ
2306 3926 2311 4006 l

81 4027 200 4081 ‚omnes
221 4027 292 4070 esse
313 4005 486 4085 adulteros,
509 4026 552 4070 an
571 4016 710 4088 partem
743 4003 830 4069 Nam
852 4004 880 4069 si
902 4001 943 4068 de
960 4013 1053 4088 parte
1105 4003 1190 4088 plius
1223 4002 1366 4070 arrideat
1397 4004 1594 4071 dilemmatis
1628 4011 1702 4086 [pag.
1720 4009 1774 4085 82]
1809 4006 1857 4070 tui
1890 4006 2073 4089 puerilitas,

2175 4023 2253 4083 «ὅ,
2300 4050 2304 4072 s

48 4151 52 4159 .
85 4092 277 4175 responden,
306 4091 407 4156 infers
428 4090 539 4158 Deum
561 4088 621 4155 sibi
644 4112 714 4156 esse
734 4090 945 4155 contrarium.
989 4091 1052 4154 At-
1104 4092 1180 4172 quin
1197 4090 1279 4155 mihi
1296 4089 1477 4175 scripturae
1495 4088 1535 4155 de
1556 4091 1684 4158 occulta
1703 4092 1768 4157 Dei
1790 4091 1961 4158 voluntate
1983 4095 2071 4159 testi·
2167 4089 2248 4153 ..12
2296 4087 2301 4162 l

83 4181 142 4264 qui
161 4178 227 4243 iam
250 4187 376 4241 certum
398 4197 590 4261 responsum
618 4186 724 4255 tenes,
754 4176 864 4240 Deum
886 4173 927 4238 ab
948 4176 1053 4239 omni·
1104 4176 1251 4241 neonium
1273 4172 1422 4252 reddunt,
1452 4176 1537 4262 quod
1558 4176 1650 4242 illine
1673 4176 1771 4259 didici
1793 4198 1953 4257 asserens,
1977 4177 2018 4244 de
2039 4199 2072 4244 re
2150 4195 2244 4242 m
2286 4208 2292 4238 2,

84 4264 146 4332 bus
168 4271 240 4343 [pag.
261 4268 312 4340 79]
336 4262 466 4345 exigere
483 4263 678 4341 castitatem,
702 4262 779 4343 quia
800 4281 873 4340 eam
890 4261 925 4325 in
948 4262 1053 4326 omni·
1105 4273 1193 4327 certa
1214 4261 1343 4345 loquor:
1366 4261 1443 4343 qnia
1456 4266 1543 4327 'vero
1565 4260 1608 4328 ad
1629 4271 1755 4328 tantam
1776 4261 1986 4329 altitudinem
2008 4286 2072 4329 non
2131 4283 2238 4328 nn
2286 4238 2291 4315 l

84 4350 145 4418 bus
168 4355 272 4415 amat:
296 4346 441 4419 diversas
462 4357 571 4413 tamen
594 4346 724 4413 volendi
745 4347 887 4411 rationes
907 4347 978 4430 ipsa
995 4368 1052 4425 ex·
1105 4347 1274 4431 pervenio,
1302 4355 1490 4423 reverenter
1519 4345 1618 4437 adoro
1645 4369 1719 4415 cum
1741 4358 1838 4434 ‚metu
1866 4357 1901 4414 et
1929 4349 2072 4433 trepida·
2120 4370 2234 4414 -a·
2276 4348 2284 4405 l

84 4435 256 4522 parientia,
278 4454 331 4498 me
353 4440 490 4511 tacente,
510 4432 660 4500 ostendit.
704 4433 790 4498 Nam
813 4431 842 4497 si
863 4452 964 4514 aeque
983 4434 1052 4497 elfi-
1105 4433 1204 4510 tione,
1226 4429 1313 4515 quod
1334 4431 1416 4514 ipsis
1437 4433 1698 4517 quoqneangelis
1718 4434 1890 4499 sublimius
1901 4442 1962 4500 est
1993 4435 2070 4501 Ideo
2108 4456 2228 4500 oeo
2276 4404 2281 4472 l

87 4522 208 4591 caciter
229 4519 329 4585 vellet
350 4538 464 4583 omnes
486 4539 557 4584 esse
574 4527 695 4597 castos,
717 4517 805 4584 haud
828 4514 924 4583 dubie
947 4528 1052 4584 castos
1105 4539 1202 4600 saepe
1230 4521 1265 4582 in
1292 4518 1422 4603 scriptis
1449 4520 1531 4585 meis
1558 4516 1730 4597 admoneo,
1762 4519 1845 4584 nihil
1871 4520 1926 4585 hic
1955 4521 2070 4588 melius
2091 4542 2223 4587 ans
2266 4520 2273 4628 l

83 4628 199 4677 omnes
220 4605 378 4670 redderet
412 4603 509 4668 Nunc
530 4625 630 4686 quum
651 4605 817 4689 singulare
839 4603 909 4668 eius
931 4602 1053 4671 donum
1105 4625 1176 4669 esse
1204 4590 1299 4670 docta
1328 4604 1526 4687 ignorantia:
1561 4605 1637 4687 quia
1669 4605 1933 4688 phreneticorum
1968 4607 2070 4672 instar
2078 4626 2219 4672 ται

82 4696 128 4762 sit
145 4693 287 4770 cestim,
307 4690 458 4775 colligere
469 4700 658 4772 promptum
669 4702 729 4769 est,
751 4690 847 4754 aliter
868 4689 951 4755 velle
968 4689 1053 4772 quod
1105 4689 1246 4759 delirant
1266 4690 1322 4772 qui
1345 4689 1419 4771 plus
1440 4689 1502 4755 sibi
1524 4691 1721 4771 permittunt
1747 4712 1862 4774 sapere
1890 4713 1988 4775 quam
2014 4710 2215 4775 μισεῖ
2256 4667 2263 4783 l

84 4779 186 4846 verbo
207 4777 379 4861 praecipit,
407 4796 505 4859 quam
534 4772 619 4858 quod
648 4776 767 4858 spiritu
796 4776 1053 4858 regenerationis
1105 4776 1156 4841 sit.
1200 4776 1273 4842 Iam
1290 4773 1387 4840 vides
1410 4788 1448 4839 ut
1469 4775 1551 4841 mihi
1568 4784 1658 4842 certa
1679 4775 1724 4843 sit
1744 4776 1802 4843 illa
1823 4777 1888 4845 Dei
1909 4777 2207 4858 veleamus,

84 4865 208 4948 implet.
232 4863 326 4929 .Hac
348 4864 473 4928 ratione
491 4882 556 4925 non
578 4869 629 4925 est
649 4883 714 4927 cur·
728 4860 892 4944 impudica
909 4872 970 4927 tua
991 4861 1053 4926 lin·
1105 4862 1197 4927 cuius
1218 4872 1318 4927 testes
1340 4868 1419 4926 sunt
1444 4861 1641 4945 scripturae:
1669 4861 1795 4928 ecculm
1820 4872 1931 4927 autem
1953 4862 1997 4928 sit
2018 4882 2202 4927 affl
2245 4826 2253 4938 l

85 4972 152 5034 gua
173 4949 360 5031 hypocrisin
370 4948 443 5014 Deo
465 4945 650 5030 exprobres,
668 4967 706 5011 ac
727 4947 755 5011 si
776 4945 842 5012 mol
862 4948 898 5010 in
921 4967 977 5019 ore
996 4947 1053 5011 ha·
1105 4947 1188 5024 dem,
1212 4947 1288 5030 quia
1309 4967 1368 5011 cur
1389 4947 1459 5011 fieri
1482 4947 1543 5012 hoc
1562 4948 1612 5013 vel
1634 4946 1716 5012 illud
1729 4948 1820 5014 Deus
1839 4948 1927 5025 velit,
1948 4960 1982 5014 et
2014 4966 2196 5013 ue-cxo-

85 5035 191 5112 heret,
219 5035 262 5099 tel
284 5045 393 5101 autem
417 5036 451 5099 in
476 5032 580 5100 corde.
631 5031 745 5114 Neque
766 5031 854 5096 enim
876 5032 1054 5116 quidquam
1104 5033 1199 5099 modo
1222 5032 1310 5111 velit,
1332 5053 1375 5097 ne
1398 5032 1563 5119 angelicae
1574 5033 1705 5117 quidem
1726 5042 1854 5100 mentes
1874 5035 1910 5098 in
1930 4971 2186 5100 solidum
2229 5098 2236 5125 ,

2216 5128 2234 5266 l
