4776 5844
183 274 239 338 1⁶3
955 272 1019 337 AD
1042 270 1387 339 WESrPHALUM.
1953 297 1955 303 ¹
2117 278 2178 339 1⁶4

180 482 233 527 osa
253 459 447 544 westphali
468 460 618 540 caecitas,
642 459 697 544 qui
719 459 861 526 colorem
885 481 964 527 suae
986 459 1154 526 donuinae
1207 459 1285 526 stini
1311 459 1477 545 theologia
1504 479 1571 525 non
1598 482 1693 551 secus
1722 469 1800 528 nota
1822 470 1882 542 est,
1909 483 1946 529 ae
1972 462 2095 564 proprii
2115 485 2179 529 un-

179 547 302 612 induoit
325 568 366 612 ex
389 548 564 633 suffragiis,
587 566 672 630 quae
699 546 852 611 tenebras
877 546 986 630 potius
1015 545 1075 613 soli
1097 547 1153 612 oh·
1206 545 1309 630 gues?
1329 547 1353 628 ¹)
1374 545 1479 611 Perre
1501 566 1544 613 an
1566 567 1626 632 ego
1648 547 1776 613 ominus
1793 548 1899 614 saneti
1918 547 2058 615 doctoris
2076 550 2176 633 scrip·

179 631 353 698 ducerent?
382 632 524 715 Quando
552 653 632 697 vere
655 629 807 700 foetidam
836 651 1008 714 porcorum
1037 632 1154 697 haram
1206 640 1241 696 ta
1273 636 1352 711 [paga
1372 636 1425 710 89]
1456 631 1672 717 inspexerim,
1700 632 1809 717 palam
1841 633 1992 700 omnibus
2022 642 2179 700 testatum

179 719 239 785 sibi
261 739 321 803 pro
343 717 455 785 schola
476 718 614 804 delegit,
643 717 769 800 siliquis
801 738 838 783 se
871 717 1011 784 oblectet
1037 716 1153 801 quibus
1205 738 1276 782 esse
1299 716 1452 783 arbitror:
1476 717 1558 783 etsi
1582 716 1959 803 dubitatWestphalus,
1982 722 2179 804 magistrum

179 803 296 890 dignus
318 813 375 870 est.
420 805 566 871 'lantum
586 802 798 869 meminerint
814 803 962 881 lectores,
980 803 1154 887 pudendae
1206 824 1302 869 suum
1320 802 1502 886 interroget
1512 802 1704 892 Philippum
1716 804 1990 885 Melauothonem,
2014 807 2067 890 qui
2090 814 2179 872 certe

177 890 308 973 inopiae
341 890 565 956 testimenium
600 910 680 969 esse,
714 889 800 973 quod
841 910 883 954 ex
915 891 1033 954 intima
1064 890 1153 955 faece
1205 889 1262 953 vix
1284 887 1346 954 sibi
1368 888 1573 972 temperabit,
1595 891 1673 973 quin
1692 891 1838 957 convicio
1860 889 2015 957 retundat
2036 902 2104 957 tam
2126 893 2178 956 in·

177 977 319 1060 papatus
340 975 465 1042 iudices
482 976 577 1041 nobis
604 975 690 1042 ferre
717 976 852 1060 cogitur.
902 975 955 1040 De
981 975 1153 1059 Ephesino
1205 974 1339 1059 dignam
1361 975 1572 1057 proterviam.
1617 973 1684 1041 Sed
1704 977 1782 1060 qnid
1804 998 1864 1061 ego
1886 978 1922 1042 in
1943 976 2042 1042 rebus
2064 998 2178 1061 super·

179 1062 313 1127 coneilio
335 1063 502 1144 responsio
523 1083 591 1127 non
613 1059 786 1126 admodum
805 1069 855 1126 est
873 1060 1022 1127 difficilis.
1068 1061 1152 1126 Ver·
1205 1061 1317 1126 vacuis
1339 1079 1472 1142 operam
1484 1060 1662 1126 consumo?
1683 1062 1852 1129 Prodeant
1872 1063 1907 1127 in
1920 1061 2063 1129 medium
2081 1084 2179 1147 quae·

176 1147 255 1213 burn
267 1169 308 1212 ex
321 1148 390 1213 eius
408 1145 546 1212 decretis
557 1147 702 1231 proferat
710 1145 939 1230 Westphalus,
955 1144 1041 1231 quod
1058 1147 1152 1213 nobis
1204 1166 1332 1229 cunque
1364 1143 1579 1229 Westphalus
1608 1148 1790 1233 Augustini
1827 1149 2015 1215 testimonia
2053 1150 2088 1214 in
2117 1169 2179 1216 nos

178 1233 231 1298 vel
253 1234 426 1298 minimum
450 1231 657 1299 adversetur:
677 1232 824 1315 obliquas
843 1240 953 1298 autem
970 1233 1152 1299 calumnias
1204 1241 1341 1314 torquet.

176 1339 258 1402 quas
287 1319 323 1383 in
350 1338 411 1383 no
420 1320 428 1325 ”
439 1317 580 1384 futiliter
607 1320 721 1395 iactat,
748 1317 825 1383 inde
853 1337 986 1402 carpere
1014 1318 1150 1384 desinat
1290 1317 1467 1382 Refutatur
1484 1316 1525 1382 ab
1552 1317 1609 1382 illo
1637 1338 1768 1384 crassus
1791 1340 1902 1385 eorum
1931 1340 2031 1399 error,
2061 1319 2178 1403 quibus

177 1404 347 1470 Confessio
376 1425 462 1486 quae.
486 1404 554 1471 illia
580 1405 748 1482 inseritur,
776 1402 877 1488 probe
905 1412 939 1469 et
965 1425 1029 1488 qua
1058 1403 1152 1470 decet
1204 1404 1315 1469 concio
1336 1402 1463 1468 Christi
1480 1402 1514 1467 in
1537 1401 1746 1486 capernaum
1769 1404 1882 1470 habita
1904 1403 2078 1489 displicuit,
2101 1404 2178 1488 quia

175 1490 341 1572 aequitate
362 1510 516 1574 expensa,
539 1512 598 1556 nos
621 1488 700 1554 adeo
723 1488 806 1554 nihil
828 1498 955 1574 gravat,
978 1499 1016 1555 ut
1042 1492 1151 1573 potius
1203 1488 1468 1573 imaginabantur
1491 1510 1554 1553 non
1578 1488 1673 1554 aliter
1689 1511 1787 1573 quam
1807 1491 1953 1557 terrestri
1970 1489 2066 1557 modo
2084 1512 2179 1575 posse

177 1574 310 1660 detegat
335 1574 524 1659 Westphali
563 1574 794 1641 indomabilem
829 1577 1061 1658 pervicaciam,
1095 1577 1152 1659 qui
1204 1574 1329 1641 comedi
1352 1594 1484 1640 earnem
1506 1586 1540 1639 et
1562 1574 1757 1659 sanguinem
1786 1576 1862 1642 bibi.
1912 1576 1985 1644 Hae
2013 1577 2176 1643 sententia

172 1681 237 1745 pro
260 1660 406 1746 maligno
428 1683 486 1726 suo
508 1662 642 1745 ingenie
665 1661 798 1727 dissidia
816 1683 856 1727 ex
879 1661 982 1726 nihilo
1005 1659 1151 1730 fabricat.
1204 1681 1263 1725 nos
1281 1660 1499 1743 Westphalus
1521 1659 1670 1726 damnari
1690 1660 1866 1742 contendit,
1890 1662 2091 1746 quissimus
2113 1661 2177 1730 Ca·

175 1746 364 1824 Caeterum,
386 1748 462 1830 quia
482 1747 660 1832 prophetas
682 1747 788 1811 audiri
817 1747 908 1813 iubet
928 1747 1053 1812 Paulus
1081 1747 1152 1831 qui·
1204 1746 1362 1830 pernaitis
1380 1746 1512 1812 similes.
1557 1747 1659 1830 Atqui
1680 1749 1803 1830 passim
1825 1757 1903 1813 nota
1919 1758 1971 1814 est
1987 1749 2045 1814 illa
2063 1750 2176 1835 Augu·

174 1854 308 1916 cunque
330 1831 415 1898 dono
437 1832 573 1916 spiritus
584 1831 722 1917 praediti
734 1843 821 1912 sunt,
844 1846 879 1898 et
889 1833 1052 1917 patienter
1074 1853 1150 1898 exa·
1204 1832 1280 1896 stini
1304 1832 1474 1897 refutatio:
1497 1829 1586 1912 Quid
1615 1852 1791 1916 praeparas
1813 1833 1929 1899 dentes
1952 1844 1985 1899 et
2005 1834 2178 1900 ventrem?

174 1920 297 1983 minari
322 1925 394 1999 [pag.
410 1924 465 1998 37]
487 1918 643 2002 quidquid
667 1919 840 2001 protulerit
861 1919 998 2002 quisque
1026 1919 1060 1983 in
1082 1940 1150 1984 me·
1204 1917 1299 1983 crede
1327 1929 1360 1982 et
1386 1916 1640 2002 manducasti2).
1685 1919 1782 1984 Clare
1805 1919 1899 1985 docet
1917 1919 1970 1986 hio
1992 1920 2089 2000 locus,
2113 1920 2177 1987 Ca-

175 2003 268 2068 dium
299 2005 330 2087 (l
361 2003 435 2070 Cer.
470 2009 523 2082 14,
553 2009 618 2083 29,
648 2011 687 2069 ut
715 2004 779 2071 hoe
804 2005 898 2071 nobis
926 2005 1152 2070 testimonium
1204 2003 1370 2087 pernaitas
1403 2023 1474 2069 esse
1507 2004 1709 2087 Augustino,
1742 2006 1797 2087 qui
1831 2003 1983 2070 dentibus
2014 2008 2112 2072 atteri
2144 2017 2179 2072 et

174 2098 382 2172 extorqueat,
404 2091 510 2173 prime
532 2110 591 2173 spo
604 2090 652 2155 iat
672 2111 733 2155 nos
755 2090 908 2156 omnibus
937 2091 1072 2176 spiritus
1095 2089 1151 2154 do·
1204 2098 1321 2156 ventre
1349 2094 1423 2168 [pag.
1452 2092 1506 2167 40]
1534 2086 1698 2155 absorberi
1725 2091 1857 2175 fingunt
1890 2090 2017 2157 Christi
2050 2113 2087 2158 co
2129 2113 2177 2159 us.

171 2177 245 2241 nis:
269 2174 387 2241 deinde
409 2175 449 2240 ad
472 2174 654 2242 Saronicus
680 2174 828 2242 doctores
854 2176 1025 2261 restringit
1054 2175 1153 2241 liber·
1204 2175 1258 2240 Ex
1280 2174 1513 2242 hoeordinese
1532 2195 1602 2241 esse
1619 2173 1781 2259 quomodo
1801 2175 1935 2261 negabit
1951 2177 2094 2262 Westph
2128 2199 2176 2258 us,

174 2272 281 2327 tatem
303 2261 404 2340 illam,
427 2282 525 2345 quam
548 2261 670 2328 Paulus
692 2261 861 2345 prophetis
883 2261 1043 2328 vendicat
1087 2254 1152 2328 Hie
1204 2261 1258 2326 cui
1279 2261 1385 2326 instar
1399 2260 1554 2326 coelestis
1575 2260 1699 2326 oraculi
1720 2271 1771 2328 est
1791 2261 1933 2328 Romani
1955 2263 2078 2329 decreti
2099 2284 2177 2329 oon·

170 2347 253 2431 qnia
275 2345 451 2412 lectoribus
478 2361 665 2431 promptum
701 2348 781 2425 erit,
819 2347 872 2412 vel
904 2348 1089 2431 pauxillum
1118 2348 1151 2412 in
1205 2345 1355 2432 uiliumr)
1377 2344 1439 2412 sub
1457 2345 1614 2412 Nicolao?
1642 2347 1728 2412 Nam
1756 2348 1854 2430 paulo
1880 2356 1955 2414 ante
1982 2347 2073 2414 illius
2101 2369 2177 2414 con·

170 2434 340 2517 scriptura
373 2433 575 2512 exercitatis,
608 2432 750 2498 hominis
778 2434 944 2499 vesaniam
968 2453 1152 2518 coarguere,
1205 2431 1271 2498 eilii
1304 2433 1479 2498 autoritate
1517 2447 1662 2497 nostram
1701 2433 1851 2500 haeresin
1889 2435 2074 2500 convictam
2106 2455 2177 2501 esse

168 2519 260 2583 mihi
296 2539 369 2584 eam
400 2527 609 2585 contemnere
649 2518 788 2584 liberum
828 2519 881 2583 sit.
936 2518 1152 2603 Westphalus
1204 2517 1316 2584 voluit
1361 2517 1434 2584 Hoe
1456 2535 1534 2603 ergo
1556 2519 1660 2583 bonus
1679 2517 1734 2583 ille
1754 2519 1942 2602 Westphali
1964 2521 2102 2586 antistes
2121 2517 2176 2585 de-

168 2604 310 2685 seilieet,
331 2605 425 2669 ouius
447 2625 546 2688 opera
568 2626 610 2670 ne
632 2606 731 2670 unius
749 2604 879 2688 quidem
897 2604 1046 2671 liter-ulae
1068 2625 1153 2689 apex
1204 2611 1331 2669 cretum
1353 2603 1498 2670 ructavit
1514 2603 1549 2668 in
1571 2603 1748 2687 palinodia,
1772 2626 1869 2693 quam
1891 2607 2029 2672 recitare
2040 2613 2178 2678 ,coactus

165 2711 322 2774 unquam
356 2691 419 2755 rite
445 2689 630 2756 illustratus
656 2691 733 2770 fuit,
762 2690 949 2756 censebitur
977 2690 1151 2775 propheta:
1205 2698 1254 2754 est
1275 2689 1512 2774 Berengarius:
1536 2686 1714 2755 Consentio
1731 2702 1863 2757 sanctae
1882 2691 2053 2757 Romanae
2075 2690 2177 2759 eccle·
2288 2748 2292 2755 .

165 2775 270 2842 nohis
304 2795 445 2859 quorum
469 2775 608 2843 labores
642 2775 759 2843 saltem
788 2778 970 2842 fructuosos
998 2772 1152 2842 ecelesiae
1204 2775 1270 2840 siae
1299 2783 1333 2840 et
1359 2775 1553 2859 apostolieae
1587 2774 1671 2853 sedi,
1706 2783 1740 2841 et
1768 2777 1935 2859 profiteor·
1951 2776 2090 2843 eandem
2120 2798 2176 2843 me

166 2882 246 2929 esse
275 2862 356 2927 satis
388 2869 503 2926 notum
530 2870 595 2942 cst,
622 2861 659 2926 in
686 2862 810 2927 ultimis
831 2861 1152 2929 subselliis'haerere
1204 2869 1316 2926 tenere
1349 2859 1457 2939 fidem,
1491 2881 1590 2943 quam
1624 2858 1775 2928 dominus
1808 2874 1841 2928 et
1867 2862 2064 2929 venerabilis
2092 2884 2178 2947 papa

164 2969 241 3013 mon
262 2946 382 3013 licebit
427 2945 517 3013 Sane
538 2949 566 3013 si
587 2946 669 3013 fides
696 2967 734 3012 ae
759 2947 875 3049 religio
903 2949 940 3013 in
969 2948 1152 3032 scripturae
1203 2945 1374 3026 Nicolaus,
1407 2955 1440 3011 et
1475 2946 1557 3012 haee
1591 2955 1705 3013 sancta
1737 2946 1883 3032 synodus
1909 2949 1991 3013 mihi
2020 2948 2177 3029 firmavit,

162 3033 455 3117 interpretatione,
479 3033 507 3096 si
525 3032 666 3098 eruditio
684 3032 722 3100 aa
738 3032 904 3113 iudicium,
923 3032 952 3098 si
971 3033 1152 3100 dexteritas
1203 3031 1328 3098 scilieet
1348 3053 1466 3117 panem
1489 3042 1524 3097 et
1546 3030 1672 3112 vinum,
1701 3054 1785 3117 quae
1811 3033 1847 3098 in
1876 3034 1970 3100 altari
1996 3042 2176 3119 ponuntur,

164 3120 344 3185 hominem
367 3119 524 3183 divinitus
547 3128 699 3185 vocatum
721 3118 907 3198 ostendunt,
926 3120 1056 3186 unciam
1074 3140 1150 3204 pro·
1203 3125 1277 3202 post
1302 3119 1580 3185 consecrationem
1609 3137 1674 3184 non
1702 3118 1809 3184 solum
1837 3129 2091 3199 sacramentum,
2118 3119 2177 3186 sed

161 3203 298 3289 phetici
320 3205 468 3271 muneris
489 3225 532 3269 ne
559 3212 692 3290 arroget
719 3205 782 3271 sibi
807 3200 1039 3290 Westphalbs,
1070 3207 1151 3290 quin
1203 3204 1303 3269 etiam
1330 3225 1445 3270 verum
1472 3225 1589 3288 corpus
1617 3212 1650 3268 et
1684 3205 1879 3288 sanguinem
1904 3205 2039 3270 Domini
2071 3206 2176 3271 nostri

165 3290 274 3356 simul
293 3290 482 3356 melioribus
500 3296 605 3356 totam
623 3290 739 3356 libram
759 3290 924 3356 concedat
957 3292 1045 3357 Nam
1061 3290 1149 3374 quod
1202 3309 1290 3356 esse:
1311 3299 1345 3354 et
1373 3289 1578 3368 sensualiter,
1608 3310 1675 3354 non
1703 3290 1811 3356 solum
1838 3299 2094 3365 sacramentum,
2119 3289 2177 3356 sed

162 3377 208 3442 in
231 3375 366 3442 ruinam
384 3397 452 3441 non
472 3375 509 3440 in
536 3376 795 3443 aedifiemmnem
818 3398 878 3443 nos
905 3377 993 3460 loqui
1016 3384 1149 3444 conten-
1201 3376 1237 3440 in
1259 3375 1398 3441 veritate
1416 3375 1572 3441 manibus·
1594 3373 1799 3441 sacerdotum
1821 3377 1972 3455 emtam,
2000 3376 2121 3460 frangi.
2143 3384 2177 3443 ct

164 3462 233 3541 dit,
264 3483 307 3528 an
337 3463 385 3527 ita
411 3463 468 3541 sit,
496 3466 599 3548 penes
626 3467 699 3543 [pag.
725 3466 780 3542 88]
807 3461 941 3529 idoneos
968 3471 1037 3528 este
1065 3462 1149 3528 iudi·
1203 3460 1349 3526 fidelium
1367 3458 1519 3526 dentibus
1530 3459 1673 3547 atteri⁴).
1719 3459 1840 3526 Videat
1850 3483 1938 3527 nunc
1948 3460 2175 3544 Westphalus,

160 3549 272 3615 cium
1202 3546 1382 3613 secundum
1404 3566 1501 3630 quem
1521 3546 1688 3631 frangitur
1708 3566 1829 3631 eorpus
1858 3547 1983 3614 Christi
2012 3547 2174 3631 glorifica·

261 3633 345 3698 'lam
367 3631 483 3705 dextre
501 3641 537 3699 et
557 3634 696 3701 feliciter
714 3635 896 3718 praefatus,
924 3634 1147 3719 Augustinum
1202 3644 1281 3709 tum,
1304 3631 1501 3698 sensualiter
1522 3636 1596 3712 [pag.
1621 3634 1675 3711 41]
1697 3633 1857 3716 palpatur,
1887 3647 1922 3698 et
1948 3631 2103 3699 dentibus
2125 3642 2175 3698 at·

158 3721 206 3785 in
228 3726 342 3802 partes
363 3739 440 3785 suas
462 3719 594 3786 trahere
615 3721 737 3804 incipit.
781 3720 828 3786 Et
848 3740 912 3805 quo
941 3721 1088 3787 securim
1112 3741 1150 3786 ae
1201 3720 1328 3797 teritur,
1350 3716 1509 3811 quomodo
1531 3738 1567 3783 se
1589 3739 1609 3783 a
1631 3717 1837 3801 Capernaitis
1859 3719 2007 3802 explicet

154 3806 281 3888 magis
299 3805 434 3887 impune
455 3803 608 3871 obtrudat
629 3827 688 3872 sua
710 3806 890 3886 mendacia,
913 3804 1019 3889 plenis
1039 3808 1149 3873 buccis
1286 3804 1407 3870 Postea
1424 3804 1511 3871 loeos
1529 3808 1642 3870 omues
1653 3803 1846 3883 accumulat,
1864 3805 1899 3869 in
1917 3804 2034 3888 quibus
2056 3823 2175 3888 corpus

160 3913 207 3957 ae
230 3890 491 3977 antiquariuml)
509 3912 581 3958 esse
599 3891 773 3975 praedicat.
819 3891 917 3975 Certe
934 3892 1079 3976 imperiti
1096 3892 1150 3958 vcl
1200 3889 1326 3956 Christi
1348 3899 1485 3956 vocatur
1507 3910 1618 3955 sacrae
1640 3910 1760 3955 coenae
1780 3893 1884 3973 panis.
1930 3888 2089 3974 Quisquis
2105 3911 2175 3957 me-
2278 3925 2281 3933 ·

154 3978 285 4042 :ninus
306 3978 392 4041 cauti
413 3976 551 4043 lectores
574 3986 731 4062 putarent
759 3998 835 4043 eum
861 4000 928 4043 non
955 3977 1053 4044 modo
1080 3999 1149 4044 me·
1200 3973 1303 4040 diocri
1324 3975 1443 4040 iudicio
1465 3973 1633 4059 praeditus
1655 3985 1715 4052 est,
1744 3997 1810 4040 non
1831 3974 1929 4041 mode
1950 3975 2093 4041 ieiunam
2114 3975 2175 4040 ho·

154 4063 309 4128 moriter
340 4069 453 4128 muare
488 4063 646 4147 quidquid
685 4063 815 4146 scripsit
836 4064 1063 4148 Augustinus,
1090 4063 1147 4130 sed
1199 4061 1299 4127 minis
1327 4060 1557 4146 garrulitatem
1584 4059 1717 4139 ridebit,
1751 4059 1809 4126 sed
1840 4061 2043 4128 stomachose
2075 4063 2176 4128 etiam

155 4145 329 4235 longort
348 4147 504 4214 familiari
523 4170 585 4215 usu
606 4148 842 4248 propemodum
863 4147 1031 4215 imbibisse
1057 4148 1147 4215 illius
1199 4145 1374 4247 mirabitur
1391 4149 1503 4213 fucum
1523 4147 1571 4211 ita
1592 4144 1633 4211 de
1650 4145 1754 4213 nihilo
1771 4147 1852 4236 fieri.
1884 4147 1969 4213 Mihi
1979 4158 2076 4248 ‘certe
2093 4147 2175 4214 adeo

151 4242 319 4298 mentm
347 4252 525 4317 omnesque
551 4233 736 4301 reconditos
768 4254 893 4301 sensus.
951 4233 1038 4300 Nam
1070 4255 1146 4300 con·
1199 4232 1412 4316 cogitandum
1434 4240 1586 4312 nonest,
1615 4231 1775 4382 anamodo
1795 4254 1849 4298 me
1870 4233 2054 4318 expediam,
2076 4255 2174 4322 quam

154 4319 326 4403 temptim
369 4321 542 4386 renunciat
552 4321 724 4404 plerosque
736 4330 884 4385 nostrum
902 4319 955 4384 rel
978 4342 1147 4405 nunquam
1198 4317 1376 4384 metuenda
1396 4317 1556 4383 lectorum
1578 4316 1614 4382 in
1637 4317 1772 4402 ignatio,
1795 4319 1823 4385 si
1845 4317 1969 4386 diutius
2000 4341 2054 4385 eos
2080 4339 2175 4386 ooou·

152 4402 295 4471 vidisse
316 4340 416 4470 tidros
437 4407 632 4491 Augustini,
660 4405 713 4471 vel
739 4405 857 4472 leviter
883 4412 1022 4485 tantum,
1051 4406 1147 4473 vela
1198 4424 1275 4488 pem
1309 4404 1344 4468 in
1373 4404 1501 4469 actione
1521 4411 1602 4467 'tam
1635 4403 1762 4470 frivola.
1817 4403 1942 4472 Scribit
1967 4405 2175 4490 Augustinus

148 4484 281 4575 longe,
303 4497 342 4555 ut
360 4490 431 4574 ipse
453 4490 579 4578 dioit,²)
596 4491 788 4576 inspexisse.
832 4491 904 4556 Iam
922 4512 989 4556 non
1000 4491 1148 4577 estquod
1199 4489 1381 4574 dispensari
1401 4490 1437 4554 in
1459 4507 1552 4555 saera
1573 4511 1673 4556 ooena
1694 4490 1870 4571 victimam,
1893 4512 1977 4590 quae
1998 4510 2058 4573 pro
2079 4489 2174 4554 nobis

150 4575 215 4642 <le
242 4575 336 4643 illata
362 4575 425 4642 sibi
452 4574 649 4644 contumelia
681 4577 829 4644 dolenter
858 4586 1028 4661 queratur,
1061 4577 1147 4663 quod
1198 4575 1308 4641 oblata
1328 4583 1391 4655 cst,
1421 4595 1539 4658 eorpus
1562 4573 1703 4654 Christi,
1732 4584 1771 4657 et
1792 4597 1988 4661 sanguinem
2015 4574 2172 4642 exhiberi.

149 4656 342 4728 lrominem
359 4661 527 4729 indoctum
548 4685 607 4730 suo
624 4665 758 4729 nomine
768 4683 885 4730 vocare
895 4682 994 4728 ausus
1011 4664 1146 4744 fueram,

146 4766 277 4832 quum
306 4748 524 4832 suspicionem
551 4747 638 4815 hanc
666 4748 803 4834 pulchre
829 4770 918 4815 nuno
944 4745 1146 4816 absterserit:

146 4848 251 4899 nam
274 4832 348 4917 qnia
369 4832 539 4900 indoctum
560 4842 677 4918 putare
704 4832 836 4916 audeat,
862 4833 915 4902 cni
937 4835 1147 4921 tota·Augn·
1267 4848 1297 4914 1)
1316 4849 1343 4905 le
1361 4854 1440 4931 cona
1459 4846 1492 4903 de
1510 4861 1554 4902 ses
1572 4846 1669 4916 deiru.
1893 4917 1899 4930 ι

148 4982 416 5070 »---,
526 5064 533 5070 ψ,
1197 4913 2177 5068 aestumasset.assuete-rt?‘³‘

242 5060 273 5124 1)
292 5056 358 5129 qu’il
376 5060 431 5112 smt
446 5054 624 5113 l'anelennetb
642 5064 671 5113 et
687 5075 705 5128 y
722 5065 766 5113 est
782 5056 897 5112 monne
1266 5054 1297 5121 8)
1319 5054 1365 5111 Sec
1382 5056 1448 5111 labra
1463 5055 1546 5109 lutras
1563 5070 1662 5111 anau.
1701 5054 1800 5111 Gulae
1816 5053 1882 5109 berre
1898 5051 2065 5108 madeat:
2081 5053 2108 5111 le
2126 5054 2172 5110 de·

240 5127 274 5194 t)
293 5136 329 5182 ou
347 5142 366 5181 e
446 5139 461 5179 c
484 5142 587 5181 comme
608 5125 628 5180 il
652 5125 692 5180 dit
714 5125 782 5183 dans
805 5141 855 5182 son
877 5126 953 5196 latin,
970 5122 1038 5181 c¹sst
1055 5126 1072 5182 t
1089 5125 1145 5182 dire
1197 5132 1256 5181 crat
1272 5125 1309 5180 du
1326 5122 1597 5182 Coneiledellome.
2104 5170 2107 5174 ,

163 5192 210 5253 ds
225 5197 280 5254 loin
298 5194 375 5264 (etde
487 5209 559 5249 caea
575 5193 608 5250 A
623 5190 665 5263 ἃ)
1265 5191 1294 5262 l)
1312 5190 1420 5250 Deest
1440 5193 1474 5249 de
1492 5189 1748 5250 Conscer.1>ist.2.
1782 5188 1828 5246 Ca
1845 5187 1888 5245 42:
1906 5187 1966 5261 Ego
1984 5189 2171 5261 harengum
