4590 5858
220 226 281 292 '123
1048 216 1408 286 conrasslouas
2166 221 2226 284 ⁷24

220 432 283 497 que
304 413 377 476 rien
397 432 439 476 ne
460 431 497 476 se
518 412 579 476 fait
600 418 635 475 et
655 431 698 476 ne
719 408 948 493 peutadvenir
970 430 1033 493 que
1056 428 1115 491 par
1138 426 1198 473 son
1250 407 1459 472 antevenire
1480 408 1583 491 possit
1603 407 1726 490 absque
1747 407 1817 472 eius
1837 407 1971 474 oonsilio
1993 428 2031 473 ae
2052 409 2228 491 providen-

220 496 343 565 eenseil
365 505 399 561 et
419 495 623 580 providente.
668 496 714 560 Ει
734 515 823 579 quoy
842 516 904 578 que
926 494 956 560 le
973 492 1080 560 diablo
1101 500 1135 557 et
1151 492 1199 557 les
1250 493 1305 557 tie.
1349 493 1395 557 Et
1417 494 1568 575 quamvis
1581 492 1686 558 Satan
1708 514 1745 558 ae
1768 492 1898 575 reprobi
1918 493 2097 559 moliantur
2118 516 2229 562 rerum

220 603 398 665 reprouvez
419 581 609 646 machinent
637 580 678 646 de
707 586 826 647 mettre
853 591 925 646 tout
952 603 992 646 en
1020 577 1198 656 confusion,
1251 578 1397 642 omnium
1415 579 1644 654 confusionom,
1667 578 1794 661 ipsique
1816 578 1896 645 adeo
1916 578 2029 645 fideles
2057 581 2126 646 suis
2156 603 2230 665 pse·

220 688 344 734 mesme
371 688 434 751 que
466 666 513 732 les
539 665 660 746 fideles,
689 687 750 749 par
776 666 824 731 les
856 668 963 732 fantes
990 665 1084 750 qu'ils
1112 684 1200 730 eem-
1252 664 1333 728 catis
1354 673 1482 729 rectum
1504 663 1652 729 ordinem
1674 671 1873 746 pervertant,
1895 663 2006 730 Deum
2036 674 2148 732 temen
2173 689 2230 752 eg-

220 741 368 831 met'tent,
413 753 626 827 ervertissent
648 751 768 817 l'ordre
799 749 840 816 de
867 750 1043 829 droicture,
1077 757 1200 815 tentes·
1253 769 1358 828 nosce,
1379 758 1416 814 ut
1437 770 1626 832 supremum
1636 749 1782 814 emnium
1798 750 1978 834 principem
2002 773 2039 817 ae
2051 751 2230 831 dominum,

220 840 282 905 fois
303 859 366 922 que
423 839 483 916 ieu,
513 847 615 922 ayant
641 837 674 901 le
700 838 894 921 superiorite
923 836 1115 903 souveraiue
1141 855 1201 918 par
1252 834 1340 900 mela
1369 844 1559 900 convemere
1591 835 1627 899 in
1657 836 1792 900 benum:
1827 837 1937 901 emnia
1971 835 2111 920 denique
2140 839 2233 904 velut

222 924 344 1002 desem,
367 924 528 990 convertit
549 923 580 988 le
603 923 669 988 mel
691 945 733 988 en
761 923 846 1002 bien,
875 932 910 989 et
937 944 1023 1008 quoy
1049 919 1128 1004 qu'il
1159 941 1201 985 eu
1254 921 1389 986 habenis
1422 919 1616 1012 quibusdam
1651 922 1784 987 seeretis
1818 942 1946 1005 regere,
1981 937 2015 987 et
2046 923 2232 989 admirabili

223 1011 288 1077 seit
308 1010 388 1094 qu’il
400 1009 528 1093 dispese
550 1018 622 1074 tout
644 1018 676 1074 et
688 1008 822 1073 canduit
843 1007 939 1073 d’une
949 1008 1041 1074 bride
1064 1014 1201 1073 seerette
1253 1005 1394 1089 quadem
1424 1007 1551 1071 ratione
1589 1006 1760 1082 moderari,
1788 1029 1884 1089 quam
1914 1030 1973 1073 nos
2002 1019 2130 1093 oportet
2157 1031 2232 1076 eum

223 1105 257 1162 et
277 1095 374 1160 d’une
395 1096 490 1178 feqeu
513 1093 699 1170 admirable,
722 1094 800 1178 qu'il
822 1114 904 1159 neus
921 1095 1004 1159 fault
1021 1093 1137 1159 ederer
1159 1113 1202 1155 en
1253 1091 1342 1156 omni
1371 1092 1473 1157 animi
1502 1091 1716 1157 submissione
1749 1091 1897 1170 adorare,
1931 1096 2087 1177 quoniam
2120 1108 2232 1162 mente

223 1191 313 1248 toute
325 1178 1199 1263 humilite,peurcequenerisnelecempreuenspoint.
1253 1178 1344 1242 illem
1366 1177 1536 1260 complecti
1559 1198 1623 1242 uon
1645 1199 1827 1260 pessumus.

307 1266 345 1331 Ie
374 1268 519 1331 confesse
546 1266 634 1331 aussi
662 1287 725 1348 que
747 1265 903 1331 l’hemme
932 1288 952 1330 a
979 1273 1048 1330 este
1080 1271 1153 1330 ereb
1181 1269 1202 1326 a
1338 1262 1859 1329 Confiteorhominemcenditum
1877 1265 1975 1330 luisse
1993 1266 2033 1331 ad
2054 1268 2233 1352 imaginem

222 1353 351 1435 l'image
373 1351 413 1417 de
434 1353 521 1417 Dieu
541 1372 584 1416 en
610 1350 719 1435 pleine
750 1351 903 1434 integrite
931 1351 971 1416 de
1003 1372 1063 1416 sen
1090 1349 1200 1432 asprit,
1252 1348 1326 1425 Dei,
1349 1348 1383 1412 id
1404 1358 1465 1427 est,
1486 1348 1671 1431 praeditum
1692 1349 1789 1432 plena
1801 1350 1989 1432 integritate
2006 1354 2151 1435 spiritus,
2174 1376 2233 1420 re·

223 1437 365 1513 volente,
388 1449 421 1501 et
443 1444 548 1502 tentes
571 1438 618 1502 les
637 1437 766 1519 parties,
784 1436 922 1502 facultas
940 1445 974 1502 et
990 1457 1066 1503 sens
1083 1434 1124 1500 de
1142 1454 1201 1498 son
1252 1434 1389 1499 luntatis
1411 1435 1620 1517 omniumque
1643 1436 1770 1500 animae
1792 1438 1944 1520 partium,
1972 1436 2168 1505 facultatum
2196 1462 2232 1507 ao

224 1543 311 1589 eme:
335 1545 397 1606 que
420 1531 508 1588 toute
530 1524 562 1586 la
584 1522 771 1604 corruption
793 1531 827 1588 et
855 1522 901 1587 les
928 1523 1016 1589 vices
1043 1522 1099 1605 qui
1126 1529 1202 1584 sent
1253 1541 1423 1585 sensuum:
1437 1527 1845 1586 omnemeutemnostram
1856 1523 2234 1604 corruptionemetvitie

206 1631 266 1674 ,en
287 1629 378 1686 neus,
400 1618 476 1674 sont
497 1608 650 1691 precedet
673 1607 712 1672 de
737 1628 773 1673 ce
800 1607 965 1691 qu‘Adam
988 1618 1101 1672 nostre
1125 1626 1202 1690 pere
1253 1605 1566 1689 quibuslaboramus
1588 1604 1664 1670 inde
1685 1608 1878 1689 profluxisse
1899 1607 1983 1690 quod
2006 1609 2125 1688 Adam,
2147 1633 2233 1677 cem·

224 1699 302 1760 s'est
328 1695 433 1759 aliene
461 1693 502 1758 de
527 1692 630 1770 Dieu,
660 1714 720 1776 per
747 1716 784 1759 se
812 1692 984 1759 rebellien:
1013 1701 1048 1758 et
1076 1714 1116 1758 en
1145 1691 1200 1756 de·
1252 1691 1362 1755 munis
1384 1693 1529 1755 emnium
1541 1690 1710 1756 hominum
1727 1704 1828 1775 pater,
1845 1715 1904 1757 sua
1922 1693 2099 1760 rebellione
2122 1717 2233 1763 sesee

225 1780 362 1863 luissent
383 1779 416 1843 la
437 1801 549 1845 source
572 1779 611 1844 de
634 1781 688 1844 vie
711 1786 745 1843 et
766 1778 805 1843 de
834 1790 907 1844 tous
936 1778 1027 1844 biens
1050 1783 1128 1844 s’est
1149 1798 1201 1841 es·
1253 1776 2132 1862 Deoelienavit,etviteebonorumqueomniumfente
2145 1782 2235 1850 dere·

215 1865 311 1931 ‘servi
329 1872 350 1930 a
369 1876 457 1930 toute
482 1864 609 1930 misere.
661 1865 756 1930 Ainsi
787 1886 851 1948 que
878 1887 960 1930 neus
987 1866 1134 1930 naissens
1162 1884 1202 1927 eu
1254 1861 1329 1928 licto
1350 1884 1421 1928 sese
1442 1861 1591 1927 omnibus
1613 1864 1753 1928 miseriis
1774 1864 1951 1929 obnoxium
1969 1866 2054 1931 fecit.
2100 1866 2176 1948 Quo
2198 1872 2234 1936 fit

225 1951 326 2034 peche
354 1949 507 2034 originel,
529 1963 564 2015 et
591 1972 732 2015 sommas
762 1959 837 2015 teus
864 1950 1025 2017 maudicts
1053 1949 1094 2015 de
1117 1949 1202 2013 Dieu
1254 1957 1293 2013 ut
1314 1948 1436 2032 singuli
1469 1970 1642 2014 nascamur
1670 1950 1805 2033 originis
1834 1961 1963 2032 peceato
1991 1952 2116 2036 infecti,
2139 1965 2174 2019 et
2194 1955 2234 2020 ab

224 2047 259 2101 et
279 2037 415 2101 damnes
437 2035 493 2101 des
515 2036 546 2101 le
563 2044 679 2102 ventre
696 2034 736 2101 de
756 2035 790 2101 la
810 2057 909 2114 mere,
931 2057 997 2102 non
1018 2054 1077 2119 pes
1098 2033 1203 2099 seule-
1254 2035 1325 2116 ipso
1346 2034 1461 2099 matris
1484 2045 1578 2099 utero
1600 2057 1620 2098 e
1641 2034 1712 2099 Dee
1734 2035 1898 2100 maledieti
1920 2057 1958 2101 ee
1985 2036 2148 2119 damnati,
2171 2063 2234 2106 non

225 2133 317 2188 ment
338 2142 397 2205 per
425 2121 457 2186 la
483 2121 583 2186 faulte
610 2122 785 2205 d’aultruy,
815 2123 898 2187 meis
924 2129 945 2188 e
972 2143 1069 2189 cause
1098 2121 1137 2186 de
1169 2119 1204 2184 le
1255 2132 1389 2203 prepter
1410 2119 1552 2184 alienum
1573 2120 1726 2185 delictum
1748 2120 1917 2199 duntaxat,
1940 2123 1996 2188 sed
2018 2135 2154 2207 propter
2175 2129 2235 2191 im·

225 2208 341 2274 malice
362 2208 416 2290 qui
438 2214 488 2273 est
509 2228 653 2284 anneus,
671 2207 930 2291 encoresqu’elle
950 2206 1203 2292 n'yappereisse
1255 2206 1450 2288 probitatem
1479 2227 1562 2287 quae
1594 2207 1681 2271 intra
1714 2229 1773 2272 nes
1806 2216 1857 2272 est
1880 2219 1949 2272 tum
1978 2230 2106 2292 quoque
2134 2233 2235 2294 quum

269 2295 327 2358 int.
1255 2312 1321 2355 nen
1342 2300 1486 2375 apparet

226 2316 268 2377 po
311 2378 349 2445 Ie
370 2379 515 2446 confesse
537 2379 625 2443 aussi
646 2399 709 2462 que
728 2377 759 2441 le
779 2378 882 2461 peche
902 2379 1042 2463 original
1059 2388 1204 2462 emporte
1340 2376 1508 2442 Confiteor
1535 2378 1670 2460 originis
1698 2388 1831 2460 peceato
1860 2380 2093 2462 comprehendi
2115 2384 2235 2448 mentis

227 2464 457 2548 eveuglement
478 2463 613 2546 d’esprit
634 2472 668 2528 et
688 2465 875 2612 Xerversite
903 2464 943 2529 de
970 2485 1077 2542 coeur,
1111 2465 1203 2529 telle·
1256 2464 1445 2528 eaeeitatem
1467 2473 1502 2527 et
1523 2463 1629 2528 cerdis
1651 2465 1910 2546 perversitatem,
1933 2465 2012 2531 adeo
2043 2484 2081 2531 ut
2101 2469 2235 2550 penitus

228 2558 401 2632 meatque
424 2570 505 2614 nous
527 2569 667 2614 summes
710 2549 883 2632 espouillea
912 2549 952 2615 de
979 2559 1051 2615 tout
1078 2570 1115 2615 ee
1149 2551 1203 2632 qui
1256 2548 1386 2632 spoliati
1406 2570 1444 2614 ae
1466 2547 1615 2614 destituti
1637 2551 1741 2613 simus
1763 2550 1804 2615 iis
1826 2571 1908 2633 quae
1927 2549 1970 2615 ed
1999 2551 2104 2617 vitem
2132 2563 2235 2619 eeter-

228 2635 412 2718 eppartient
433 2642 454 2699 a
474 2635 507 2699 la
528 2635 582 2699 vie
599 2634 726 2711 celeste,
749 2645 782 2699 et
811 2656 933 2701 mesme
962 2657 1025 2718 que
1053 2646 1127 2702 tous
1157 2635 1205 2701 les
1256 2656 1333 2699 nam
1356 2644 1522 2718 spectant,
1549 2636 1682 2718 ipseque
1708 2635 1789 2701 adeo
1818 2635 1982 2715 naturalia
2012 2638 2098 2703 dene
2126 2640 2235 2705 emnia

228 2720 309 2786 dens
337 2720 483 2786 neturels
509 2727 585 2786 sont
618 2720 778 2804 depraves
813 2731 847 2785 et
873 2720 1008 2787 souillea
1035 2744 1075 2787 en
1105 2741 1203 2787 neus:
1256 2721 1380 2785 sintin
1401 2720 1696 2807 nobiudepmvem
1718 2730 1751 2784 et
1772 2723 1998 2787 contaminate.
2043 2722 2119 2804 Quo
2141 2727 2180 2790 lit
2201 2735 2236 2790 ut

135 2869 139 2875 .
228 2807 283 2890 qui
310 2816 360 2872 est
386 2826 482 2871 cause
509 2827 572 2888 que
609 2827 690 2871 neus
722 2827 764 2871 ne
792 2808 962 2889 scauriana
995 2808 1087 2874 aveir
1115 2807 1204 2872 nulle
1257 2806 1349 2870 nulle
1376 2804 1415 2871 ed
1445 2806 1528 2872 bene
1555 2804 1718 2891 agendum
1748 2809 1942 2891 cogitatione
1969 2810 2102 2891 penitus
2126 2832 2236 2876 move-

228 2893 335 2958 bonne
357 2912 474 2973 pensee
496 2913 537 2957 ne
558 2900 811 2957 mouvementa
839 2892 916 2957 bien
943 2894 1032 2958 faire.
1081 2895 1128 2958 Ει
1149 2893 1204 2958 de·
1257 2913 1360 2956 emur.
1404 2893 1522 2974 Itaque
1543 2890 1687 2958 detestor
1709 2913 1764 2959 eos
1786 2894 1842 2975 qui
1870 2894 1964 2958 nobis
1990 2894 2114 2978 aliquid
2142 2897 2235 2962 liberi

230 2986 312 3044 teste
334 2976 428 3043 eeulx
449 2978 506 3061 qui
517 2998 599 3043 neus
621 2978 800 3043 attribuent
810 2977 950 3062 quelque
970 2980 1061 3044 frenc
1082 2979 1205 3045 arbitre
1256 2977 1383 3043 arbitrii
1405 2977 1608 3057 attribuunt,
1635 2999 1699 3061 quo
1731 2999 1791 3044 nes
1818 2979 1907 3062 ipsos
1934 3000 2171 3064 praeparemus
2196 2981 2235 3047 ed

228 3085 311 3148 pour
337 3064 461 3145 espirer
487 3072 508 3129 a
535 3063 618 3141 bien,
647 3084 731 3146 pour
763 3083 848 3128 nous
879 3085 1036 3148 preparer
1067 3073 1089 3130 e
1119 3072 1206 3131 estre
1256 3063 1476 3146 recipiendam
1508 3065 1572 3130 Dei
1605 3065 1758 3147 gratiam,
1788 3076 1846 3129 aut
1878 3073 2033 3149 tanquam
2067 3087 2110 3131 ex
2146 3069 2235 3134 nobis

228 3172 270 3215 en
296 3149 329 3215 la
350 3169 446 3233 grace
468 3148 508 3214 de
525 3149 621 3227 Dieu,
645 3170 688 3215 ou
712 3169 867 3232 cooperer
889 3171 1014 3215 comme
1043 3150 1083 3215 de
1107 3172 1205 3217 neus·
1257 3155 1465 3232 cooperemur
1497 3150 1611 3215 virtuti
1643 3170 1726 3233 quae
1758 3149 1851 3217 uobis
1890 3151 2028 3216 donetur
2067 3172 2088 3216 a
2122 3155 2236 3237 spiritu

229 3256 367 3302 mesmes
389 3242 411 3299 a
430 3235 463 3300 la
474 3241 568 3300 rertu
590 3235 645 3318 qui
656 3255 740 3300 neus
757 3243 808 3300 est
825 3235 952 3301 dennee
971 3256 1032 3319 par
1053 3236 1085 3302 le
1101 3237 1206 3315 sainct
1257 3242 1379 3301 senato.

229 3323 277 3387 Es
299 3321 350 3386 rit.
766 3364 769 3374 ι

276 3342 351 3472 pIe
373 3405 517 3472 confesse
538 3407 628 3473 aussi
649 3428 711 3489 que
732 3427 793 3489 per
814 3407 845 3471 le
873 3407 973 3472 bonte
998 3407 1205 3473 inestimeble
1343 3406 1509 3473 Confiteor
1528 3407 1640 3472 Iesum
1658 3406 1828 3474 Christum
1846 3407 1960 3472 datum
1982 3430 2052 3474 esse
2070 3409 2167 3475 nobis
2189 3412 2237 3476 in·

230 3493 270 3559 de
290 3492 377 3557 Dieu
398 3490 616 3557 IesusOhrist
637 3498 832 3558 neuseeste
841 3491 948 3557 denne
959 3513 1044 3576 pour
1065 3491 1205 3572 remede,
1256 3493 1350 3557 finite
1370 3493 1435 3558 Dei
1457 3493 1612 3571 bonitate,
1634 3513 1697 3577 que
1715 3492 1860 3558 remedie
1877 3514 2071 3560 revocemur
2093 3518 2115 3561 a
2135 3507 2237 3562 morte

230 3580 318 3643 alin
342 3577 382 3643 de
400 3599 482 3643 neus
504 3597 654 3643 remener
674 3577 715 3643 de
735 3585 865 3642 morte
891 3578 954 3656 vie,
981 3586 1015 3643 et
1040 3587 1206 3644 restauror
1256 3579 1292 3642 in
1314 3580 1430 3655 vitam,
1459 3586 1492 3642 et
1517 3579 1713 3661 recipiemus
1740 3576 1896 3662 quidquid
1923 3580 1960 3644 in
1987 3578 2119 3646 Ademe
2144 3583 2235 3648 nobis

231 3684 267 3730 ee
288 3664 344 3747 qui
365 3665 462 3728 estoit
481 3663 657 3729 decheuen
679 3662 801 3728 Adam:
825 3673 859 3727 et
879 3682 1037 3747 quepeur
1058 3684 1095 3729 ce
1115 3665 1204 3743 faire,
1257 3662 1403 3748 deperiit
1448 3666 1497 3729 Ae
1518 3663 1655 3747 preinde
1676 3685 1753 3731 eum
1774 3665 1830 3748 qui
1852 3676 1903 3730 est
1919 3665 2081 3747 sapientia
2104 3676 2235 3733 aeterne

230 3750 288 3833 luy
306 3750 362 3832 qui
383 3750 480 3816 estoit
500 3749 532 3813 le
552 3769 681 3832 segesse
702 3747 858 3813 eteruelle
879 3748 919 3813 de
939 3749 1027 3814 Dieu
1048 3772 1107 3816 son
1128 3772 1206 3834 pere
1256 3748 1321 3814 Dei
1354 3749 1466 3833 patris,
1500 3760 1534 3814 et
1566 3750 1665 3816 unius
1698 3770 1773 3815 cum
1806 3770 1845 3816 ee
1878 3751 2054 3830 essentiae,
2088 3753 2235 3819 induisse

232 3842 265 3900 et
285 3832 381 3899 d’une
405 3855 527 3899 mesme
550 3854 692 3910 esseuee,
711 3856 732 3900 e
752 3840 971 3900 restunostre
989 3834 1090 3914 cheir,
1114 3837 1206 3901 telle·
1257 3842 1404 3901 nostram
1431 3855 1572 3914 carnem,
1599 3836 1647 3900 ite
1673 3844 1711 3901 ut
1738 3836 1783 3902 sit
1809 3836 1902 3901 Deus
1929 3845 1963 3901 et
1989 3835 2087 3903 hemo
2111 3840 2148 3903 in
2170 3859 2235 3904 una

231 3927 322 3985 ment
342 3920 418 4001 qu’il
441 3942 461 3985 a
482 3928 550 3985 este
571 3921 650 3987 faict
670 3919 759 3985 Dieu
777 3919 956 4005 etsshemme
978 3941 1020 3985 en
1032 3943 1096 3987 une
1118 3923 1206 3988 seule
1257 3942 1403 4004 persone
1445 3921 1572 3988 Idcirco
1594 3919 1863 3987 detestoromnes
1874 3922 2025 3988 haereses
2048 3922 2127 3990 huic
2146 3926 2234 4007 prin·

232 4025 402 4090 personne.
447 4003 515 4070 Sur
536 4027 622 4090 quoy
642 4007 674 4072 ie
703 4005 828 4071 deteste
851 4012 963 4071 ,tentes
987 4005 1036 4073 les
1063 4006 1207 4074 heresias
1257 4008 1341 4091 eipio
1363 4008 1552 4087 conuenae,
1572 4016 1654 4090 pute
1670 4008 1865 4087 Marcionis,
1896 4008 2051 4087 Menctis,
2078 4009 2231 4086 Nestorii,

233 4098 503 4157 controvenentes
529 4097 549 4156 e
575 4113 612 4158 ce
644 4091 799 4175 principe,
827 4111 952 4158 comme
981 4091 1021 4157 de
1047 4092 1206 4173 Marcion,
1257 4092 1461 4177 Eutychetis,
1484 4102 1519 4157 et
1539 4093 1706 4172 similium,
1728 4115 1795 4158 una
1815 4116 1890 4160 eum
1911 4092 2035 4159 deliriis
2053 4115 2137 4178 quae
2157 4094 2232 4162 Ser·

234 4176 418 4253 Manichee‚
446 4175 608 4254 Nesteire,
633 4177 785 4262 Eutyche
818 4184 852 4242 et
884 4177 973 4243 leurs
1005 4178 1207 4245 semblables.
1257 4187 1354 4244 retus
1376 4187 1410 4244 et
1431 4178 1683 4245 Schuenfeldius
1704 4179 1879 4246 voluerunt
1899 4180 2096 4247 instaurare

234 4264 320 4328 Item
351 4261 399 4326 les
430 4263 588 4328 resveries
620 4285 684 4347 que
712 4263 832 4330 Servet
863 4271 897 4328 et
925 4260 1125 4330 Schuenleld
1152 4272 1209 4355 ent

234 4349 336 4413 voulu
355 4354 508 4412 remettre
528 4369 570 4413 au
592 4347 714 4416 dessus.
1940 4406 1944 4412 -

320 4431 434 4513 Queat
459 4453 502 4496 eu
529 4453 649 4517 moyen
680 4435 720 4501 de
749 4444 862 4501 nostre
889 4436 984 4517 salut,
1012 4438 1043 4502 ie
1063 4436 1208 4503 confesse
1345 4434 1443 4517 Quod
1464 4436 1583 4503 attinet
1604 4434 1646 4501 ad
1668 4437 1827 4502 rationem
1855 4437 2083 4521 adipiscendae
2110 4439 2277 4520 selech,

235 4540 298 4603 que
319 4519 413 4584 Iesus
434 4516 549 4584 Ohrist
569 4541 611 4583 en
632 4542 670 4586 se
689 4529 775 4586 mort
795 4529 829 4587 et
855 4541 898 4587 en
927 4545 964 4589 se
990 4522 1208 4590 resurrection
1258 4522 1416 4589 confiteor
1432 4522 1543 4588 Iesum
1560 4522 1918 4589 Ohristumsnemerte
1939 4545 1978 4590 ae
1997 4525 2267 4595 resurrectione

236 4625 257 4670 a
285 4604 422 4689 perfeiet
447 4611 482 4670 et
506 4604 663 4687 accompli
690 4612 763 4671 tout
789 4627 826 4673 oe
846 4608 903 4691 qui
930 4609 1028 4675 estoit
1054 4607 1209 4691 requise
1259 4608 1515 4675 cumulatissime
1536 4608 1710 4693 perfecisse
1731 4606 1886 4692 quidquid
1915 4607 1957 4674 ad
1979 4608 2134 4676 delendas
2154 4629 2249 4674 nes·

235 4690 353 4757 effeeer
368 4710 429 4755 nes
445 4691 593 4766 offensas,
616 4697 637 4755 a
657 4691 756 4756 finde
775 4714 860 4760 nous
880 4693 1070 4767 reconcilier
1090 4694 1208 4759 eDicu
1257 4701 1327 4760 tras
1351 4695 1493 4760 offensas
1519 4694 1754 4778 requirebatur,
1782 4702 1820 4760 ut
1840 4714 1901 4761 nes
1917 4693 1991 4761 Deo
2011 4696 2099 4778 patri
2117 4713 2232 4761 recen·

235 4795 297 4842 son
306 4795 395 4860 pere:
417 4786 451 4841 et
465 4775 544 4859 qu'il
565 4778 986 4846 asurmeutelemertetle
1004 4778 1208 4860 diable,efin
1259 4780 1397 4847 eilieret:
1419 4788 1455 4846 et
1474 4788 1612 4846 mertem
1634 4800 1672 4847 eo
1689 4779 1850 4846 Satenem
1870 4801 2050 4864 superasse,
2072 4790 2111 4847 nt
2128 4782 2224 4863 ipsus

235 4881 299 4944 que
320 4882 403 4927 nous
423 4862 654 4928 iouissiensdu
675 4863 773 4928 fruict
787 4862 827 4929 de
849 4866 1044 4933 sericteire:
1067 4875 1101 4932 et
1120 4867 1208 4932 aussi
1258 4867 1415 4933 victoriam
1451 4867 1595 4934 hactum
1631 4865 1862 4949 percipiamus:
1901 4867 2041 4951 denique
2079 4866 2211 4950 spiritum

236 4945 316 5030 qu'il
337 4967 358 5012 e
378 4968 474 5014 receu
493 4947 524 5013 le
545 4947 651 5014 sainct
671 4947 785 5030 Ilsprit
804 4968 848 5013 en
872 4958 962 5017 toute
987 4950 1166 5035 plenitude,
1188 4959 1209 5017 e
1259 4963 1411 5019 sanetum
1439 4953 1559 5035 absque
1587 4971 1743 5016 mensura
1774 4953 1945 5036 accepisse,
1974 4960 2013 5018 nt
2039 4953 2151 5036 cuique
2175 4970 2205 5014 er

236 5031 284 5096 fln
302 5023 377 5097 d’en
387 5031 606 5100 distribuere
626 5033 770 5100 cbescun
792 5032 850 5100 des
865 5035 953 5102 siens
974 5036 1066 5103 selon
1086 5037 1120 5104 la
1140 5057 1209 5103 me·
1259 5038 1329 5104 suis
1349 5060 1391 5105 ex
1413 5059 1451 5104 eo
1472 5037 1633 5121 largietur
1650 5058 1690 5103 ee
1710 5059 1865 5104 mensure
1885 5060 1951 5123 que
1972 5039 2035 5122 ipsi
2056 5038 2150 5104 libuit.

235 5135 312 5183 sure
332 5138 395 5200 que
412 5119 477 5184 bon
494 5119 552 5204 luy
574 5119 704 5186 semble.
