4590 5858
91 231 153 296 aaa
896 227 1260 296 rnanusmouns.
2008 233 2073 297 aar

91 415 203 500 pensis
230 439 298 483 non
330 419 485 497 fateatur,
520 417 585 483 hue
613 415 752 481 fideliter
776 414 963 482 ineubuiase
985 416 1054 481 Bu·
1105 426 1168 483 tur.
1218 415 1272 482 Ad
1301 437 1373 482 eam
1400 437 1469 482 rem
1497 436 1564 481 non
1615 437 1708 481 arum
1735 416 1790 480 hie
1814 415 1899 481 liber
1926 417 2073 502 proderit

92 521 202 568 oerum
220 524 262 567 ne
279 502 357 586 quid
375 501 417 569 ad
433 504 520 587 piam
538 502 798 569 oonoilistionem
808 500 943 568 deesset
977 501 1054 567 Duo
1106 503 1181 587 quia
1202 524 1270 567 non
1291 500 1417 568 aditum
1440 501 1536 567 modo
1564 438 1614 566 ad
1638 501 1686 567 rei
1707 501 1927 587 oognitionem
1948 504 2073 586 patela-

92 587 181 652 enim
203 588 298 667 vitia,
326 610 407 672 quae
429 589 607 674 plurimum
627 588 739 654 obesse
761 587 868 653 solent
886 587 922 652 in
943 587 1054 670 dispu·
1106 588 1179 667 oiet,
1201 587 1258 653 sed
1278 587 1402 655 multos
1423 587 1522 652 etiam
1546 587 1653 653 fumos
1675 586 1836 668 disoutiet,
1859 587 1977 672 quibus
1993 609 2074 654 oon·

91 670 201 752 tando,
234 673 345 740 sedulo
367 675 464 752 eavit,
484 696 526 740 ne
548 673 602 739 vel
620 673 831 739 ostentationi
853 673 992 738 serviret
1002 671 1055 736 vel
1106 674 1253 758 spiauam
1269 673 1375 739 luoem
1386 671 1528 757 adeoque
1538 672 1645 755 ipsum
1656 672 1801 738 iustitiae
1818 673 1919 739 solem
1936 683 2072 742 eonatus

92 759 301 825 contentione
313 759 524 844 abriperetur.
558 759 900 843 Reperient,inquam,
919 757 1055 824 leotores
1107 768 1158 826 est
1180 759 1337 825 haetenus
1356 757 1461 825 Satan
1481 756 1664 825 obsourare.

92 863 174 927 quae
196 844 248 909 vir
268 843 427 928 prudens,
450 854 484 910 et
505 847 541 909 in
561 845 693 928 pietatis
714 843 863 909 doetrina
884 865 952 909 non
973 843 1054 909 levi·
1191 845 1361 910 Postremo
1382 844 1481 908 etiam
1503 844 1532 910 ai
1542 843 1665 910 nullius
1684 845 1769 910 foret
1788 842 1829 909 ad
1850 844 1950 909 talem
1971 844 2073 911 aetio·

92 936 144 994 ter
165 932 369 1007 exeruimus,
391 932 555 1015 pertinere
576 929 616 994 ad
639 951 706 995 rem
727 930 863 1007 eenauit,
891 950 931 994 ea
952 927 1056 994 solide
1106 950 1183 995 nem
1204 929 1280 996 libri
1301 950 1388 1008 usus,
1411 927 1451 994 de
1470 938 1656 1012 quotamen
1675 930 1809 994 minime
1830 927 2071 1013 desperandum

92 1015 198 1099 magis
225 1036 322 1098 quam
350 1016 520 1082 ambitiose
545 1023 793 1099 persequutum,
822 1023 856 1079 et
882 1015 929 1078 ita
954 1013 1056 1079 fuisse
1106 1024 1171 1091 est,
1205 1015 1304 1081 latius
1336 1015 1460 1099 patebit
1496 1014 1567 1080 eius
1594 1014 1734 1080 utilitas:
1766 1035 1844 1080 nam
1871 1015 1933 1081 hoo
1966 1016 2073 1100 eapite

93 1099 135 1166 ad
156 1103 431 1167 oonoertationem
452 1104 666 1177 immotum,
695 1108 734 1166 ut
755 1099 981 1166 meditationes
1003 1099 1057 1165 hie
1108 1100 1291 1178 doetrinae,
1317 1101 1402 1183 quod
1423 1108 1558 1178 tractat,
1587 1122 1654 1165 non
1676 1099 1771 1166 modo
1788 1100 1958 1166 hominum
1981 1100 2072 1168 salus

92 1184 230 1251 ediderit
250 1186 380 1253 sedatae
401 1187 520 1253 mentis
541 1208 579 1253 ao
606 1186 696 1251 nullo
717 1187 844 1251 fervore
866 1186 1055 1251 ooneitatae.
1107 1187 1295 1252 eontinetur
1316 1195 1460 1265 aeterna,
1481 1184 1537 1250 sed
1560 1185 1691 1251 divinae
1705 1186 1803 1251 etiam
1825 1186 1981 1252 bonitatis
2002 1186 2072 1271 glo·

92 1271 229 1338 Utinam
250 1293 327 1337 vero
349 1274 404 1356 qui
425 1273 517 1338 nobie
539 1270 722 1338 suntvalde
744 1271 861 1337 infami
884 1279 951 1335 tam
969 1290 1056 1336 oom-
1108 1273 1167 1350 ria,
1190 1293 1271 1356 quae
1296 1293 1331 1336 se
1353 1271 1446 1336 nobis
1466 1271 1503 1334 in
1525 1270 1658 1337 Christo
1675 1272 1834 1350 exhibuit,
1855 1272 2000 1354 adeoque
2022 1272 2072 1355 ip·

92 1357 197 1440 posito
219 1358 327 1424 animo
346 1358 426 1423 haee
447 1357 554 1443 legere
576 1359 784 1423 sustinerent.
829 1355 918 1423 Satis
940 1366 1054 1421 notum
1109 1379 1181 1423 sum
1204 1358 1398 1440 exprimitur
1411 1356 1690 1424 Christiolfioium
1712 1357 1747 1422 in
1769 1378 1832 1440 quo
1854 1357 1978 1423 soilieet
1994 1378 2073 1423 eon·

93 1449 145 1507 est
174 1462 270 1524 quam
301 1442 410 1510 odiose
442 1444 528 1509 hune
564 1443 728 1508 doetrinae
763 1452 894 1508 nostrae
930 1449 1056 1524 partem
1109 1443 1197 1510 sistit
1217 1443 1391 1527 praeeipua
1417 1442 1597 1527 sapientiae
1625 1450 1756 1508 nostrae
1784 1464 1920 1508 summa.
1964 1441 2073 1523 Quam

93 1528 271 1612 exagitent,
294 1530 348 1612 qui
370 1536 472 1594 totam
495 1528 677 1594 doetrinam
687 1537 834 1593 nostram
856 1533 1056 1611 oppugnant
1108 1528 1246 1596 lelioiter
1267 1548 1363 1612 porro
1384 1528 1420 1592 in
1442 1527 1542 1611 huius
1565 1528 1752 1613 argumenti
1772 1528 1979 1593 enarratione
2000 1549 2073 1593 ver·

93 1613 140 1678 Et
160 1621 270 1678 tamen
292 1623 380 1680 eerto
403 1615 533 1692 seimus,
553 1613 635 1679 nihil
655 1634 715 1679 nos
736 1612 866 1679 tradere
887 1611 971 1696 quod
990 1633 1058 1676 nou
1110 1622 1201 1679 satus
1222 1614 1266 1680 sit
1286 1614 1436 1680 Buoerus
1457 1623 1576 1691 noster,
1599 1613 1685 1678 malo
1707 1635 1749 1678 ex
1770 1612 1908 1680 leetione
1931 1615 2002 1698 ipsa
2023 1613 2073 1679 iu·

94 1698 138 1764 sit
159 1699 263 1764 firmia
284 1701 444 1783 certisque
466 1701 645 1781 seripturae
667 1698 863 1765 testimoniis
884 1697 1057 1782 oonsigna·
1110 1699 1230 1766 dioium
1252 1699 1375 1766 faoiant
1392 1698 1536 1764 lectores.
1580 1699 1652 1783 Ego
1674 1719 1761 1776 sane,
1783 1720 1883 1783 quum
1901 1700 1988 1765 inter
2004 1720 2074 1764 ma·

94 1791 175 1849 tum.
225 1783 302 1850 Non
332 1786 386 1852 hio
412 1787 616 1851 oonieoturas
637 1792 765 1850 nostras
787 1784 962 1863 afferimus,
991 1804 1058 1847 non
1108 1807 1171 1851 nus
1194 1804 1283 1850 meas
1304 1792 1390 1850 esset
1417 1793 1485 1850 tam
1513 1784 1700 1868 praeelarus
1729 1782 1833 1863 labor,
1869 1785 2075 1850 committen-

92 1867 236 1935 ludimua
316 1871 400 1947 otiis,
424 1891 490 1935 non
501 1871 721 1954 exoogitamus
739 1870 925 1954 ingeniosos
936 1869 1059 1936 eolores
1111 1870 1188 1936 dum
1211 1870 1346 1935 minime
1368 1870 1481 1953 putavi
1503 1877 1542 1934 ut
1562 1890 1754 1953 suppressus
1775 1878 1931 1953 perpetuo
1949 1871 2077 1937 isoeret

94 1953 290 2039 quibua'pro
332 1956 395 2022 bile
416 1956 502 2039 quod
524 1954 661 2022 dioimus
672 1965 840 2038 appareat:
864 1954 919 2021 sed
934 1953 1059 2036 simpli·
1111 1955 1324 2039 Aliquamdiu
1342 1955 1490 2021 oontinui
1513 1962 1705 2039 exspeetana
1729 1956 1758 2020 ai
1780 1957 1863 2021 sorte
1884 1955 2000 2021 melior
2021 1955 2077 2020 da-

95 2040 179 2107 oiter
207 2043 401 2106 eonfitemur
429 2042 516 2125 opud
549 2041 698 2106 homines
725 2040 811 2123 quod
837 2040 933 2106 nobis
960 2038 1060 2105 dietat
1111 2049 1202 2107 retur
1223 2041 1458 2125 opportunitas.
1494 2038 1560 2106 Sed
1578 2041 1700 2106 multae
1717 2041 1851 2106 fuerunt
1867 2061 2093 2124 eausoequoa·

95 2125 203 2209 ipsum
224 2127 289 2192 Dei
317 2127 489 2205 iudioium,
519 2127 645 2210 quoties
672 2126 714 2192 ad
743 2127 812 2191 eiua
839 2125 984 2191 tribunal
1014 2125 1059 2191 oi·
1110 2127 1233 2193 referre
1255 2148 1336 2210 opus
1357 2148 1425 2192 non
1446 2136 1504 2204 est
1526 2147 1585 2192 our
1606 2126 1747 2209 amplius
1769 2126 1984 2192 differendum
2008 2147 2077 2199 non

95 2218 209 2277 tantur
236 2221 365 2278 nostrae
391 2213 617 2280 oonsoientiae.
668 2210 763 2293 Quod
792 2212 820 2278 si
849 2231 883 2276 se
909 2209 952 2275 ad
978 2211 1061 2276 eius·
1110 2211 1285 2279 videretur.
1334 2211 1506 2278 Fidueiam
1525 2211 1611 2277 hana
1632 2211 1793 2278 amioitioe
1816 2220 1944 2278 nostrae
1972 2213 2078 2281 Boou-

93 2296 184 2363 modi
213 2319 351 2363 examen
378 2307 583 2376 revoearent,
611 2298 668 2380 qui
696 2308 765 2361 tam
786 2296 950 2362 hostiliter
971 2317 1060 2362 nune
1111 2319 1196 2373 rua„
1216 2308 1253 2364 ut
1281 2318 1389 2381 spero,
1417 2295 1580 2368 eonoedet
1636 2295 1733 2377 Quod
1760 2298 1789 2363 ai
1818 2298 1940 2365 foetum
1968 2318 2078 2365 meum

93 2382 130 2447 in
150 2404 210 2449 noe
232 2383 456 2462 invehuntur,¹
477 2391 696 2467 eompesoeret
723 2384 866 2464 proleoto
888 2402 926 2448 ao
948 2381 1059 2446 doma·
1111 2385 1206 2449 initio
1224 2405 1292 2449 non
1312 2383 1470 2466 probabit,
1494 2383 1558 2448 erit
1573 2381 1659 2466 quod
1677 2382 1783 2449 levem
1803 2403 1842 2449 ao
1854 2384 1986 2450 brevem
2008 2383 2079 2449 eius

93 2475 145 2533 ret
170 2489 282 2534 eorum
310 2469 464 2535 leroeiam
489 2469 577 2537 idem
611 2467 667 2533 ille
699 2489 815 2533 sensus
841 2468 897 2550 qui
924 2487 985 2532 nos
1012 2467 1059 2531 itu
1110 2471 1266 2535 offensam
1285 2469 1416 2568 egregio
1437 2477 1633 2552 oompeneet
1656 2469 1734 2551 quia
1752 2469 1835 2534 mihi
1857 2469 1998 2553 gratiam
2020 2468 2079 2534 ha·

92 2552 181 2636 loqui
203 2555 299 2639 eogit
344 2552 507 2636 Quoniam
531 2560 642 2620 autem
670 2553 767 2618 multi
788 2552 912 2618 dudum
932 2552 969 2616 in
997 2551 1058 2618 hoo
1110 2555 1201 2622 bebit
1226 2564 1295 2621 tota
1316 2555 1380 2620 Der
1408 2553 1561 2632 adelesia,
1588 2554 1681 2621 auius
1708 2554 1813 2619 maior
1840 2553 1992 2620 habenda
2016 2554 2080 2620 luit

92 2659 201 2717 arena,
223 2640 309 2722 quod
330 2640 467 2705 minime
495 2639 643 2718 deoehat,
672 2647 825 2705 exeroent
846 2639 873 2704 si
899 2637 976 2722 quid
998 2638 1056 2702 ha·
1109 2642 1194 2706 ratio
1216 2662 1314 2724 quam
1335 2647 1374 2705 ut
1394 2646 1487 2706 tanto
1515 2640 1586 2706 eius
1614 2639 1785 2722 dispendio
1813 2640 1912 2706 unius
1933 2639 2079 2705 hominis

93 2723 173 2790 hent
191 2725 327 2810 ingenii,
349 2735 387 2790 ut
397 2747 480 2809 quae
490 2725 582 2809 puris
593 2725 774 2808 seripturae
784 2722 928 2790 fontibus
939 2723 1059 2790 hausta
1109 2726 1273 2792 voluntati
1294 2746 1419 2791 morem
1440 2744 1603 2824 gererem,
1628 2734 1662 2790 et
1687 2725 1757 2808 ipse
1778 2745 1906 2808 quoque
1927 2725 2077 2808 soriptor,
2173 2723 2179 2735 '

91 2811 235 2961 prolerre
263 2808 450 2877 studuimus
478 2811 580 2877 variis
606 2809 779 2877 ealumniis
813 2808 994 2892 depravent
1019 2830 1056 2875 ao
1109 2833 1168 2895 pro
1195 2811 1355 2896 singulari
1383 2809 1602 2877 aedulioandae
1629 2810 1785 2878 eoelesiae
1807 2809 1913 2876 audio
1936 2831 2000 2895 quo
2020 2810 2079 2877 fla·

113 2903 315 2979 etorqueant‚
337 2895 457 2979 quibus
479 2905 610 2963 sanotae
637 2905 671 2961 et
689 2916 757 2961 uon
777 2895 903 2961 fuoatae
923 2914 1055 2960 eonoor-
1109 2904 1198 2981 grat,
1227 2896 1361 2964 oonsilio
1388 2917 1460 2961 meo
1490 2896 1554 2961 rite
1574 2896 1745 2962 aestimato
1768 2917 1835 2962 non
1856 2903 1987 2966 tautum
2008 2895 2079 2980 pla·

91 2981 162 3046 diae
184 2982 328 3047 studium
347 2991 406 3061 est
429 2981 490 3048 hoo
510 2982 625 3048 saltem
645 3001 666 3046 a
687 3003 721 3047 se
743 2980 912 3064 impetrari
934 2980 1053 3057 sinant,
1108 2983 1244 3061 oahitur,
1267 2981 1324 3047 sed
1346 3002 1399 3047 me
1418 3001 1546 3064 quoque
1567 3003 1644 3048 suae
1665 2988 1776 3065 partes
1802 3002 1975 3065 oooupasse
1997 3001 2079 3067 gau·

90 3074 127 3132 ut
146 3067 290 3152 ingenua
310 3087 427 3134 oauaae
450 3076 581 3132 nostrae
603 3067 777 3149 explieatio
799 3067 905 3132 loeum
927 3065 1054 3143 haheat,
1108 3066 1205 3134 debit
1251 3067 1406 3136 (lenone
1428 3065 1583 3134 Calendis
1604 3065 1756 3135 Ootobris
1783 3072 1872 3132 1547.

89 3173 172 3235 qaae
193 3153 331 3220 minime
349 3153 502 3238 ingenuis
523 3152 786 3219 adversariorum
797 3150 923 3218 oavillis
945 3149 1054 3217 ohrui·
1079 3086 1084 3220 Ι
1274 3155 1278 3163 ’
