4724 5886
251 308 288 369 ll
1136 297 1374 367 Dasusslo
2217 301 2256 366 11

247 509 350 576 quum
372 487 557 571 opinionem
581 508 673 554 suam
696 487 865 571 proferens
892 486 1046 554 amultis
1068 506 1150 570 quos
1171 494 1268 555 vocat
1288 485 1471 555 haereticos
1497 486 1685 565 dissentiat,
1712 491 1866 571 sequetur
1886 506 1993 553 unum
2014 507 2057 553 ex
2081 485 2262 553 haereticis

246 620 330 688 esse.
374 599 449 666 Nisi
476 600 560 666 forte
587 597 718 682 publico
744 597 893 665 omnium
920 618 1083 665 consensu
1109 598 1349 665 sanctificatum
1378 619 1449 666 esse
1476 605 1608 683 tropum
1636 619 1733 665 suum
1761 597 1930 677 ostendet,
1958 604 1993 663 et
2020 618 2097 664 eum
2123 595 2257 681 quidem

247 730 447 796 anonymou,
462 711 488 794 ¹)
515 718 553 777 ut
574 709 662 777 solus
688 709 846 776 immunis
873 709 918 776 sit
945 709 1123 775 1111111111
1143 716 1230 776 nota
1281 708 1481 794 Quanquam
1502 730 1578 776 eum
1598 717 1693 776 cante
1714 707 1880 792 subticuit,
1902 708 2067 776 nederc
2088 709 2259 794 incognita

246 822 407 889 iudicium
427 822 578 888 torretur.
623 821 719 888 Adde
741 819 828 905 quod
849 819 927 885 alibi
944 819 1102 905 quosdam
1123 827 1273 886 nostrum
1295 818 1382 887 idem
1403 821 1513 888 verbis
1534 821 1802 901 1111111111111,
1825 818 1913 906 quod
1933 820 1969 886 in
1991 827 2082 887 recta
2102 818 2168 887 tide
2190 821 2259 886 sin·

244 936 388 1018 careal)
409 933 468 1001 sed
488 953 556 999 non
577 930 666 999 idem
687 934 819 999 sentire.
852 930 996 1000 Ubinam
1018 952 1097 1016 ergo
1118 953 1206 999 nunc
1227 932 1454 1019 11111111113)
1476 931 1535 998 illa
1556 932 1730 1000 verborum
1751 931 1961 1012 dissonantia,
1983 952 2068 1016 quae
2088 931 2159 999 sola
2179 931 2261 1000 iacit

245 1047 437 1125 baereticae,
459 1045 560 1111 etiam
581 1045 638 1128 qui
660 1044 734 1111 ideo
756 1043 913 1110 differunt
932 1065 953 1108 a
974 1043 1119 1138 reliquis,
1141 1064 1185 1109 ne
1205 1043 1370 1111 erroribus
1392 1043 1619 1111 subscribant?
1650 1041 1888 1124 Pudenduma)
1911 1064 1991 1110 sane
2011 1048 2072 1124 est,
2093 1044 2261 1111 fervorem

244 1159 362 1245 quiin
383 1159 504 1225 iuvene
526 1154 705 1223 tolerabilis
726 1176 793 1221 non
814 1156 907 1235 foret,
930 1153 1012 1221 adeo
1034 1176 1102 1220 non
1123 1175 1195 1222 esse
1217 1161 1323 1221 aetate
1345 1155 1547 1240 mitigatum,
1576 1162 1616 1222 ut
1636 1155 1735 1222 homo
1756 1175 1858 1222 senex
1876 1155 1928 1221 vel
1950 1156 2062 1243 pueris
2083 1154 2261 1221 ridendum

246 1293 285 1341 se
304 1250 466 1355 propinet.
510 1267 626 1352 Neque
642 1275 755 1334 111111
776 1265 947 1333 dissimulo
968 1287 1044 1333 eum
1065 1273 1179 1351 postea
1200 1265 1349 1333 diversm
1371 1266 1553 1334 1111111111
1572 1265 1735 1352 colligere,
1757 1286 1841 1351 quse
1860 1268 1923 1334 etsi
1944 1287 2010 1334 non
2031 1266 2118 1333 mala
2138 1286 2262 1335 conve·

247 1384 355 1462 uiant,
377 1381 535 1447 maiorem
558 1379 797 1464 repugnantiae
819 1379 961 1462 speciem
976 1375 1144 1462 praebent
1190 1382 1264 1457 [pag.
1283 1383 1316 1458 9]
1339 1379 1443 1462 Atqui
1463 1379 1607 1464 primum
1629 1380 1657 1444 si
1674 1380 1715 1445 ab
1738 1400 1931 1464 unoquoque
1953 1379 2058 1447 obiter
2088 1377 2168 1463 quid
2191 1378 2262 1446 dic·

247 1501 321 1561 tum
340 1500 400 1572 est,
422 1490 622 1558 calumniose
643 1490 677 1556 id
699 1490 824 1574 arripit,
847 1510 885 1556 ac
907 1489 936 1556 si
957 1490 1057 1573 plana
1077 1497 1165 1556 esset
1186 1488 1341 1556 definitio.
1374 1489 1504 1556 Deinde
1525 1511 1628 1574 quum
1649 1489 1789 1576 siugulis
1810 1498 1846 1558 et
1866 1510 1928 1557 sua
1944 1490 1988 1557 sit
2009 1488 2138 1557 dicendi
2160 1491 2260 1569 ratio,

248 1612 284 1674 ot
304 1605 441 1671 libertas
462 1622 536 1669 esse
556 1600 687 1668 debeat:
709 1602 830 1685 inique,
853 1621 896 1666 ne
918 1599 1026 1668 dicam
1046 1601 1268 1685 tyranniceb)
1290 1599 1442 1669 omnibus
1462 1600 1665 1687 praescribit,
1686 1609 1726 1668 ut
1747 1623 1880 1670 necesse
1900 1603 2033 1670 sitnon
2053 1601 2151 1668 modo
2169 1601 2264 1668 idem

249 1716 373 1796 dicere,
400 1712 585 1781 sedetiam
614 1711 729 1779 eadem
756 1711 861 1778 modo.
910 1712 1009 1778 Dixit
1035 1712 1153 1796 aliquis
1182 1713 1360 1798 mysticum
1388 1733 1506 1797 corpus
1534 1712 1589 1779 hie
1611 1713 1728 1779 notari
1776 1713 1896 1780 Nonne
1917 1711 2005 1781 idem
2026 1712 2261 1799 Augustinus?

248 1827 324 1896 Im0
343 1848 387 1892 an
404 1847 471 1891 non
492 1824 580 1891 idem
601 1823 739 1903 Paulus,
763 1844 865 1909 quum
888 1822 989 1889 tradit
1005 1844 1066 1890 nos
1087 1843 1203 1889 omnes
1225 1844 1330 1889 unum
1351 1844 1423 1891 esse
1442 1824 1583 1908 panem?
1633 1825 1732 1891 Dixit
1757 1824 1841 1892 alius
1869 1825 2032 1893 celebrem
2052 1845 2124 1892 esse
2144 1831 2263 1908 partae

249 1937 484 2022 redemptionis
505 1935 706 2003 memoriam.
750 1935 877 2019 Nempe
899 1936 985 2002 sicut
1005 1957 1048 2001 ex
1069 1933 1184 2000 eodem
1205 1934 1313 2001 Paulo
1334 1943 1368 2002 et
1389 1936 1554 2003 communi
1576 1937 1724 2002 omnium
1746 1937 1905 2022 magistro
1926 1937 1994 2003 filio
2008 1937 2074 2003 Dei
2095 1935 2262 2015 audimus,

247 2051 340 2119 bunc
362 2070 473 2117 sacrae
503 2067 624 2114 coenae
652 2068 724 2113 esse
752 2047 868 2124 finem,
891 2053 930 2110 11
957 2046 1102 2113 solennis
1129 2046 1198 2114 illic
1217 2046 1272 2112 sit
1299 2046 1416 2112 mortis
1444 2048 1515 2114 eius
1542 2047 1752 2132 praedicatio.
1802 2048 1894 2115 Hinc
1922 2047 2125 2134 tragoediam
2152 2066 2263 2128 nemo,

245 2163 315 2229 nisi
337 2160 482 2246 traginas
504 2159 621 2244 aliquis
643 2156 780 2225 Orestes
799 2177 934 2223 movere
956 2156 1122 2224 debuerat
1132 2159 1162 2243 ⁴)
1196 2159 1339 2224 'lantum
1363 2157 1463 2240 abest,
1487 2165 1525 2225 ut
1545 2178 1657 2226 sacrae
1678 2159 1766 2226 inter
1784 2158 1898 2226 Deum
1919 2167 1954 2227 et
1974 2159 2124 2226 homines
2144 2178 2264 2225 recon-

245 2272 424 2342 ciliationis
446 2271 606 2350 minister,
628 2269 770 2336 nuncius
788 2275 822 2334 et
843 2270 1005 2352 interpres
1027 2269 1223 2336 excusabilis
1245 2269 1304 2351 sit,
1332 2268 1411 2336 dum
1432 2271 1607 2336 materiam
1626 2269 1783 2336 turbandi
1804 2270 1882 2338 hinc
1903 2278 2053 2339 venatur.
2086 2270 2201 2350 Porro,
2225 2276 2266 2336 ut

248 2378 662 2466 discordias.aliquando⁵)
679 2381 780 2448 fuisse
803 2378 929 2458 demus,
951 2379 1030 2462 quia
1050 2400 1104 2446 res
1127 2401 1195 2445 nou
1216 2381 1328 2447 statim
1348 2383 1389 2448 ab
1410 2381 1509 2447 initio
1532 2381 1674 2448 dilucide
1686 2382 1844 2465 explicari
1860 2389 2004 2467 poterat:
2029 2404 2072 2449 an
2093 2383 2186 2466 pium
2208 2381 2265 2449 vel

249 2495 432 2562 humanum
453 2500 534 2570 arat,
556 2492 678 2558 vulnus
699 2489 787 2574 quod
808 2491 993 2557 cicatricem
1014 2490 1161 2568 obduxit,
1184 2491 1225 2558 de
1246 2493 1377 2577 integro
1398 2492 1569 2559 scindere?
1603 2493 1654 2560 Ne
1676 2514 1740 2576 qua
1761 2494 1905 2560 varietas
1927 2492 2089 2560 distrahat
2109 2495 2180 2577 pios
2196 2494 2266 2560 lec·

248 2614 347 2683 tores,
370 2624 444 2671 coca
464 2623 644 2671 consensus
666 2610 779 2668 noster
799 2602 1031 2686 interponitur.
1064 2601 1167 2668 Videt
1189 2603 1243 2668 hic
1264 2603 1372 2671 bonus
1393 2604 1514 2671 aelotes
1535 2625 1744 2688 quoscunque
1765 2614 1862 2673 11111
1877 2606 2152 2672 sacramentarios
2173 2603 2267 2671 idem

248 2718 372 2784 sentim
393 2724 427 2782 et
448 2714 545 2799 loqui.
579 2713 650 2781 Nec
671 2734 750 2780 vero
771 2712 800 2780 si
822 2714 1014 2797 superstites
1040 2712 1137 2780 hodie
1159 2721 1271 2781 essent
1292 2716 1409 2799 optimi
1430 2716 1588 2781 eteximii
1601 2714 1727 2783 Christi
1749 2717 1836 2784 servi
1852 2715 2025 2803 Zvinglius
2046 2714 2266 2783 etOeeolam-

248 2826 377 2914 padius,
400 2826 574 2894 verbulum
595 2825 631 2890 iu
653 2845 693 2890 ea
714 2825 878 2890 sententia
898 2832 1076 2891 mutarent.
1119 2826 1207 2892 Nam
1228 2833 1263 2892 et
1282 2826 1387 2894 1111111
1407 2829 1585 2893 memoriae
1606 2827 1659 2894 vir
1680 2828 1848 2895 Martinus
1869 2828 2032 2910 Bueerus,
2060 2849 2164 2913 quum
2185 2848 2267 2894 eum

248 2938 392 3026 legisset,
414 2937 545 3023 scriptis
566 2935 609 3002 ad
631 2956 684 3002 me
712 2935 818 3002 literis
846 2913 907 3021 prb
928 2957 989 3003 sua
1009 2936 1132 3020 pietate
1154 2937 1339 3024 gratulatus
1367 2944 1418 3004 est
1442 2938 1504 3005 toti
1531 2939 1703 3019 ecclesiae,
1728 2940 1781 3005 oui
1809 2959 1870 3023 pro
1898 2938 2043 3025 maligno
2071 2959 2131 3005 suo
2158 2939 2266 3008 livore

248 3058 452 3136 quantopere
473 3047 622 3115 invideat
640 3047 696 3114 hic
716 3048 824 3114 bonus
846 3048 968 3116 arbiter
989 3047 1044 3116 vel
1064 3055 1226 3130 deusone)
1248 3050 1318 3116 eius
1340 3049 1532 3117 obtrectatio
1549 3051 1629 3117 satis
1647 3056 1797 3117 testatur.
1832 3055 1908 3130 [pag.
1932 3051 2172 3136 10]Egovero
2193 3069 2267 3116 non

249 3170 290 3231 ut
309 3162 500 3245 retaliem⁶)
530 3160 601 3226 eius
623 3159 838 3241 calumniam,
868 3159 928 3227 sed
949 3166 989 3226 ut
1004 3180 1065 3244 pro
1086 3159 1212 3227 insulso
1229 3160 1300 3228 eins
1322 3159 1441 3246 probro
1461 3183 1582 3229 verum
1602 3161 1725 3229 dictum
1748 3182 1909 3248 regenam,
1927 3163 1974 3230 sic
1996 3162 2134 3247 excipio.
2178 3161 2267 3229 Pro·

247 3276 359 3360 prium
381 3273 503 3340 diaboli
525 3279 575 3340 est
592 3270 802 3352 calumniari:
822 3270 910 3338 unde
927 3277 961 3338 11
977 3292 1098 3337 nomen
1116 3271 1225 3339 babet
1269 3273 1447 3357 Proprium
1464 3272 1612 3341 eiusdem
1629 3285 1680 3340 est
1700 3273 1767 3341 luci
1784 3274 1936 3341 tenebras
1962 3273 2132 3343 obducere.
2175 3273 2264 3342 Pro·

248 3390 358 3472 prium
382 3385 523 3469 denique
545 3382 701 3463 eiusdem,
731 3384 810 3467 quia
838 3382 1075 3450 discordiarum
1103 3391 1199 3468 pater
1220 3391 1285 3464 est,
1314 3405 1429 3468 pacem
1458 3384 1606 3466 turbare,
1635 3396 1668 3452 et
1689 3386 1834 3453 lacerare
1855 3384 1933 3452 fidei
1953 3386 2124 3452 unitatem.
2169 3383 2267 3454 Haeo

245 3500 359 3566 omnia
381 3518 484 3581 quum
504 3496 541 3561 in
562 3496 627 3562 isto
647 3501 759 3562 nostro
781 3515 918 3562 censore
939 3495 1051 3579 palam
1072 3502 1261 3576 cernantur,
1289 3516 1354 3580 quo
1375 3496 1446 3563 loco
1474 3496 1646 3564 habendus
1668 3498 1726 3578 sit,
1753 3496 1875 3583 mihin)
1896 3518 1964 3563 nun
1986 3502 2037 3563 est
2057 3517 2191 3563 necesse
2215 3496 2267 3563 di·

156 3652 157 3655 =
245 3631 330 3689 cere,
354 3610 431 3694 quia
452 3608 577 3673 nomini
595 3604 770 3673 obscurum
798 3614 858 3673 est.
903 3606 1079 3673 Caeterum
1106 3607 1184 3690 quia
1211 3628 1278 3673 non
1307 3609 1434 3674 minore
1463 3608 1574 3675 studio
1602 3617 1677 3675 tum
1701 3608 1743 3675 ad
1763 3608 1921 3675 tuendam
1948 3609 2096 3676 veritatis
2117 3629 2264 3690 eausam,

247 3727 320 3786 tum
347 3719 390 3785 ad
425 3717 601 3786 fovendam
632 3738 747 3802 pacem
780 3718 971 3784 incumbere
1003 3739 1064 3784 nos
1099 3717 1208 3798 decet,
1243 3740 1340 3802 quam
1369 3719 1540 3803 utriusque
1573 3721 1778 3787 eversionem
1814 3720 1949 3786 molitur
1981 3717 2101 3787 Satan:
2140 3717 2267 3803 aliquid

249 3832 311 3910 bac
338 3832 372 3896 in
397 3853 433 3896 re
455 3829 651 3896 tentandum
673 3850 744 3896 esse
772 3828 867 3909 duxi,
895 3828 1101 3914 integerrimi
1124 3838 1257 3897 111111
1281 3829 1477 3897 observandi
1506 3832 1710 3899 1111111;·11
1738 3833 1821 3898 forte
1855 3833 2030 3898 mitescant
2059 3830 2116 3914 qui
2149 3831 2266 3898 hacte-

247 3964 312 4010 nus
347 3943 480 4008 inerunt
509 3941 670 4020 duriores,
704 3939 758 4007 vel
785 3939 902 4006 saltem
929 3950 967 4005 11
993 3939 1035 4005 ad
1069 3940 1233 4007 domanda
1258 3941 1417 4007 eiusmodi
1445 3942 1616 4008 cerebrosa
1644 3945 1765 4027 capita,
1799 3945 1860 4029 pii,
1896 3964 2014 4028 graves
2042 3949 2075 4008 11
2102 3942 2266 4010 moderati

249 4055 397 4122 doctores
424 4041 578 4119 instructi
610 4054 685 4118 sint
731 4054 841 4136 Atque
869 4052 950 4118 haec
978 4052 1061 4117 mihi
1093 4052 1166 4118 visa
1193 4060 1244 4118 est
1269 4053 1393 4137 optima
1425 4054 1525 4133 ratio,
1554 4055 1631 4138 quia
1662 4065 1696 4120 11
1726 4053 1931 4139 quorundam
1959 4054 2086 4121 cavillis
2120 4056 2265 4121 obnoxia

249 4175 300 4235 est
321 4186 451 4231 summa
473 4164 590 4247 prioris
613 4165 726 4248 scripti
753 4165 857 4230 nostri
888 4165 1047 4259 brevitas,
1078 4183 1139 4229 nec
1166 4163 1387 4230 dubitationes
1415 4164 1513 4231 altius
1542 4150 1724 4232 multorum
1757 4166 1875 4232 animis
1903 4168 2022 4231 infixas
2049 4166 2181 4248 penitus
2210 4187 2265 4232 re·

248 4278 351 4355 vellit,
373 4298 416 4341 ne
437 4275 512 4359 quis
533 4275 707 4358 scrupulus
729 4283 888 4355 maneret,
912 4276 1040 4359 plenius
1063 4276 1230 4358 aliquante
1251 4283 1397 4340 mentem
1423 4285 1569 4342 nostram
1598 4279 1797 4364 exprimere,
1825 4284 1863 4343 11
1885 4276 1999 4343 eadem
2028 4277 2071 4343 sit
2102 4278 2263 4344 confessio

249 4389 399 4475 pluribus
420 4387 530 4452 verbis
547 4386 755 4454 luculentior.
787 4389 977 4474 Exprobrat
995 4386 1202 4465 nobisille,⁷)
1220 4385 1260 4452 de
1282 4387 1345 4469 q'uo
1367 4388 1433 4451 iam
1455 4388 1554 4456 nimis
1576 4389 1690 4470 multa,
1713 4400 1781 4455 tam
1804 4389 1976 4454 confusum
1998 4409 2069 4455 esse
2091 4388 2178 4455 inter
2200 4410 2264 4456 nos

407 4619 434 4686 1)
453 4616 518 4687 qu'il
537 4618 628 4672 cacha
833 4617 864 4684 2)
882 4620 949 4674 bons
968 4619 1146 4686 catheliqncs.
1325 4617 1356 4684 3)
1375 4618 1489 4674 meam
1507 4635 1571 4688 ergo
1589 4622 1741 4689 reperietur
1758 4619 1843 4674 Besa.
1861 4619 1947 4674 Amat.
1966 4624 1992 4673 ct
2009 4620 2175 4690 1111111111
2195 4619 2262 4676 Ma

404 4707 433 4770 a)
452 4703 608 4758 Pudendum
626 4745 633 4757 .
652 4744 659 4756 .
678 4742 685 4755 .
704 4743 711 4757 .
729 4705 862 4772 propinet
900 4703 1032 4759 Getrinas
1048 4704 1169 4772 primam
1187 4704 1344 4772 scripserat,
1362 4703 1411 4758 scd
1428 4705 1590 4760 reclamante
1607 4705 1768 4775 Butb'apero
1786 4705 1877 4760 swam
1896 4706 1989 4761 cerata
2008 4706 2108 4775 Bestia,
2127 4706 2189 4775 quis
2207 4723 2264 4762 non

250 4792 324 4848 videt
340 4792 424 4865 boves
442 4779 548 4859 patriae
567 4797 630 4842 tuae
648 4790 751 4857 mugire
769 4790 869 4844 maiore
889 4806 949 4844 cum
967 4791 1073 4845 ratione
1091 4806 1171 4859 quarn
1188 4796 1219 4845 tu
1236 4789 1375 4858 loqueris?

407 4878 437 4943 b)
456 4876 569 4930 barbare
589 4872 652 4928 MS.

406 4962 436 5027 4)
455 4962 477 5015 11
496 4961 540 5030 n’y
557 4962 632 5015 avoit
648 4960 722 5014 nulle
739 4959 866 5015 occasion
884 4961 918 5015 de
936 4961 1002 5015 taire
1021 4963 1043 5016 si
1060 4960 1145 5029 grand
1163 4961 1236 5016 bruit
1262 4976 1295 5015 ne
1315 4961 1502 5019 d'esmouvoir
1526 4978 1616 5017 aucun
1638 4961 1753 5017 trouble.
1795 4962 1861 5024 Pro¹
1874 4979 1983 5019 movere
2001 4963 2133 5019 debuerat
2153 4963 2184 5020 0.
2202 4968 2264 5034 pri-

252 5065 324 5104 mam
342 5049 492 5117 scripserat
508 5046 645 5101 movisset.
683 5045 848 5116 Sequentia:
866 5046 981 5100 Tantum
1000 5048 1079 5103 abest
1096 5087 1102 5100 .
1121 5088 1128 5102 .
1147 5087 1154 5103 .
1173 5088 1179 5101 .
1197 5053 1312 5102 venatur
1331 5048 1468 5103 1111111
1487 5047 1550 5103 MS.

406 5132 436 5200 5)
455 5133 619 5202 aliquamdiu
636 5133 713 5187 Besa
731 5132 818 5186 Amet.
836 5147 896 5186 cam
916 5131 981 5186 MS.
1188 5133 1214 5199 c)
1232 5133 1277 5187 hic
1294 5132 1393 5189 nebulo
1414 5132 1477 5188 MS.

406 5217 437 5285 6)
454 5235 510 5274 111
528 5235 577 5286 pas
595 5235 665 5289 pour
681 5219 727 5287 luy
744 5217 842 5274 rendre
860 5217 923 5273 bille
942 5218 1062 5288 parcille.
1269 5219 1300 5285 d)
1319 5219 1383 5274 mibi
1400 5257 1408 5275 .
1426 5258 1433 5272 .
1451 5257 1458 5273 .
1476 5221 1539 5287 quia
1556 5235 1607 5274 em.
1627 5217 1692 5273 MS.
1889 5216 1930 5286 «7)
1948 5233 1980 5274 11
1998 5218 2142 5276 brouillon.
