4688 5910
248 380 400 455 nm
638 379 907 455 morasus
931 379 1223 452 euronotum
1244 379 1464 453 monas.
1509 378 1874 452 Psouueouuaa

1202 675 1267 745 111

880 820 1006 904 Deux
1036 818 1223 905 discours
1254 817 1447 903 d'adieux
1480 795 1603 903 1564.

401 1022 516 1089 Mense
537 1020 644 1106 Aprili
668 1024 748 1085 1564
778 1029 933 1106 vergente
954 1021 1111 1088 Calvinus
1137 1019 1223 1087 diem
1250 1043 1447 1106 supremum·
1465 1021 1526 1087 sibi
1551 1021 1700 1105 proxime
1728 1022 1905 1086 instantem
1934 1019 2077 1087 sentiens
2102 1020 2237 1088 condito

248 1141 443 1202 testamento
464 1134 553 1201 misit
573 1135 628 1217 qui
650 1140 789 1216 quatuor
814 1131 958 1218 syndiois
979 1133 1167 1217 cunctisque
1194 1135 1397 1201 senatoribus
1424 1134 1654 1218 significarent,
1684 1152 1802 1216 cupere
1829 1154 1873 1211 se,
1901 1139 2073 1215 antequam
2102 1155 2120 1199 e
2147 1135 2237 1200 vivis

249 1246 427 1327 excederet,
450 1245 555 1312 adhue
576 1246 677 1313 semel
698 1265 752 1311 eos
771 1265 884 1342 omnes
906 1245 942 1309 in
963 1245 1054 1310 curia
1076 1245 1278 1331 compellare,
1307 1267 1370 1330 quo
1391 1245 1546 1330 postridie
1568 1267 1602 1312 se
1627 1243 1863 1329 deportandum
1884 1252 2038 1327 speraret
2084 1245 2238 1330 Respon-

248 1359 369 1425 derunt
387 1357 435 1423 illi
457 1379 492 1424 se
513 1357 621 1442 potius
643 1356 685 1424 ad
706 1377 782 1424 eum
804 1364 968 1436 venturos,
994 1366 1213 1442 rogaruntque
1233 1366 1271 1423 ut
1292 1379 1371 1424 suae
1400 1357 1598 1424 valetudinis
1624 1359 1784 1424 rationem
1811 1356 1954 1423 haberet
1997 1356 2171 1438 Postridie,
2200 1358 2238 1422 id

248 1480 298 1538 eet
318 1469 348 1537 d
372 1473 411 1534 27
434 1471 565 1549 mensis,
594 1491 695 1553 quum
715 1468 756 1536 ed
779 1490 853 1535 eum
875 1489 987 1534 omnes
1016 1491 1034 1534 e
1061 1470 1151 1537 curia
1179 1470 1356 1549 venissent,
1384 1477 1497 1536 mutuo
1525 1470 1602 1536 data
1629 1476 1822 1552 acceptaque
1849 1470 1965 1547 salute,
1992 1472 2137 1535 oratione
2164 1478 2237 1536 tam

247 1583 339 1667 gravi
362 1590 395 1648 et
416 1580 541 1648 solenni
563 1602 618 1649 eos
639 1581 823 1665 alloquutus
844 1587 894 1647 est
915 1589 953 1646 ut
974 1601 1047 1646 eam
1068 1582 1180 1646 statim
1200 1581 1236 1646 in
1258 1584 1342 1648 Acta
1363 1582 1477 1648 referri
1498 1583 1662 1663 iusserint,
1690 1580 1778 1647 unde
1799 1602 1870 1647 eam
1895 1581 2089 1666 descriptam
2116 1582 2238 1665 depro-

246 1695 368 1761 mimus
399 1693 448 1780 (V
448 1694 488 1760 ol
518 1696 584 1780 59).
638 1693 748 1759 Etiam
781 1692 869 1759 Bene
903 1694 939 1759 in
967 1695 1046 1758 Vita
1076 1701 1144 1758 tam
1184 1693 1300 1778 gallice
1337 1715 1435 1779 quam
1472 1695 1573 1761 latine
1613 1695 1701 1762 edita
1734 1693 1870 1759 eandam
1908 1693 2011 1760 literis
2053 1694 2237 1774 mandavit.

248 1814 345 1892 atque
368 1828 411 1872 ex
438 1805 609 1873 collatione
634 1808 803 1893 utriusque
832 1805 1029 1873 recensionis
1055 1805 1149 1872 facile
1176 1806 1296 1871 efficies
1323 1807 1402 1872 satis
1430 1806 1495 1874 fida
1522 1808 1679 1873 memoria
1706 1814 1869 1874 servatam
1896 1807 2004 1872 fuisse.
2053 1806 2239 1891 Postquam

247 1920 348 1986 finem
369 1917 496 1985 dicendi
517 1920 601 1998 fecit,
622 1919 730 1986 Deum
752 1917 792 1986 Ο.
816 1920 861 1984 Μ.
884 1925 1035 2002 precatus
1056 1926 1106 1985 est
1127 1929 1166 1983 ut
1187 1938 1241 1983 eos
1266 1916 1334 1983 suis
1362 1916 1455 1984 donis
1483 1920 1663 1986 cumulatos
1689 1919 1805 2003 spiritu
1832 1928 1942 1985 sancto
1971 1917 2012 1984 ed
2038 1919 2239 2004 reipublicae

247 2031 386 2099 salutem
406 2031 611 2116 gubernaret,
632 2037 666 2096 et
687 2031 834 2115 praebita
854 2031 992 2116 singulis
1013 2029 1130 2097 dextra
1151 2036 1291 2096 moestos
1319 2051 1441 2111 omnes,
1469 2052 1530 2098 nec
1558 2031 1653 2098 aliter
1679 2031 1720 2097 ab
1747 2053 1784 2096 eo
1812 2052 1910 2114 quam
1939 2052 1959 2096 a
1985 2033 2149 2097 communi
2175 2053 2238 2116 pa·

250 2149 343 2211 rente
371 2165 446 2210 cam
473 2144 626 2229 lacrymis
654 2140 856 2210 discedentes
883 2141 1014 2209 dimisit.
1064 2142 1128 2208 Die
1154 2142 1304 2226 sequenti
1337 2143 1488 2209 similiter
1521 2144 1653 2228 collegis
1680 2143 1841 2223 omnibus,
1869 2142 2076 2210 Genevensis
2104 2141 2241 2211 ditionis

247 2255 406 2322 ministris
432 2254 474 2321 ad
507 2276 543 2321 se
571 2255 692 2322 vocetis
720 2255 891 2334 valedixit,
925 2261 1023 2339 atque
1054 2254 1140 2321 hane
1170 2253 1306 2320 alteram
1334 2256 1514 2321 orationem
1541 2277 1628 2322 unus
1652 2276 1693 2321 ex
1721 2276 1833 2320 eorum
1860 2276 2005 2336 numero,
2029 2256 2075 2321 Io.
2100 2256 2238 2335 Pinant,

246 2368 365 2451 scripto
387 2367 593 2452 consignavit
613 2373 646 2432 ot
667 2369 714 2434 sio
734 2367 909 2434 memoriae
929 2365 1080 2450 prodidit
1125 2365 1228 2432 Cuius
1249 2366 1386 2434 schedas
1408 2367 1614 2435 authenticas
1634 2364 1819 2451 possidebat
1837 2367 1913 2433 olim
1939 2367 2105 2435 Henrieus
2128 2370 2239 2435 'Pron-

246 2479 322 2546 ehin
341 2477 372 2546 b.
395 2500 438 2544 m.
468 2477 617 2545 tribunus
647 2479 798 2545 militarie
825 2479 903 2563 reip.
924 2479 1138 2557 Genevensis‚
1160 2480 1196 2542 in
1218 2479 1288 2545 vico
1308 2478 1464 2564 Larigny
1486 2479 1616 2564 degens.
1661 2478 1765 2545 Ouios
1788 2479 1829 2544 ad
1850 2478 1984 2546 archiva
2004 2501 2105 2563 quum
2126 2481 2240 2547 editus

247 2592 341 2659 nobis
368 2611 437 2657 non
465 2591 631 2675 patuisset,
660 2591 849 2676 simpliciter
875 2598 1004 2656 textum
1032 2589 1156 2670 damus,
1184 2590 1313 2674 qualem
1335 2591 1440 2657 Iulius
1460 2591 1593 2657 Bonnet
1613 2591 1655 2659 V.
1680 2589 1723 2655 D.
1753 2592 1875 2657 maiore
1902 2591 2130 2659 commoditate
2155 2614 2240 2660 usus

246 2701 348 2769 edidit
367 2703 403 2768 in
425 2701 543 2769 Lettres
561 2702 739 2786 freneticos
760 2703 796 2770 Τ.
819 2702 863 2769 Π.
887 2723 917 2786 p.
941 2705 1012 2767 573.
