<?xml version="1.0" encoding="UTF-8"?>
<!DOCTYPE html PUBLIC "-//W3C//DTD XHTML 1.0 Transitional//EN"
    "http://www.w3.org/TR/xhtml1/DTD/xhtml1-transitional.dtd">
<html xmlns="http://www.w3.org/1999/xhtml" xml:lang="en" lang="en">
 <head>
  <title>
</title>
<meta http-equiv="Content-Type" content="text/html;charset=utf-8" />
  <meta name='ocr-system' content='tesseract 3.04.00' />
  <meta name='ocr-capabilities' content='ocr_page ocr_carea ocr_par ocr_line ocrx_word'/>
</head>
<body>
  <div class='ocr_page' id='page_1' title='image "./ioanniscalvinio01reusgoog_0152.png"; bbox 0 0 4776 5844; ppageno 0'>
   <div class='ocr_carea' id='block_1_1' title="bbox 236 245 2238 323">
    <p class='ocr_par' dir='ltr' id='par_1_1' title="bbox 236 245 2238 323">
     <span class='ocr_line' id='line_1_1' title="bbox 236 245 2238 323; baseline -0.004 -2"><span class='ocrx_word' id='word_1_1' title='bbox 236 255 295 323; x_wconf 74' lang='lat'>187</span> <span class='ocrx_word' id='word_1_2' title='bbox 1000 246 1182 316; x_wconf 68' lang='lat' dir='ltr'>[tumus</span> <span class='ocrx_word' id='word_1_3' title='bbox 1204 245 1470 314; x_wconf 79' lang='lat' dir='ltr'>ADMONI&#39;mo</span> <span class='ocrx_word' id='word_1_4' title='bbox 2175 252 2238 313; x_wconf 82' lang='lat'>188</span> 
     </span>
    </p>
   </div>
   <div class='ocr_carea' id='block_1_2' title="bbox 204 435 2240 5247">
    <p class='ocr_par' dir='ltr' id='par_1_2' title="bbox 204 435 2240 5247">
     <span class='ocr_line' id='line_1_2' title="bbox 235 435 2240 529; baseline -0.002 -20"><span class='ocrx_word' id='word_1_5' title='bbox 235 444 318 529; x_wconf 89' lang='lat' dir='ltr'>quod</span> <span class='ocrx_word' id='word_1_6' title='bbox 348 441 524 527; x_wconf 88' lang='lat' dir='ltr'>promittit,</span> <span class='ocrx_word' id='word_1_7' title='bbox 559 448 592 506; x_wconf 92' lang='lat' dir='ltr'>et</span> <span class='ocrx_word' id='word_1_8' title='bbox 619 452 654 506; x_wconf 89' lang='lat' dir='ltr'>re</span> <span class='ocrx_word' id='word_1_9' title='bbox 684 439 756 524; x_wconf 88' lang='lat' dir='ltr'>ipsa</span> <span class='ocrx_word' id='word_1_10' title='bbox 790 444 935 523; x_wconf 88' lang='lat' dir='ltr'>praestet</span> <span class='ocrx_word' id='word_1_11' title='bbox 962 437 1048 521; x_wconf 92' lang='lat' dir='ltr'>qnod</span> <span class='ocrx_word' id='word_1_12' title='bbox 1075 438 1207 520; x_wconf 85' lang='lat' dir='ltr'>figurat,</span> <span class='ocrx_word' id='word_1_13' title='bbox 1260 436 1390 501; x_wconf 80' lang='lat' dir='ltr'>risibile</span> <span class='ocrx_word' id='word_1_14' title='bbox 1411 446 1454 522; x_wconf 25' lang='lat' dir='ltr'>,et</span> <span class='ocrx_word' id='word_1_15' title='bbox 1477 437 1630 503; x_wconf 84' lang='lat' dir='ltr'>mortale:</span> <span class='ocrx_word' id='word_1_16' title='bbox 1660 435 1738 504; x_wconf 86' lang='lat' dir='ltr'>alibi</span> <span class='ocrx_word' id='word_1_17' title='bbox 1766 447 1890 518; x_wconf 87' lang='lat' dir='ltr'>autem,</span> <span class='ocrx_word' id='word_1_18' title='bbox 1920 439 1971 504; x_wconf 74' lang='lat' dir='ltr'>vel</span> <span class='ocrx_word' id='word_1_19' title='bbox 2000 455 2180 522; x_wconf 76' lang='lat' dir='ltr'><strong>nusquam,</strong></span> <span class='ocrx_word' id='word_1_20' title='bbox 2204 444 2240 504; x_wconf 67' lang='grc' dir='ltr'><strong>α</strong></span> 
     </span>
     <span class='ocr_line' id='line_1_3' title="bbox 234 523 2238 611; baseline -0.003 -15"><span class='ocrx_word' id='word_1_21' title='bbox 234 551 301 596; x_wconf 90' lang='lat' dir='ltr'>non</span> <span class='ocrx_word' id='word_1_22' title='bbox 324 539 436 593; x_wconf 89' lang='lat' dir='ltr'>tamen</span> <span class='ocrx_word' id='word_1_23' title='bbox 457 527 596 611; x_wconf 82' lang='lat' dir='ltr'>astringi</span> <span class='ocrx_word' id='word_1_24' title='bbox 617 526 689 592; x_wconf 90' lang='lat' dir='ltr'>eius</span> <span class='ocrx_word' id='word_1_25' title='bbox 710 525 812 591; x_wconf 87' lang='lat' dir='ltr'>verba</span> <span class='ocrx_word' id='word_1_26' title='bbox 833 525 874 590; x_wconf 90' lang='lat' dir='ltr'>ad</span> <span class='ocrx_word' id='word_1_27' title='bbox 893 546 1005 590; x_wconf 91' lang='lat' dir='ltr'>eorum</span> <span class='ocrx_word' id='word_1_28' title='bbox 1017 523 1208 605; x_wconf 76' lang='lat' dir='ltr'>crassitiem,</span> <span class='ocrx_word' id='word_1_29' title='bbox 1258 530 1372 588; x_wconf 85' lang='lat' dir='ltr'>tamen</span> <span class='ocrx_word' id='word_1_30' title='bbox 1401 523 1499 589; x_wconf 89' lang='lat' dir='ltr'>simul</span> <span class='ocrx_word' id='word_1_31' title='bbox 1527 524 1649 606; x_wconf 86' lang='lat' dir='ltr'>ubique</span> <span class='ocrx_word' id='word_1_32' title='bbox 1677 523 1840 590; x_wconf 89' lang='lat' dir='ltr'>occultum</span> <span class='ocrx_word' id='word_1_33' title='bbox 1869 534 1903 589; x_wconf 89' lang='lat' dir='ltr'>et</span> <span class='ocrx_word' id='word_1_34' title='bbox 1956 524 2040 590; x_wconf 88' lang='lat' dir='ltr'>laria</span> <span class='ocrx_word' id='word_1_35' title='bbox 2069 545 2132 590; x_wconf 90' lang='lat' dir='ltr'>sua</span> <span class='ocrx_word' id='word_1_36' title='bbox 2146 561 2147 566; x_wconf 52' lang='lat'>.</span> <span class='ocrx_word' id='word_1_37' title='bbox 2162 542 2238 589; x_wconf 85' lang='lat' dir='ltr'>ooo-</span> 
     </span>
     <span class='ocr_line' id='line_1_4' title="bbox 234 605 2239 700; baseline -0.002 -20"><span class='ocrx_word' id='word_1_38' title='bbox 234 617 288 700; x_wconf 92' lang='lat' dir='ltr'>qui</span> <span class='ocrx_word' id='word_1_39' title='bbox 310 615 428 681; x_wconf 84' lang='lat' dir='ltr'>volunt</span> <span class='ocrx_word' id='word_1_40' title='bbox 448 631 567 699; x_wconf 87' lang='lat' dir='ltr'>panem</span> <span class='ocrx_word' id='word_1_41' title='bbox 589 613 673 676; x_wconf 89' lang='lat' dir='ltr'>nihil</span> <span class='ocrx_word' id='word_1_42' title='bbox 697 634 716 677; x_wconf 90' lang='lat' dir='ltr'>a</span> <span class='ocrx_word' id='word_1_43' title='bbox 737 631 871 695; x_wconf 89' lang='lat' dir='ltr'>corpore</span> <span class='ocrx_word' id='word_1_44' title='bbox 893 610 1033 675; x_wconf 85' lang='lat' dir='ltr'>differre.</span> <span class='ocrx_word' id='word_1_45' title='bbox 1078 607 1207 674; x_wconf 72' lang='lat' dir='ltr'>vAddam</span> <span class='ocrx_word' id='word_1_46' title='bbox 1259 607 1336 674; x_wconf 92' lang='lat' dir='ltr'>lesti</span> <span class='ocrx_word' id='word_1_47' title='bbox 1352 608 1547 691; x_wconf 88' lang='lat' dir='ltr'>praeditum,</span> <span class='ocrx_word' id='word_1_48' title='bbox 1565 609 1697 674; x_wconf 87' lang='lat' dir='ltr'>latebat.</span> <span class='ocrx_word' id='word_1_49' title='bbox 1730 610 1908 677; x_wconf 85' lang='lat' dir='ltr'>Inteream</span> <span class='ocrx_word' id='word_1_50' title='bbox 1952 631 2009 675; x_wconf 88' lang='lat' dir='ltr'>nm</span> <span class='ocrx_word' id='word_1_51' title='bbox 2031 605 2239 694; x_wconf 82' lang='lat' dir='ltr'>praesentiae</span> 
     </span>
     <span class='ocr_line' id='line_1_5' title="bbox 235 693 2238 783; baseline -0.002 -16"><span class='ocrx_word' id='word_1_52' title='bbox 235 712 268 767; x_wconf 87' lang='lat' dir='ltr'>et</span> <span class='ocrx_word' id='word_1_53' title='bbox 302 701 364 766; x_wconf 91' lang='lat' dir='ltr'>hoc</span> <span class='ocrx_word' id='word_1_54' title='bbox 395 712 611 783; x_wconf 82' lang='lat' dir='ltr'>prostremam</span> <span class='ocrx_word' id='word_1_55' title='bbox 648 696 688 763; x_wconf 89' lang='lat' dir='ltr'>de</span> <span class='ocrx_word' id='word_1_56' title='bbox 717 695 817 762; x_wconf 85' lang='lat' dir='ltr'>verbo</span> <span class='ocrx_word' id='word_1_57' title='bbox 847 696 1066 762; x_wconf 88' lang='lat' dir='ltr'>substantivo:</span> <span class='ocrx_word' id='word_1_58' title='bbox 1102 716 1207 778; x_wconf 83' lang='lat' dir='ltr'>neque</span> <span class='ocrx_word' id='word_1_59' title='bbox 1260 693 1360 759; x_wconf 89' lang='lat' dir='ltr'>alium</span> <span class='ocrx_word' id='word_1_60' title='bbox 1388 694 1577 771; x_wconf 82' lang='lat' dir='ltr'>definimus,</span> <span class='ocrx_word' id='word_1_61' title='bbox 1611 714 1707 778; x_wconf 84' lang='lat' dir='ltr'>quam</span> <span class='ocrx_word' id='word_1_62' title='bbox 1735 698 1901 762; x_wconf 85' lang='lat' dir='ltr'>somniant</span> <span class='ocrx_word' id='word_1_63' title='bbox 1922 696 2238 781; x_wconf 73' lang='lat' dir='ltr'>Magdaburgmses</span> 
     </span>
     <span class='ocr_line' id='line_1_6' title="bbox 234 780 2238 867; baseline -0.002 -16"><span class='ocrx_word' id='word_1_64' title='bbox 234 787 321 852; x_wconf 86' lang='lat' dir='ltr'>enim</span> <span class='ocrx_word' id='word_1_65' title='bbox 354 787 463 850; x_wconf 91' lang='lat' dir='ltr'>minus</span> <span class='ocrx_word' id='word_1_66' title='bbox 496 785 532 849; x_wconf 91' lang='lat' dir='ltr'>in</span> <span class='ocrx_word' id='word_1_67' title='bbox 566 804 651 848; x_wconf 89' lang='lat' dir='ltr'>novo</span> <span class='ocrx_word' id='word_1_68' title='bbox 680 790 875 850; x_wconf 86' lang='lat' dir='ltr'>testamento</span> <span class='ocrx_word' id='word_1_69' title='bbox 904 782 1041 848; x_wconf 89' lang='lat' dir='ltr'>ecclesia</span> <span class='ocrx_word' id='word_1_70' title='bbox 1073 791 1208 847; x_wconf 86' lang='lat' dir='ltr'>vocatur</span> <span class='ocrx_word' id='word_1_71' title='bbox 1259 780 1373 863; x_wconf 85' lang='lat' dir='ltr'>Neque</span> <span class='ocrx_word' id='word_1_72' title='bbox 1395 782 1484 846; x_wconf 89' lang='lat' dir='ltr'>enim</span> <span class='ocrx_word' id='word_1_73' title='bbox 1506 788 1544 845; x_wconf 92' lang='lat' dir='ltr'>ut</span> <span class='ocrx_word' id='word_1_74' title='bbox 1563 783 1731 864; x_wconf 87' lang='lat' dir='ltr'>potiamur</span> <span class='ocrx_word' id='word_1_75' title='bbox 1746 802 1845 848; x_wconf 83' lang='lat' dir='ltr'>carne</span> <span class='ocrx_word' id='word_1_76' title='bbox 1863 792 1896 847; x_wconf 86' lang='lat' dir='ltr'>et</span> <span class='ocrx_word' id='word_1_77' title='bbox 1916 783 2078 867; x_wconf 85' lang='lat' dir='ltr'>sauguine</span> <span class='ocrx_word' id='word_1_78' title='bbox 2091 781 2238 861; x_wconf 90' lang='lat' dir='ltr'>Domini,</span> 
     </span>
     <span class='ocr_line' id='line_1_7' title="bbox 234 866 2237 954; baseline -0.002 -16"><span class='ocrx_word' id='word_1_79' title='bbox 234 870 404 950; x_wconf 84' lang='lat' dir='ltr'>Christus,</span> <span class='ocrx_word' id='word_1_80' title='bbox 432 891 530 954; x_wconf 90' lang='lat' dir='ltr'>quam</span> <span class='ocrx_word' id='word_1_81' title='bbox 558 870 653 954; x_wconf 87' lang='lat' dir='ltr'>panis</span> <span class='ocrx_word' id='word_1_82' title='bbox 674 891 800 953; x_wconf 92' lang='lat' dir='ltr'>eorpus.</span> <span class='ocrx_word' id='word_1_83' title='bbox 853 868 964 934; x_wconf 86' lang='lat' dir='ltr'>Verba</span> <span class='ocrx_word' id='word_1_84' title='bbox 992 867 1089 933; x_wconf 91' lang='lat' dir='ltr'>Pauli</span> <span class='ocrx_word' id='word_1_85' title='bbox 1112 875 1206 932; x_wconf 89' lang='lat' dir='ltr'>sunt:</span> <span class='ocrx_word' id='word_1_86' title='bbox 1258 868 1430 949; x_wconf 88' lang='lat' dir='ltr'>utriusque</span> <span class='ocrx_word' id='word_1_87' title='bbox 1453 866 1645 932; x_wconf 87' lang='lat' dir='ltr'>descensum</span> <span class='ocrx_word' id='word_1_88' title='bbox 1675 867 1717 931; x_wconf 90' lang='lat' dir='ltr'>ad</span> <span class='ocrx_word' id='word_1_89' title='bbox 1738 889 1801 934; x_wconf 90' lang='lat' dir='ltr'>nos</span> <span class='ocrx_word' id='word_1_90' title='bbox 1820 869 1994 952; x_wconf 83' lang='lat' dir='ltr'>imaginari</span> <span class='ocrx_word' id='word_1_91' title='bbox 2016 889 2151 934; x_wconf 76' lang='lat' dir='ltr'>moeses</span> <span class='ocrx_word' id='word_1_92' title='bbox 2174 876 2237 933; x_wconf 78' lang='lat' dir='ltr'>sat:</span> 
     </span>
     <span class='ocr_line' id='line_1_8' title="bbox 234 952 2240 1040; baseline -0.002 -16"><span class='ocrx_word' id='word_1_93' title='bbox 234 956 341 1024; x_wconf 83' lang='lat' dir='ltr'>Sicuti</span> <span class='ocrx_word' id='word_1_94' title='bbox 367 956 514 1022; x_wconf 89' lang='lat' dir='ltr'>membra</span> <span class='ocrx_word' id='word_1_95' title='bbox 543 955 685 1040; x_wconf 88' lang='lat' dir='ltr'>eorporis</span> <span class='ocrx_word' id='word_1_96' title='bbox 720 957 834 1033; x_wconf 89' lang='lat' dir='ltr'>unius,</span> <span class='ocrx_word' id='word_1_97' title='bbox 870 975 970 1038; x_wconf 88' lang='lat' dir='ltr'>quum</span> <span class='ocrx_word' id='word_1_98' title='bbox 1000 953 1103 1018; x_wconf 88' lang='lat' dir='ltr'>multa</span> <span class='ocrx_word' id='word_1_99' title='bbox 1132 954 1207 1032; x_wconf 89' lang='lat' dir='ltr'>sint,</span> <span class='ocrx_word' id='word_1_100' title='bbox 1258 952 1389 1034; x_wconf 91' lang='lat' dir='ltr'>quando</span> <span class='ocrx_word' id='word_1_101' title='bbox 1421 952 1470 1017; x_wconf 89' lang='lat' dir='ltr'>ad·</span> <span class='ocrx_word' id='word_1_102' title='bbox 1494 953 1756 1019; x_wconf 87' lang='lat' dir='ltr'>coniunctionem</span> <span class='ocrx_word' id='word_1_103' title='bbox 1790 955 1914 1020; x_wconf 84' lang='lat' dir='ltr'>sufficit</span> <span class='ocrx_word' id='word_1_104' title='bbox 1947 973 2066 1020; x_wconf 87' lang='lat' dir='ltr'>aroana</span> <span class='ocrx_word' id='word_1_105' title='bbox 2100 955 2240 1038; x_wconf 82' lang='lat' dir='ltr'>spiritns</span> 
     </span>
     <span class='ocr_line' id='line_1_9' title="bbox 233 1040 1374 1126; baseline -0.006 -16"><span class='ocrx_word' id='word_1_106' title='bbox 233 1066 337 1110; x_wconf 88' lang='lat' dir='ltr'>unum</span> <span class='ocrx_word' id='word_1_107' title='bbox 357 1050 436 1108; x_wconf 89' lang='lat' dir='ltr'>sunt</span> <span class='ocrx_word' id='word_1_108' title='bbox 457 1064 589 1126; x_wconf 90' lang='lat' dir='ltr'>corpus,</span> <span class='ocrx_word' id='word_1_109' title='bbox 619 1041 665 1108; x_wconf 89' lang='lat' dir='ltr'>sic</span> <span class='ocrx_word' id='word_1_110' title='bbox 687 1046 722 1106; x_wconf 89' lang='lat' dir='ltr'>et</span> <span class='ocrx_word' id='word_1_111' title='bbox 742 1041 895 1107; x_wconf 87' lang='lat' dir='ltr'>Christus</span> <span class='ocrx_word' id='word_1_112' title='bbox 922 1041 953 1121; x_wconf 90' lang='lat'>(1</span> <span class='ocrx_word' id='word_1_113' title='bbox 976 1040 1051 1105; x_wconf 84' lang='lat' dir='ltr'>Cor.</span> <span class='ocrx_word' id='word_1_114' title='bbox 1073 1043 1121 1118; x_wconf 77' lang='lat'>12,</span> <span class='ocrx_word' id='word_1_115' title='bbox 1145 1040 1206 1120; x_wconf 78' lang='lat'>12).</span> <span class='ocrx_word' id='word_1_116' title='bbox 1257 1040 1374 1103; x_wconf 81' lang='lat' dir='ltr'>virtus.</span> 
     </span>
     <span class='ocr_line' id='line_1_10' title="bbox 232 1122 2236 1212; baseline -0.003 -16"><span class='ocrx_word' id='word_1_117' title='bbox 232 1129 351 1196; x_wconf 55' lang='lat' dir='ltr'>Si‘illa</span> <span class='ocrx_word' id='word_1_118' title='bbox 373 1138 422 1193; x_wconf 86' lang='lat' dir='ltr'>est</span> <span class='ocrx_word' id='word_1_119' title='bbox 442 1148 528 1194; x_wconf 86' lang='lat' dir='ltr'>nova</span> <span class='ocrx_word' id='word_1_120' title='bbox 548 1127 705 1212; x_wconf 82' lang='lat' dir='ltr'>loquutio,</span> <span class='ocrx_word' id='word_1_121' title='bbox 727 1126 889 1193; x_wconf 90' lang='lat' dir='ltr'>oui&#39;uulla</span> <span class='ocrx_word' id='word_1_122' title='bbox 901 1127 1064 1210; x_wconf 86' lang='lat' dir='ltr'>reperitur</span> <span class='ocrx_word' id='word_1_123' title='bbox 1081 1125 1206 1204; x_wconf 91' lang='lat' dir='ltr'>similis,</span> <span class='ocrx_word' id='word_1_124' title='bbox 1346 1123 1585 1190; x_wconf 88' lang='lat' dir='ltr'>Duodecimum</span> <span class='ocrx_word' id='word_1_125' title='bbox 1625 1122 1879 1190; x_wconf 80' lang='lat' dir='ltr'>fundamentum</span> <span class='ocrx_word' id='word_1_126' title='bbox 1928 1127 2046 1191; x_wconf 85' lang='lat' dir='ltr'>misere</span> <span class='ocrx_word' id='word_1_127' title='bbox 2093 1125 2236 1190; x_wconf 79' lang='lat' dir='ltr'>vacillat</span> 
     </span>
     <span class='ocr_line' id='line_1_11' title="bbox 233 1211 2238 1296; baseline -0.002 -16"><span class='ocrx_word' id='word_1_128' title='bbox 233 1213 409 1286; x_wconf 83' lang='lat' dir='ltr'>discrimen</span> <span class='ocrx_word' id='word_1_129' title='bbox 430 1215 512 1279; x_wconf 91' lang='lat' dir='ltr'>mihi</span> <span class='ocrx_word' id='word_1_130' title='bbox 541 1212 729 1292; x_wconf 77' lang='lat' dir='ltr'>ostendant,</span> <span class='ocrx_word' id='word_1_131' title='bbox 758 1234 799 1277; x_wconf 90' lang='lat' dir='ltr'>ne</span> <span class='ocrx_word' id='word_1_132' title='bbox 833 1211 945 1278; x_wconf 89' lang='lat' dir='ltr'>eodem</span> <span class='ocrx_word' id='word_1_133' title='bbox 973 1213 1044 1277; x_wconf 86' lang='lat' dir='ltr'>iure</span> <span class='ocrx_word' id='word_1_134' title='bbox 1072 1219 1206 1277; x_wconf 87' lang='lat' dir='ltr'>conten·</span> <span class='ocrx_word' id='word_1_135' title='bbox 1258 1211 1351 1276; x_wconf 85' lang='lat' dir='ltr'>Haec</span> <span class='ocrx_word' id='word_1_136' title='bbox 1373 1231 1485 1275; x_wconf 87' lang='lat' dir='ltr'>eorum</span> <span class='ocrx_word' id='word_1_137' title='bbox 1508 1218 1587 1276; x_wconf 89' lang='lat' dir='ltr'>sunt</span> <span class='ocrx_word' id='word_1_138' title='bbox 1608 1211 1722 1276; x_wconf 72' lang='lat' dir='ltr'>umba:</span> <span class='ocrx_word' id='word_1_139' title='bbox 1742 1211 1781 1276; x_wconf 90' lang='lat' dir='ltr'>in</span> <span class='ocrx_word' id='word_1_140' title='bbox 1801 1212 1905 1277; x_wconf 87' lang='lat' dir='ltr'>altera</span> <span class='ocrx_word' id='word_1_141' title='bbox 1925 1221 2019 1296; x_wconf 78' lang='lat' dir='ltr'>parta</span> <span class='ocrx_word' id='word_1_142' title='bbox 2043 1211 2238 1277; x_wconf 80' lang='lat' dir='ltr'>huiuscoo·</span> 
     </span>
     <span class='ocr_line' id='line_1_12' title="bbox 232 1297 2237 1382; baseline -0.002 -16"><span class='ocrx_word' id='word_1_143' title='bbox 232 1302 309 1369; x_wconf 86' lang='lat' dir='ltr'>dere</span> <span class='ocrx_word' id='word_1_144' title='bbox 336 1301 418 1365; x_wconf 93' lang='lat' dir='ltr'>mihi</span> <span class='ocrx_word' id='word_1_145' title='bbox 442 1299 553 1377; x_wconf 82' lang='lat' dir='ltr'>liceat,</span> <span class='ocrx_word' id='word_1_146' title='bbox 584 1321 644 1365; x_wconf 90' lang='lat' dir='ltr'>nos</span> <span class='ocrx_word' id='word_1_147' title='bbox 673 1319 786 1363; x_wconf 90' lang='lat' dir='ltr'>omnes</span> <span class='ocrx_word' id='word_1_148' title='bbox 812 1319 891 1363; x_wconf 84' lang='lat' dir='ltr'>vere</span> <span class='ocrx_word' id='word_1_149' title='bbox 919 1297 1109 1382; x_wconf 87' lang='lat' dir='ltr'>etproprie</span> <span class='ocrx_word' id='word_1_150' title='bbox 1136 1318 1206 1361; x_wconf 89' lang='lat' dir='ltr'>esse</span> <span class='ocrx_word' id='word_1_151' title='bbox 1258 1319 1320 1362; x_wconf 88' lang='lat' dir='ltr'>uae</span> <span class='ocrx_word' id='word_1_152' title='bbox 1341 1317 1408 1361; x_wconf 90' lang='lat' dir='ltr'>non</span> <span class='ocrx_word' id='word_1_153' title='bbox 1430 1297 1536 1360; x_wconf 89' lang='lat' dir='ltr'>variat</span> <span class='ocrx_word' id='word_1_154' title='bbox 1563 1297 1686 1375; x_wconf 86' lang='lat' dir='ltr'>verbis,</span> <span class='ocrx_word' id='word_1_155' title='bbox 1714 1297 1772 1363; x_wconf 90' lang='lat' dir='ltr'>sed</span> <span class='ocrx_word' id='word_1_156' title='bbox 1801 1298 1921 1362; x_wconf 84' lang='lat' dir='ltr'>iterum</span> <span class='ocrx_word' id='word_1_157' title='bbox 1943 1297 2083 1363; x_wconf 83' lang='lat' dir='ltr'>dilucide</span> <span class='ocrx_word' id='word_1_158' title='bbox 2106 1305 2147 1362; x_wconf 82' lang='lat' dir='ltr'>et</span> <span class='ocrx_word' id='word_1_159' title='bbox 2171 1297 2237 1362; x_wconf 79' lang='lat' dir='ltr'>dia·</span> 
     </span>
     <span class='ocr_line' id='line_1_13' title="bbox 225 1379 2236 1469; baseline -0.004 -15"><span class='ocrx_word' id='word_1_160' title='bbox 225 1379 421 1467; x_wconf 75' lang='lat' dir='ltr'><strong>Christum,</strong></span> <span class='ocrx_word' id='word_1_161' title='bbox 456 1392 519 1469; x_wconf 85' lang='lat' dir='ltr'>quo</span> <span class='ocrx_word' id='word_1_162' title='bbox 552 1385 616 1469; x_wconf 90' lang='lat' dir='ltr'>ipsi</span> <span class='ocrx_word' id='word_1_163' title='bbox 643 1391 794 1451; x_wconf 87' lang='lat' dir='ltr'>asserunt</span> <span class='ocrx_word' id='word_1_164' title='bbox 821 1404 939 1468; x_wconf 90' lang='lat' dir='ltr'>panem</span> <span class='ocrx_word' id='word_1_165' title='bbox 975 1404 1046 1449; x_wconf 89' lang='lat' dir='ltr'>esse</span> <span class='ocrx_word' id='word_1_166' title='bbox 1079 1403 1205 1466; x_wconf 90' lang='lat' dir='ltr'>corpus.</span> <span class='ocrx_word' id='word_1_167' title='bbox 1257 1383 1361 1466; x_wconf 83' lang='lat' dir='ltr'>tincte</span> <span class='ocrx_word' id='word_1_168' title='bbox 1382 1382 1496 1446; x_wconf 89' lang='lat' dir='ltr'>eadem</span> <span class='ocrx_word' id='word_1_169' title='bbox 1519 1383 1653 1465; x_wconf 90' lang='lat' dir='ltr'>repetit:</span> <span class='ocrx_word' id='word_1_170' title='bbox 1687 1383 1753 1448; x_wconf 89' lang='lat' dir='ltr'>Hic</span> <span class='ocrx_word' id='word_1_171' title='bbox 1782 1392 1833 1448; x_wconf 90' lang='lat' dir='ltr'>est</span> <span class='ocrx_word' id='word_1_172' title='bbox 1858 1385 1994 1468; x_wconf 86' lang='lat' dir='ltr'>sanguis</span> <span class='ocrx_word' id='word_1_173' title='bbox 2017 1401 2120 1449; x_wconf 89' lang='lat' dir='ltr'>meus.</span> <span class='ocrx_word' id='word_1_174' title='bbox 2173 1383 2236 1448; x_wconf 89' lang='lat' dir='ltr'>Vel</span> 
     </span>
     <span class='ocr_line' id='line_1_14' title="bbox 233 1467 2236 1554; baseline -0.002 -16"><span class='ocrx_word' id='word_1_175' title='bbox 233 1472 348 1538; x_wconf 75' lang='lat' dir='ltr'>Talem</span> <span class='ocrx_word' id='word_1_176' title='bbox 370 1493 441 1536; x_wconf 89' lang='lat' dir='ltr'>esse</span> <span class='ocrx_word' id='word_1_177' title='bbox 463 1470 633 1536; x_wconf 87' lang='lat' dir='ltr'>Christum</span> <span class='ocrx_word' id='word_1_178' title='bbox 654 1472 849 1554; x_wconf 75' lang='lat' dir='ltr'>pronunciat</span> <span class='ocrx_word' id='word_1_179' title='bbox 869 1469 1006 1547; x_wconf 89' lang='lat' dir='ltr'>Paulus,</span> <span class='ocrx_word' id='word_1_180' title='bbox 1029 1469 1135 1552; x_wconf 85' lang='lat' dir='ltr'>qualis</span> <span class='ocrx_word' id='word_1_181' title='bbox 1157 1477 1221 1534; x_wconf 90' lang='lat' dir='ltr'>est.</span> <span class='ocrx_word' id='word_1_182' title='bbox 1260 1469 1314 1534; x_wconf 91' lang='lat' dir='ltr'>hic</span> <span class='ocrx_word' id='word_1_183' title='bbox 1336 1467 1497 1533; x_wconf 85' lang='lat' dir='ltr'>saltemfi</span> <span class='ocrx_word' id='word_1_184' title='bbox 1545 1467 1815 1534; x_wconf 83' lang='lat' dir='ltr'>rassetChristus</span> <span class='ocrx_word' id='word_1_185' title='bbox 1879 1469 2018 1547; x_wconf 86' lang='lat' dir='ltr'>ululum,</span> <span class='ocrx_word' id='word_1_186' title='bbox 2041 1471 2069 1534; x_wconf 88' lang='lat' dir='ltr'>si</span> <span class='ocrx_word' id='word_1_187' title='bbox 2090 1479 2160 1533; x_wconf 77' lang='lat' dir='ltr'>&#39;non</span> <span class='ocrx_word' id='word_1_188' title='bbox 2183 1489 2236 1534; x_wconf 87' lang='lat' dir='ltr'>res</span> 
     </span>
     <span class='ocr_line' id='line_1_15' title="bbox 233 1553 2237 1639; baseline -0.002 -15"><span class='ocrx_word' id='word_1_189' title='bbox 233 1559 392 1624; x_wconf 78' lang='lat' dir='ltr'>connexio</span> <span class='ocrx_word' id='word_1_190' title='bbox 415 1561 489 1636; x_wconf 81' lang='lat' dir='ltr'>[pag.</span> <span class='ocrx_word' id='word_1_191' title='bbox 505 1560 578 1636; x_wconf 82' lang='lat'>137]</span> <span class='ocrx_word' id='word_1_192' title='bbox 601 1557 745 1639; x_wconf 89' lang='lat' dir='ltr'>corporis</span> <span class='ocrx_word' id='word_1_193' title='bbox 762 1557 861 1622; x_wconf 89' lang='lat' dir='ltr'>unius</span> <span class='ocrx_word' id='word_1_194' title='bbox 880 1577 920 1621; x_wconf 90' lang='lat' dir='ltr'>ex</span> <span class='ocrx_word' id='word_1_195' title='bbox 938 1556 1086 1639; x_wconf 85' lang='lat' dir='ltr'>pluribus</span> <span class='ocrx_word' id='word_1_196' title='bbox 1104 1576 1207 1619; x_wconf 89' lang='lat' dir='ltr'>mem·</span> <span class='ocrx_word' id='word_1_197' title='bbox 1257 1556 1355 1638; x_wconf 87' lang='lat' dir='ltr'>ipsas</span> <span class='ocrx_word' id='word_1_198' title='bbox 1378 1553 1418 1618; x_wconf 90' lang='lat' dir='ltr'>de</span> <span class='ocrx_word' id='word_1_199' title='bbox 1446 1554 1563 1637; x_wconf 89' lang='lat' dir='ltr'>quius</span> <span class='ocrx_word' id='word_1_200' title='bbox 1596 1553 1740 1637; x_wconf 78' lang='lat' dir='ltr'>loquitur</span> <span class='ocrx_word' id='word_1_201' title='bbox 1848 1555 1968 1621; x_wconf 84' lang='lat' dir='ltr'>idisset</span> <span class='ocrx_word' id='word_1_202' title='bbox 2023 1556 2109 1620; x_wconf 86' lang='lat' dir='ltr'>Rem</span> <span class='ocrx_word' id='word_1_203' title='bbox 2139 1555 2237 1638; x_wconf 83' lang='lat' dir='ltr'>louge</span> 
     </span>
     <span class='ocr_line' id='line_1_16' title="bbox 224 1632 2236 1725; baseline -0.003 -16"><span class='ocrx_word' id='word_1_204' title='bbox 224 1632 309 1710; x_wconf 79' lang='lat' dir='ltr'>&#39;bris</span> <span class='ocrx_word' id='word_1_205' title='bbox 353 1642 483 1708; x_wconf 77' lang='lat' dir='ltr'>&#39;l&#39;alisne</span> <span class='ocrx_word' id='word_1_206' title='bbox 501 1642 685 1725; x_wconf 84' lang='lat' dir='ltr'>reperietur</span> <span class='ocrx_word' id='word_1_207' title='bbox 702 1641 856 1708; x_wconf 90' lang='lat' dir='ltr'>Christus</span> <span class='ocrx_word' id='word_1_208' title='bbox 876 1642 910 1705; x_wconf 91' lang='lat' dir='ltr'>in</span> <span class='ocrx_word' id='word_1_209' title='bbox 934 1641 990 1706; x_wconf 81' lang='lat' dir='ltr'>se?</span> <span class='ocrx_word' id='word_1_210' title='bbox 1034 1640 1105 1705; x_wconf 90' lang='lat' dir='ltr'>Nisi</span> <span class='ocrx_word' id='word_1_211' title='bbox 1129 1660 1207 1724; x_wconf 90' lang='lat' dir='ltr'>ergo</span> <span class='ocrx_word' id='word_1_212' title='bbox 1259 1640 1435 1704; x_wconf 89' lang='lat' dir='ltr'>maximam</span> <span class='ocrx_word' id='word_1_213' title='bbox 1464 1639 1610 1704; x_wconf 91' lang='lat' dir='ltr'>ordinat:</span> <span class='ocrx_word' id='word_1_214' title='bbox 1647 1639 1721 1705; x_wconf 90' lang='lat' dir='ltr'>ideo</span> <span class='ocrx_word' id='word_1_215' title='bbox 1749 1643 1847 1719; x_wconf 87' lang='lat' dir='ltr'>serio,</span> <span class='ocrx_word' id='word_1_216' title='bbox 1881 1663 1950 1706; x_wconf 90' lang='lat' dir='ltr'>non</span> <span class='ocrx_word' id='word_1_217' title='bbox 1976 1641 2131 1707; x_wconf 74' lang='lat' dir='ltr'>simulate</span> <span class='ocrx_word' id='word_1_218' title='bbox 2158 1644 2236 1719; x_wconf 72' lang='lat' dir='ltr'>[pag.</span> 
     </span>
     <span class='ocr_line' id='line_1_17' title="bbox 233 1725 2236 1814; baseline -0.002 -18"><span class='ocrx_word' id='word_1_219' title='bbox 233 1731 406 1797; x_wconf 82' lang='lat' dir='ltr'>confusum</span> <span class='ocrx_word' id='word_1_220' title='bbox 428 1727 581 1814; x_wconf 87' lang='lat' dir='ltr'>fingendo</span> <span class='ocrx_word' id='word_1_221' title='bbox 603 1729 717 1806; x_wconf 88' lang='lat' dir='ltr'>chaos,</span> <span class='ocrx_word' id='word_1_222' title='bbox 749 1728 853 1793; x_wconf 88' lang='lat' dir='ltr'>velint</span> <span class='ocrx_word' id='word_1_223' title='bbox 866 1752 867 1756; x_wconf 46' lang='lat'>¹</span> <span class='ocrx_word' id='word_1_224' title='bbox 881 1728 921 1793; x_wconf 86' lang='lat' dir='ltr'>se‘</span> <span class='ocrx_word' id='word_1_225' title='bbox 943 1729 978 1792; x_wconf 93' lang='lat' dir='ltr'>in</span> <span class='ocrx_word' id='word_1_226' title='bbox 1007 1726 1207 1792; x_wconf 89' lang='lat' dir='ltr'>horrendum</span> <span class='ocrx_word' id='word_1_227' title='bbox 1263 1732 1335 1804; x_wconf 76' lang='lat'>140]</span> <span class='ocrx_word' id='word_1_228' title='bbox 1356 1725 1515 1808; x_wconf 89' lang='lat' dir='ltr'>loquitur;</span> <span class='ocrx_word' id='word_1_229' title='bbox 1544 1732 1672 1810; x_wconf 85' lang='lat' dir='ltr'>aperte,</span> <span class='ocrx_word' id='word_1_230' title='bbox 1701 1747 1768 1791; x_wconf 90' lang='lat' dir='ltr'>uon</span> <span class='ocrx_word' id='word_1_231' title='bbox 1787 1728 1821 1792; x_wconf 92' lang='lat' dir='ltr'>in</span> <span class='ocrx_word' id='word_1_232' title='bbox 1846 1727 2019 1810; x_wconf 86' lang='lat' dir='ltr'>parabolis</span> <span class='ocrx_word' id='word_1_233' title='bbox 2064 1727 2136 1793; x_wconf 85' lang='lat' dir='ltr'>Nos</span> <span class='ocrx_word' id='word_1_234' title='bbox 2156 1746 2236 1791; x_wconf 82' lang='lat' dir='ltr'>veru</span> 
     </span>
     <span class='ocr_line' id='line_1_18' title="bbox 232 1811 2236 1916; baseline -0.002 -35"><span class='ocrx_word' id='word_1_235' title='bbox 232 1813 459 1916; x_wconf 65' lang='lat' dir='ltr'>labyrinthum</span> <span class='ocrx_word' id='word_1_236' title='bbox 481 1815 679 1909; x_wconf 89' lang='lat' dir='ltr'>demergere,</span> <span class='ocrx_word' id='word_1_237' title='bbox 706 1813 876 1897; x_wconf 88' lang='lat' dir='ltr'>paululum</span> <span class='ocrx_word' id='word_1_238' title='bbox 897 1814 1073 1878; x_wconf 85' lang='lat' dir='ltr'>mitescant</span> <span class='ocrx_word' id='word_1_239' title='bbox 1093 1812 1134 1877; x_wconf 90' lang='lat' dir='ltr'>ad</span> <span class='ocrx_word' id='word_1_240' title='bbox 1156 1833 1207 1877; x_wconf 92' lang='lat' dir='ltr'>re-</span> <span class='ocrx_word' id='word_1_241' title='bbox 1259 1833 1364 1894; x_wconf 87' lang='lat' dir='ltr'>neque</span> <span class='ocrx_word' id='word_1_242' title='bbox 1386 1812 1627 1876; x_wconf 78' lang='lat' dir='ltr'>simulationem</span> <span class='ocrx_word' id='word_1_243' title='bbox 1649 1813 1838 1897; x_wconf 84' lang='lat' dir='ltr'>affingimus</span> <span class='ocrx_word' id='word_1_244' title='bbox 1860 1813 1926 1879; x_wconf 89' lang='lat' dir='ltr'>filio</span> <span class='ocrx_word' id='word_1_245' title='bbox 1949 1814 2021 1892; x_wconf 89' lang='lat' dir='ltr'>Dei,</span> <span class='ocrx_word' id='word_1_246' title='bbox 2054 1814 2109 1896; x_wconf 92' lang='lat' dir='ltr'>qui</span> <span class='ocrx_word' id='word_1_247' title='bbox 2132 1811 2236 1877; x_wconf 88' lang='lat' dir='ltr'>liben-</span> 
     </span>
     <span class='ocr_line' id='line_1_19' title="bbox 233 1899 2236 1986; baseline -0.003 -17"><span class='ocrx_word' id='word_1_248' title='bbox 233 1900 399 1986; x_wconf 78' lang='lat' dir='ltr'>‘cipreudos</span> <span class='ocrx_word' id='word_1_249' title='bbox 422 1910 539 1983; x_wconf 88' lang='lat' dir='ltr'>tropos.</span> <span class='ocrx_word' id='word_1_250' title='bbox 787 1951 789 1956; x_wconf 87' lang='lat'>.</span> <span class='ocrx_word' id='word_1_251' title='bbox 1259 1905 1311 1963; x_wconf 90' lang='lat' dir='ltr'>ter</span> <span class='ocrx_word' id='word_1_252' title='bbox 1343 1899 1549 1982; x_wconf 79' lang='lat' dir='ltr'>agnoscimus</span> <span class='ocrx_word' id='word_1_253' title='bbox 1581 1901 1774 1982; x_wconf 79' lang='lat' dir='ltr'>mysterium</span> <span class='ocrx_word' id='word_1_254' title='bbox 1801 1899 1863 1964; x_wconf 90' lang='lat' dir='ltr'>hoc</span> <span class='ocrx_word' id='word_1_255' title='bbox 1889 1899 2019 1985; x_wconf 88' lang='lat' dir='ltr'>impleri</span> <span class='ocrx_word' id='word_1_256' title='bbox 2051 1900 2236 1981; x_wconf 80' lang='lat' dir='ltr'>incompre-</span> 
     </span>
     <span class='ocr_line' id='line_1_20' title="bbox 319 1983 2236 2068; baseline -0.002 -17"><span class='ocrx_word' id='word_1_257' title='bbox 319 1986 455 2051; x_wconf 87' lang='lat' dir='ltr'>Decima</span> <span class='ocrx_word' id='word_1_258' title='bbox 473 1987 556 2051; x_wconf 90' lang='lat' dir='ltr'>ratio</span> <span class='ocrx_word' id='word_1_259' title='bbox 578 1994 628 2054; x_wconf 87' lang='lat' dir='ltr'>est</span> <span class='ocrx_word' id='word_1_260' title='bbox 645 1985 817 2051; x_wconf 88' lang='lat' dir='ltr'>Christum</span> <span class='ocrx_word' id='word_1_261' title='bbox 838 2006 904 2049; x_wconf 91' lang='lat' dir='ltr'>nou</span> <span class='ocrx_word' id='word_1_262' title='bbox 926 1984 1047 2049; x_wconf 85' lang='lat' dir='ltr'>dixisse</span> <span class='ocrx_word' id='word_1_263' title='bbox 1068 1985 1207 2067; x_wconf 87' lang='lat' dir='ltr'>figuram</span> <span class='ocrx_word' id='word_1_264' title='bbox 1260 1983 1414 2049; x_wconf 85' lang='lat' dir='ltr'>hensibili</span> <span class='ocrx_word' id='word_1_265' title='bbox 1435 1984 1571 2067; x_wconf 84' lang='lat' dir='ltr'>spiritus</span> <span class='ocrx_word' id='word_1_266' title='bbox 1592 1985 1733 2061; x_wconf 83' lang='lat' dir='ltr'>virtuts,</span> <span class='ocrx_word' id='word_1_267' title='bbox 1762 2005 1868 2068; x_wconf 86' lang='lat' dir='ltr'>neque</span> <span class='ocrx_word' id='word_1_268' title='bbox 1894 1987 2005 2051; x_wconf 82' lang='lat' dir='ltr'>fucum</span> <span class='ocrx_word' id='word_1_269' title='bbox 2032 1985 2172 2050; x_wconf 77' lang='lat' dir='ltr'>faoimm</span> <span class='ocrx_word' id='word_1_270' title='bbox 2193 2004 2236 2048; x_wconf 83' lang='lat' dir='ltr'>ex</span> 
     </span>
     <span class='ocr_line' id='line_1_21' title="bbox 232 2069 2237 2159; baseline -0.002 -21"><span class='ocrx_word' id='word_1_271' title='bbox 232 2073 384 2159; x_wconf 89' lang='lat' dir='ltr'>corporis.</span> <span class='ocrx_word' id='word_1_272' title='bbox 435 2071 551 2154; x_wconf 89' lang='lat' dir='ltr'>Neque</span> <span class='ocrx_word' id='word_1_273' title='bbox 572 2072 683 2136; x_wconf 89' lang='lat' dir='ltr'>Moses</span> <span class='ocrx_word' id='word_1_274' title='bbox 711 2069 795 2136; x_wconf 83' lang='lat' dir='ltr'>dixit</span> <span class='ocrx_word' id='word_1_275' title='bbox 820 2091 941 2154; x_wconf 85' lang='lat' dir='ltr'>egnum</span> <span class='ocrx_word' id='word_1_276' title='bbox 970 2091 1040 2135; x_wconf 90' lang='lat' dir='ltr'>esse</span> <span class='ocrx_word' id='word_1_277' title='bbox 1066 2071 1207 2154; x_wconf 88' lang='lat' dir='ltr'>figuram</span> <span class='ocrx_word' id='word_1_278' title='bbox 1259 2069 1437 2154; x_wconf 87' lang='lat' dir='ltr'>parabolis:</span> <span class='ocrx_word' id='word_1_279' title='bbox 1465 2077 1504 2133; x_wconf 91' lang='lat' dir='ltr'>ut</span> <span class='ocrx_word' id='word_1_280' title='bbox 1524 2070 1618 2135; x_wconf 87' lang='lat' dir='ltr'>uobis</span> <span class='ocrx_word' id='word_1_281' title='bbox 1640 2071 1838 2148; x_wconf 75' lang='lat' dir='ltr'>tacentibus,</span> <span class='ocrx_word' id='word_1_282' title='bbox 1865 2071 1965 2137; x_wconf 74' lang='lat' dir='ltr'>facilc</span> <span class='ocrx_word' id='word_1_283' title='bbox 1983 2078 2151 2155; x_wconf 76' lang='lat' dir='ltr'>appareat,</span> <span class='ocrx_word' id='word_1_284' title='bbox 2175 2089 2237 2153; x_wconf 86' lang='lat' dir='ltr'>pu·</span> 
     </span>
     <span class='ocr_line' id='line_1_22' title="bbox 232 2155 2236 2244; baseline -0.002 -19"><span class='ocrx_word' id='word_1_285' title='bbox 232 2156 411 2244; x_wconf 87' lang='lat' dir='ltr'>paschatis:</span> <span class='ocrx_word' id='word_1_286' title='bbox 439 2167 603 2222; x_wconf 88' lang='lat' dir='ltr'>ettamen</span> <span class='ocrx_word' id='word_1_287' title='bbox 630 2157 695 2222; x_wconf 90' lang='lat' dir='ltr'>nisi</span> <span class='ocrx_word' id='word_1_288' title='bbox 722 2157 796 2239; x_wconf 90' lang='lat' dir='ltr'>quis</span> <span class='ocrx_word' id='word_1_289' title='bbox 816 2157 899 2221; x_wconf 85' lang='lat' dir='ltr'>forte</span> <span class='ocrx_word' id='word_1_290' title='bbox 920 2156 1007 2221; x_wconf 88' lang='lat' dir='ltr'>ultro</span> <span class='ocrx_word' id='word_1_291' title='bbox 1035 2174 1128 2219; x_wconf 88' lang='lat' dir='ltr'>suam</span> <span class='ocrx_word' id='word_1_292' title='bbox 1152 2155 1207 2219; x_wconf 89' lang='lat' dir='ltr'>de·</span> <span class='ocrx_word' id='word_1_293' title='bbox 1258 2156 1343 2220; x_wconf 89' lang='lat' dir='ltr'>tides</span> <span class='ocrx_word' id='word_1_294' title='bbox 1363 2177 1437 2221; x_wconf 88' lang='lat' dir='ltr'>esse</span> <span class='ocrx_word' id='word_1_295' title='bbox 1457 2176 1597 2233; x_wconf 87' lang='lat' dir='ltr'>scurras,</span> <span class='ocrx_word' id='word_1_296' title='bbox 1618 2156 1674 2238; x_wconf 84' lang='lat' dir='ltr'>qui</span> <span class='ocrx_word' id='word_1_297' title='bbox 1695 2158 1742 2223; x_wconf 94' lang='lat' dir='ltr'>sio</span> <span class='ocrx_word' id='word_1_298' title='bbox 1763 2159 1921 2241; x_wconf 74' lang='lat' dir='ltr'>germunt.</span> <span class='ocrx_word' id='word_1_299' title='bbox 1956 2155 2024 2222; x_wconf 78' lang='lat' dir='ltr'>Sed</span> <span class='ocrx_word' id='word_1_300' title='bbox 2044 2177 2111 2240; x_wconf 83' lang='lat' dir='ltr'>qua</span> <span class='ocrx_word' id='word_1_301' title='bbox 2128 2157 2236 2221; x_wconf 82' lang='lat' dir='ltr'>fronte</span> 
     </span>
     <span class='ocr_line' id='line_1_23' title="bbox 231 2241 2236 2327; baseline -0.001 -17"><span class='ocrx_word' id='word_1_302' title='bbox 231 2245 390 2310; x_wconf 77' lang='lat' dir='ltr'>mentium</span> <span class='ocrx_word' id='word_1_303' title='bbox 413 2243 551 2327; x_wconf 89' lang='lat' dir='ltr'>prodere</span> <span class='ocrx_word' id='word_1_304' title='bbox 574 2250 720 2326; x_wconf 88' lang='lat' dir='ltr'>appetet,</span> <span class='ocrx_word' id='word_1_305' title='bbox 750 2242 896 2307; x_wconf 91' lang='lat' dir='ltr'>omnium</span> <span class='ocrx_word' id='word_1_306' title='bbox 919 2261 1078 2307; x_wconf 84' lang='lat' dir='ltr'>consensu</span> <span class='ocrx_word' id='word_1_307' title='bbox 1104 2242 1208 2324; x_wconf 89' lang='lat' dir='ltr'>liquet</span> <span class='ocrx_word' id='word_1_308' title='bbox 1257 2248 1382 2325; x_wconf 83' lang='lat' dir='ltr'>negare</span> <span class='ocrx_word' id='word_1_309' title='bbox 1409 2241 1531 2306; x_wconf 84' lang='lat' dir='ltr'>audent</span> <span class='ocrx_word' id='word_1_310' title='bbox 1562 2243 1762 2308; x_wconf 76' lang='lat' dir='ltr'>rametatem</span> <span class='ocrx_word' id='word_1_311' title='bbox 1784 2245 1944 2309; x_wconf 88' lang='lat' dir='ltr'>sermonis</span> <span class='ocrx_word' id='word_1_312' title='bbox 1972 2263 2043 2309; x_wconf 85' lang='lat' dir='ltr'>esse</span> <span class='ocrx_word' id='word_1_313' title='bbox 2070 2243 2107 2307; x_wconf 93' lang='lat' dir='ltr'>in</span> <span class='ocrx_word' id='word_1_314' title='bbox 2136 2241 2236 2308; x_wconf 84' lang='lat' dir='ltr'>calice</span> 
     </span>
     <span class='ocr_line' id='line_1_24' title="bbox 218 2326 2236 2415; baseline -0.002 -19"><span class='ocrx_word' id='word_1_315' title='bbox 218 2350 356 2415; x_wconf 73' lang='lat' dir='ltr'>&#39;agnum</span> <span class='ocrx_word' id='word_1_316' title='bbox 383 2330 438 2413; x_wconf 90' lang='lat' dir='ltr'>qui</span> <span class='ocrx_word' id='word_1_317' title='bbox 467 2338 605 2393; x_wconf 87' lang='lat' dir='ltr'>vocatur</span> <span class='ocrx_word' id='word_1_318' title='bbox 626 2328 757 2412; x_wconf 88' lang='lat' dir='ltr'>pascha,</span> <span class='ocrx_word' id='word_1_319' title='bbox 785 2329 928 2414; x_wconf 88' lang='lat' dir='ltr'>figuram</span> <span class='ocrx_word' id='word_1_320' title='bbox 948 2349 1028 2408; x_wconf 83' lang='lat' dir='ltr'>esse.</span> <span class='ocrx_word' id='word_1_321' title='bbox 1071 2326 1207 2409; x_wconf 77' lang='lat' dir='ltr'>Quoties</span> <span class='ocrx_word' id='word_1_322' title='bbox 1259 2327 1486 2411; x_wconf 63' lang='lat' dir='ltr'>porrigendo?</span> <span class='ocrx_word' id='word_1_323' title='bbox 1530 2329 1639 2394; x_wconf 83' lang='lat' dir='ltr'>Lucas</span> <span class='ocrx_word' id='word_1_324' title='bbox 1666 2349 1761 2407; x_wconf 88' lang='lat' dir='ltr'>saue,</span> <span class='ocrx_word' id='word_1_325' title='bbox 1791 2339 1825 2393; x_wconf 84' lang='lat' dir='ltr'>et</span> <span class='ocrx_word' id='word_1_326' title='bbox 1850 2328 1976 2395; x_wconf 88' lang='lat' dir='ltr'>Paulus</span> <span class='ocrx_word' id='word_1_327' title='bbox 1998 2330 2090 2413; x_wconf 90' lang='lat' dir='ltr'>quasi</span> <span class='ocrx_word' id='word_1_328' title='bbox 2113 2349 2155 2392; x_wconf 90' lang='lat' dir='ltr'>ex</span> <span class='ocrx_word' id='word_1_329' title='bbox 2180 2348 2236 2392; x_wconf 85' lang='lat' dir='ltr'>ore</span> 
     </span>
     <span class='ocr_line' id='line_1_25' title="bbox 232 2412 2238 2496; baseline -0.002 -15"><span class='ocrx_word' id='word_1_330' title='bbox 232 2417 331 2481; x_wconf 90' lang='lat' dir='ltr'>etiam</span> <span class='ocrx_word' id='word_1_331' title='bbox 355 2415 395 2480; x_wconf 88' lang='lat' dir='ltr'>de</span> <span class='ocrx_word' id='word_1_332' title='bbox 424 2412 587 2480; x_wconf 84' lang='lat' dir='ltr'>veteribus</span> <span class='ocrx_word' id='word_1_333' title='bbox 603 2413 827 2496; x_wconf 78' lang='lat' dir='ltr'>sacramentis</span> <span class='ocrx_word' id='word_1_334' title='bbox 855 2412 988 2479; x_wconf 88' lang='lat' dir='ltr'>dicitur:</span> <span class='ocrx_word' id='word_1_335' title='bbox 1025 2413 1118 2478; x_wconf 90' lang='lat' dir='ltr'>Haec</span> <span class='ocrx_word' id='word_1_336' title='bbox 1145 2413 1208 2477; x_wconf 89' lang='lat' dir='ltr'>erit</span> <span class='ocrx_word' id='word_1_337' title='bbox 1259 2413 1383 2478; x_wconf 88' lang='lat' dir='ltr'>Christi</span> <span class='ocrx_word' id='word_1_338' title='bbox 1406 2414 1557 2478; x_wconf 87' lang='lat' dir='ltr'>recitant:</span> <span class='ocrx_word' id='word_1_339' title='bbox 1582 2414 1648 2479; x_wconf 84' lang='lat' dir='ltr'>Hic</span> <span class='ocrx_word' id='word_1_340' title='bbox 1669 2414 1755 2480; x_wconf 84' lang='lat' dir='ltr'>calix</span> <span class='ocrx_word' id='word_1_341' title='bbox 1778 2434 1903 2480; x_wconf 76' lang='lat' dir='ltr'>novum</span> <span class='ocrx_word' id='word_1_342' title='bbox 1926 2416 2162 2481; x_wconf 80' lang='lat' dir='ltr'>tastamentum</span> <span class='ocrx_word' id='word_1_343' title='bbox 2185 2425 2238 2478; x_wconf 84' lang='lat' dir='ltr'>est</span> 
     </span>
     <span class='ocr_line' id='line_1_26' title="bbox 219 2493 2237 2589; baseline -0.002 -22"><span class='ocrx_word' id='word_1_344' title='bbox 219 2493 393 2585; x_wconf 82' lang='lat' dir='ltr'>expiatio,</span> <span class='ocrx_word' id='word_1_345' title='bbox 421 2520 542 2583; x_wconf 89' lang='lat' dir='ltr'>negare</span> <span class='ocrx_word' id='word_1_346' title='bbox 571 2508 659 2565; x_wconf 89' lang='lat' dir='ltr'>certe</span> <span class='ocrx_word' id='word_1_347' title='bbox 686 2520 783 2564; x_wconf 92' lang='lat' dir='ltr'>nemo</span> <span class='ocrx_word' id='word_1_348' title='bbox 811 2499 958 2579; x_wconf 86' lang='lat' dir='ltr'>audebit,</span> <span class='ocrx_word' id='word_1_349' title='bbox 980 2502 1124 2583; x_wconf 81' lang='lat' dir='ltr'>figurate</span> <span class='ocrx_word' id='word_1_350' title='bbox 1146 2499 1207 2564; x_wconf 93' lang='lat' dir='ltr'>hoc</span> <span class='ocrx_word' id='word_1_351' title='bbox 1231 2517 1235 2589; x_wconf 72' lang='grc' dir='ltr'>Ι</span> <span class='ocrx_word' id='word_1_352' title='bbox 1258 2501 1295 2563; x_wconf 88' lang='lat' dir='ltr'>in</span> <span class='ocrx_word' id='word_1_353' title='bbox 1315 2519 1390 2564; x_wconf 87' lang='lat' dir='ltr'>meo</span> <span class='ocrx_word' id='word_1_354' title='bbox 1410 2500 1580 2582; x_wconf 80' lang='lat' dir='ltr'>sanguiue.</span> <span class='ocrx_word' id='word_1_355' title='bbox 1615 2498 1653 2565; x_wconf 80' lang='lat' dir='ltr'>Si</span> <span class='ocrx_word' id='word_1_356' title='bbox 1671 2498 1806 2583; x_wconf 89' lang='lat' dir='ltr'>paululo</span> <span class='ocrx_word' id='word_1_357' title='bbox 1815 2502 1961 2567; x_wconf 84' lang='lat' dir='ltr'>contenti</span> <span class='ocrx_word' id='word_1_358' title='bbox 1977 2507 2090 2567; x_wconf 88' lang='lat' dir='ltr'>essent</span> <span class='ocrx_word' id='word_1_359' title='bbox 2102 2501 2126 2580; x_wconf 88' lang='lat'>¹)</span> <span class='ocrx_word' id='word_1_360' title='bbox 2138 2500 2237 2584; x_wconf 78' lang='lat' dir='ltr'>hing-</span> 
     </span>
     <span class='ocr_line' id='line_1_27' title="bbox 233 2583 2238 2672; baseline -0 -20"><span class='ocrx_word' id='word_1_361' title='bbox 233 2584 383 2672; x_wconf 78' lang='lat' dir='ltr'>intelligi.</span> <span class='ocrx_word' id='word_1_362' title='bbox 434 2585 503 2650; x_wconf 87' lang='lat' dir='ltr'>Neo</span> <span class='ocrx_word' id='word_1_363' title='bbox 530 2584 618 2650; x_wconf 83' lang='lat' dir='ltr'>rero&#39;</span> <span class='ocrx_word' id='word_1_364' title='bbox 639 2585 841 2670; x_wconf 83' lang='lat' dir='ltr'>evangelista</span> <span class='ocrx_word' id='word_1_365' title='bbox 867 2584 1052 2650; x_wconf 81' lang='lat' dir='ltr'>columbam</span> <span class='ocrx_word' id='word_1_366' title='bbox 1080 2583 1207 2650; x_wconf 90' lang='lat' dir='ltr'>dubitat</span> <span class='ocrx_word' id='word_1_367' title='bbox 1231 2594 1235 2672; x_wconf 74' lang='lat' dir='ltr'>J</span> <span class='ocrx_word' id='word_1_368' title='bbox 1259 2584 1489 2669; x_wconf 86' lang='lat' dir='ltr'>deburgenses,</span> <span class='ocrx_word' id='word_1_369' title='bbox 1512 2586 1618 2670; x_wconf 87' lang='lat' dir='ltr'>magis</span> <span class='ocrx_word' id='word_1_370' title='bbox 1638 2606 1693 2652; x_wconf 90' lang='lat' dir='ltr'>eos</span> <span class='ocrx_word' id='word_1_371' title='bbox 1702 2587 1832 2652; x_wconf 81' lang='lat' dir='ltr'>afficere</span> <span class='ocrx_word' id='word_1_372' title='bbox 1844 2587 2010 2653; x_wconf 83' lang='lat' dir='ltr'>debuerat·</span> <span class='ocrx_word' id='word_1_373' title='bbox 2020 2594 2087 2650; x_wconf 89' lang='lat' dir='ltr'>tam</span> <span class='ocrx_word' id='word_1_374' title='bbox 2110 2585 2238 2651; x_wconf 64' lang='lat' dir='ltr'>ulmum</span> 
     </span>
     <span class='ocr_line' id='line_1_28' title="bbox 234 2669 2238 2756; baseline -0 -19"><span class='ocrx_word' id='word_1_375' title='bbox 234 2693 351 2738; x_wconf 87' lang='lat' dir='ltr'>vocare</span> <span class='ocrx_word' id='word_1_376' title='bbox 373 2671 524 2753; x_wconf 90' lang='lat' dir='ltr'>spiritum</span> <span class='ocrx_word' id='word_1_377' title='bbox 546 2679 712 2736; x_wconf 89' lang='lat' dir='ltr'>sanctum:</span> <span class='ocrx_word' id='word_1_378' title='bbox 736 2690 854 2755; x_wconf 87' lang='lat' dir='ltr'>nempe</span> <span class='ocrx_word' id='word_1_379' title='bbox 876 2691 940 2754; x_wconf 91' lang='lat' dir='ltr'>qua</span> <span class='ocrx_word' id='word_1_380' title='bbox 950 2672 1076 2736; x_wconf 87' lang='lat' dir='ltr'>ratione</span> <span class='ocrx_word' id='word_1_381' title='bbox 1098 2679 1207 2735; x_wconf 88' lang='lat' dir='ltr'>trans·</span> <span class='ocrx_word' id='word_1_382' title='bbox 1256 2671 1444 2736; x_wconf 87' lang='lat' dir='ltr'>discrimen.</span> <span class='ocrx_word' id='word_1_383' title='bbox 1464 2709 1466 2714; x_wconf 94' lang='lat'><em>·</em></span> <span class='ocrx_word' id='word_1_384' title='bbox 1483 2669 1613 2736; x_wconf 89' lang='lat' dir='ltr'>Coenae</span> <span class='ocrx_word' id='word_1_385' title='bbox 1627 2674 1823 2755; x_wconf 82' lang='lat' dir='ltr'>mysterium</span> <span class='ocrx_word' id='word_1_386' title='bbox 1844 2680 2097 2756; x_wconf 82' lang='lat' dir='ltr'>quatuurtestes</span> <span class='ocrx_word' id='word_1_387' title='bbox 2115 2670 2238 2737; x_wconf 80' lang='lat' dir='ltr'>eooeb</span> 
     </span>
     <span class='ocr_line' id='line_1_29' title="bbox 233 2755 2237 2844; baseline -0 -21"><span class='ocrx_word' id='word_1_388' title='bbox 233 2760 338 2824; x_wconf 82' lang='lat' dir='ltr'>fertur</span> <span class='ocrx_word' id='word_1_389' title='bbox 363 2757 407 2821; x_wconf 65' lang='lat' dir='ltr'>‘ad</span> <span class='ocrx_word' id='word_1_390' title='bbox 435 2777 553 2840; x_wconf 89' lang='lat' dir='ltr'>panem</span> <span class='ocrx_word' id='word_1_391' title='bbox 579 2777 698 2821; x_wconf 89' lang='lat' dir='ltr'>nomen</span> <span class='ocrx_word' id='word_1_392' title='bbox 727 2757 878 2839; x_wconf 88' lang='lat' dir='ltr'>corporis.</span> <span class='ocrx_word' id='word_1_393' title='bbox 929 2755 1026 2837; x_wconf 78' lang='lat' dir='ltr'>Quod</span> <span class='ocrx_word' id='word_1_394' title='bbox 1059 2758 1207 2839; x_wconf 91' lang='lat' dir='ltr'>proxime</span> <span class='ocrx_word' id='word_1_395' title='bbox 1259 2757 1350 2821; x_wconf 90' lang='lat' dir='ltr'>missi</span> <span class='ocrx_word' id='word_1_396' title='bbox 1373 2755 1485 2821; x_wconf 86' lang='lat' dir='ltr'>eodem</span> <span class='ocrx_word' id='word_1_397' title='bbox 1508 2758 1625 2839; x_wconf 89' lang='lat' dir='ltr'>spiritu</span> <span class='ocrx_word' id='word_1_398' title='bbox 1634 2758 1799 2824; x_wconf 83' lang='lat' dir='ltr'>directore</span> <span class='ocrx_word' id='word_1_399' title='bbox 1815 2764 1854 2824; x_wconf 86' lang='lat' dir='ltr'>et</span> <span class='ocrx_word' id='word_1_400' title='bbox 1870 2761 2029 2844; x_wconf 86' lang='lat' dir='ltr'>magistro</span> <span class='ocrx_word' id='word_1_401' title='bbox 2049 2767 2237 2840; x_wconf 71' lang='lat' dir='ltr'>exponunt:</span> 
     </span>
     <span class='ocr_line' id='line_1_30' title="bbox 233 2836 2233 2930; baseline -0.001 -22"><span class='ocrx_word' id='word_1_402' title='bbox 233 2836 318 2928; x_wconf 79' lang='lat' dir='ltr'>apud</span> <span class='ocrx_word' id='word_1_403' title='bbox 337 2864 392 2908; x_wconf 90' lang='lat' dir='ltr'>eos</span> <span class='ocrx_word' id='word_1_404' title='bbox 415 2842 578 2926; x_wconf 85' lang='lat' dir='ltr'>sequitur,</span> <span class='ocrx_word' id='word_1_405' title='bbox 609 2843 714 2928; x_wconf 89' lang='lat' dir='ltr'>magis</span> <span class='ocrx_word' id='word_1_406' title='bbox 741 2849 792 2909; x_wconf 89' lang='lat' dir='ltr'>est</span> <span class='ocrx_word' id='word_1_407' title='bbox 812 2842 1007 2926; x_wconf 87' lang='lat' dir='ltr'>insipidum,</span> <span class='ocrx_word' id='word_1_408' title='bbox 1036 2842 1207 2907; x_wconf 81' lang='lat' dir='ltr'>Christum</span> <span class='ocrx_word' id='word_1_409' title='bbox 1260 2843 1323 2907; x_wconf 89' lang='lat' dir='ltr'>duo</span> <span class='ocrx_word' id='word_1_410' title='bbox 1346 2843 1486 2908; x_wconf 86' lang='lat' dir='ltr'>calicem</span> <span class='ocrx_word' id='word_1_411' title='bbox 1506 2844 1674 2927; x_wconf 87' lang='lat' dir='ltr'>appellant</span> <span class='ocrx_word' id='word_1_412' title='bbox 1702 2845 1896 2930; x_wconf 84' lang='lat' dir='ltr'>sauguinem</span> <span class='ocrx_word' id='word_1_413' title='bbox 1924 2846 2000 2909; x_wconf 84' lang='lat' dir='ltr'>novi</span> <span class='ocrx_word' id='word_1_414' title='bbox 2029 2844 2233 2909; x_wconf 73' lang='lat' dir='ltr'>instaurenti:</span> 
     </span>
     <span class='ocr_line' id='line_1_31' title="bbox 224 2927 2233 3014; baseline -0.001 -20"><span class='ocrx_word' id='word_1_415' title='bbox 224 2929 364 3014; x_wconf 62' lang='lat' dir='ltr'>v&#39;quando</span> <span class='ocrx_word' id='word_1_416' title='bbox 386 2927 426 2994; x_wconf 91' lang='lat' dir='ltr'>de</span> <span class='ocrx_word' id='word_1_417' title='bbox 448 2948 581 3011; x_wconf 91' lang='lat' dir='ltr'>corpore</span> <span class='ocrx_word' id='word_1_418' title='bbox 603 2949 661 2993; x_wconf 91' lang='lat' dir='ltr'>suo</span> <span class='ocrx_word' id='word_1_419' title='bbox 684 2927 875 3007; x_wconf 86' lang='lat' dir='ltr'>disserit,fi</span> <span class='ocrx_word' id='word_1_420' title='bbox 922 2948 993 2992; x_wconf 89' lang='lat' dir='ltr'>ram</span> <span class='ocrx_word' id='word_1_421' title='bbox 1016 2928 1206 2993; x_wconf 85' lang='lat' dir='ltr'>nou&#39;nomi-</span> <span class='ocrx_word' id='word_1_422' title='bbox 1260 2928 1376 3011; x_wconf 86' lang='lat' dir='ltr'>reliqui</span> <span class='ocrx_word' id='word_1_423' title='bbox 1409 2935 1642 2994; x_wconf 88' lang='lat' dir='ltr'>testamentum</span> <span class='ocrx_word' id='word_1_424' title='bbox 1664 2930 1706 2994; x_wconf 55' lang='lat' dir='ltr'>&gt;in</span> <span class='ocrx_word' id='word_1_425' title='bbox 1731 2933 1901 3014; x_wconf 86' lang='lat' dir='ltr'>sanguiue.</span> <span class='ocrx_word' id='word_1_426' title='bbox 1956 2929 1995 2996; x_wconf 77' lang='lat' dir='ltr'>si</span> <span class='ocrx_word' id='word_1_427' title='bbox 2022 2951 2125 2995; x_wconf 83' lang='lat' dir='ltr'>sensu</span> <span class='ocrx_word' id='word_1_428' title='bbox 2152 2928 2233 2993; x_wconf 91' lang='lat' dir='ltr'>nihil</span> 
     </span>
     <span class='ocr_line' id='line_1_32' title="bbox 233 3012 2233 3098; baseline 0.001 -18"><span class='ocrx_word' id='word_1_429' title='bbox 233 3033 321 3087; x_wconf 86' lang='lat' dir='ltr'>nare.</span> <span class='ocrx_word' id='word_1_430' title='bbox 377 3012 480 3096; x_wconf 74' lang='lat' dir='ltr'>Quasi</span> <span class='ocrx_word' id='word_1_431' title='bbox 515 3035 593 3078; x_wconf 86' lang='lat' dir='ltr'>vero</span> <span class='ocrx_word' id='word_1_432' title='bbox 627 3015 777 3098; x_wconf 84' lang='lat' dir='ltr'>cuiquam</span> <span class='ocrx_word' id='word_1_433' title='bbox 810 3015 968 3079; x_wconf 89' lang='lat' dir='ltr'>excierit</span> <span class='ocrx_word' id='word_1_434' title='bbox 999 3018 1209 3079; x_wconf 88' lang='lat' dir='ltr'>monstruosa</span> <span class='ocrx_word' id='word_1_435' title='bbox 1259 3012 1416 3079; x_wconf 86' lang='lat' dir='ltr'>differunt·</span> <span class='ocrx_word' id='word_1_436' title='bbox 1437 3014 1519 3080; x_wconf 88' lang='lat' dir='ltr'>haec</span> <span class='ocrx_word' id='word_1_437' title='bbox 1536 3015 1656 3093; x_wconf 75' lang='lat' dir='ltr'>verba,</span> <span class='ocrx_word' id='word_1_438' title='bbox 1685 3035 1744 3080; x_wconf 90' lang='lat' dir='ltr'>cur</span> <span class='ocrx_word' id='word_1_439' title='bbox 1765 3038 1831 3082; x_wconf 90' lang='lat' dir='ltr'>nou</span> <span class='ocrx_word' id='word_1_440' title='bbox 1851 3039 1872 3082; x_wconf 92' lang='lat' dir='ltr'>a</span> <span class='ocrx_word' id='word_1_441' title='bbox 1893 3016 2007 3082; x_wconf 87' lang='lat' dir='ltr'>litibus</span> <span class='ocrx_word' id='word_1_442' title='bbox 2028 3037 2107 3080; x_wconf 75' lang='lat' dir='ltr'>mox</span> <span class='ocrx_word' id='word_1_443' title='bbox 2129 3036 2233 3081; x_wconf 71' lang='lat' dir='ltr'>cessa</span> 
     </span>
     <span class='ocr_line' id='line_1_33' title="bbox 232 3098 2233 3185; baseline 0 -20"><span class='ocrx_word' id='word_1_444' title='bbox 232 3098 314 3166; x_wconf 89' lang='lat' dir='ltr'>haee</span> <span class='ocrx_word' id='word_1_445' title='bbox 329 3100 489 3184; x_wconf 90' lang='lat' dir='ltr'>loquutio,</span> <span class='ocrx_word' id='word_1_446' title='bbox 512 3117 629 3183; x_wconf 92' lang='lat' dir='ltr'>corpus</span> <span class='ocrx_word' id='word_1_447' title='bbox 652 3121 722 3166; x_wconf 91' lang='lat' dir='ltr'>esse</span> <span class='ocrx_word' id='word_1_448' title='bbox 743 3100 1046 3184; x_wconf 85' lang='lat' dir='ltr'>figuramcorporis.</span> <span class='ocrx_word' id='word_1_449' title='bbox 1080 3099 1120 3165; x_wconf 82' lang='lat' dir='ltr'>Si</span> <span class='ocrx_word' id='word_1_450' title='bbox 1138 3120 1208 3165; x_wconf 91' lang='lat' dir='ltr'>cor·</span> <span class='ocrx_word' id='word_1_451' title='bbox 1245 3100 1355 3164; x_wconf 82' lang='lat' dir='ltr'>mus?</span> <span class='ocrx_word' id='word_1_452' title='bbox 1400 3099 1438 3166; x_wconf 80' lang='lat' dir='ltr'>Si</span> <span class='ocrx_word' id='word_1_453' title='bbox 1461 3099 1627 3166; x_wconf 82' lang='lat' dir='ltr'>diversum</span> <span class='ocrx_word' id='word_1_454' title='bbox 1648 3120 1722 3167; x_wconf 86' lang='lat' dir='ltr'>esse</span> <span class='ocrx_word' id='word_1_455' title='bbox 1741 3123 1874 3169; x_wconf 87' lang='lat' dir='ltr'>sensum</span> <span class='ocrx_word' id='word_1_456' title='bbox 1896 3103 2013 3167; x_wconf 78' lang='lat' dir='ltr'>volunt</span> <span class='ocrx_word' id='word_1_457' title='bbox 2034 3099 2233 3185; x_wconf 83' lang='lat' dir='ltr'>Magdsbur·</span> 
     </span>
     <span class='ocr_line' id='line_1_34' title="bbox 232 3185 2233 3270; baseline 0 -19"><span class='ocrx_word' id='word_1_458' title='bbox 232 3207 295 3270; x_wconf 90' lang='lat' dir='ltr'>pus</span> <span class='ocrx_word' id='word_1_459' title='bbox 315 3191 390 3268; x_wconf 80' lang='lat' dir='ltr'>[pag.</span> <span class='ocrx_word' id='word_1_460' title='bbox 413 3191 597 3263; x_wconf 81' lang='lat' dir='ltr'>1381suum</span> <span class='ocrx_word' id='word_1_461' title='bbox 619 3196 834 3251; x_wconf 88' lang='lat' dir='ltr'>monstrasset</span> <span class='ocrx_word' id='word_1_462' title='bbox 855 3186 1026 3264; x_wconf 90' lang='lat' dir='ltr'>Dominus,</span> <span class='ocrx_word' id='word_1_463' title='bbox 1049 3185 1141 3250; x_wconf 90' lang='lat' dir='ltr'>nulla</span> <span class='ocrx_word' id='word_1_464' title='bbox 1158 3207 1207 3250; x_wconf 89' lang='lat' dir='ltr'>es·</span> <span class='ocrx_word' id='word_1_465' title='bbox 1259 3203 1384 3270; x_wconf 84' lang='lat' dir='ltr'>gemes,</span> <span class='ocrx_word' id='word_1_466' title='bbox 1406 3187 1472 3252; x_wconf 93' lang='lat' dir='ltr'>iam</span> <span class='ocrx_word' id='word_1_467' title='bbox 1495 3187 1530 3250; x_wconf 91' lang='lat' dir='ltr'>in</span> <span class='ocrx_word' id='word_1_468' title='bbox 1553 3208 1589 3251; x_wconf 88' lang='lat' dir='ltr'>re</span> <span class='ocrx_word' id='word_1_469' title='bbox 1610 3187 1830 3270; x_wconf 65' lang='lat' dir='ltr'>ipsensium</span> <span class='ocrx_word' id='word_1_470' title='bbox 1853 3190 1888 3253; x_wconf 82' lang='lat' dir='ltr'>is</span> <span class='ocrx_word' id='word_1_471' title='bbox 1910 3189 2018 3254; x_wconf 78' lang='lat' dir='ltr'>verbis</span> <span class='ocrx_word' id='word_1_472' title='bbox 2041 3187 2107 3252; x_wconf 86' lang='lat' dir='ltr'>erit</span> <span class='ocrx_word' id='word_1_473' title='bbox 2127 3187 2233 3252; x_wconf 77' lang='lat' dir='ltr'>raris·</span> 
     </span>
     <span class='ocr_line' id='line_1_35' title="bbox 235 3268 2233 3355; baseline 0.001 -19"><span class='ocrx_word' id='word_1_474' title='bbox 235 3280 286 3336; x_wconf 90' lang='lat' dir='ltr'>set</span> <span class='ocrx_word' id='word_1_475' title='bbox 309 3270 509 3354; x_wconf 80' lang='lat' dir='ltr'>disceptatio.</span> <span class='ocrx_word' id='word_1_476' title='bbox 560 3268 628 3336; x_wconf 79' lang='lat' dir='ltr'>Sed</span> <span class='ocrx_word' id='word_1_477' title='bbox 650 3293 752 3355; x_wconf 90' lang='lat' dir='ltr'>quum</span> <span class='ocrx_word' id='word_1_478' title='bbox 776 3291 892 3355; x_wconf 90' lang='lat' dir='ltr'>panem</span> <span class='ocrx_word' id='word_1_479' title='bbox 914 3271 1128 3336; x_wconf 83' lang='lat' dir='ltr'>monstrando</span> <span class='ocrx_word' id='word_1_480' title='bbox 1149 3292 1206 3335; x_wconf 90' lang='lat' dir='ltr'>no-</span> <span class='ocrx_word' id='word_1_481' title='bbox 1259 3281 1318 3337; x_wconf 88' lang='lat' dir='ltr'>tas.</span> <span class='ocrx_word' id='word_1_482' title='bbox 1364 3273 1506 3338; x_wconf 82' lang='lat' dir='ltr'>Mirarer</span> <span class='ocrx_word' id='word_1_483' title='bbox 1529 3277 1601 3352; x_wconf 65' lang='grc' dir='ltr'>[ρας.</span> <span class='ocrx_word' id='word_1_484' title='bbox 1624 3279 1697 3351; x_wconf 82' lang='lat'>141]</span> <span class='ocrx_word' id='word_1_485' title='bbox 1726 3282 1793 3339; x_wconf 87' lang='lat' dir='ltr'>tam</span> <span class='ocrx_word' id='word_1_486' title='bbox 1821 3273 1995 3340; x_wconf 78' lang='lat' dir='ltr'>obliviosos</span> <span class='ocrx_word' id='word_1_487' title='bbox 2023 3274 2139 3349; x_wconf 71' lang='lat' dir='ltr'>fuisse,</span> <span class='ocrx_word' id='word_1_488' title='bbox 2170 3273 2233 3338; x_wconf 83' lang='lat' dir='ltr'>nisi</span> 
     </span>
     <span class='ocr_line' id='line_1_36' title="bbox 232 3356 2234 3441; baseline 0 -18"><span class='ocrx_word' id='word_1_489' title='bbox 232 3379 310 3423; x_wconf 90' lang='lat' dir='ltr'>men</span> <span class='ocrx_word' id='word_1_490' title='bbox 330 3358 472 3440; x_wconf 89' lang='lat' dir='ltr'>corporis</span> <span class='ocrx_word' id='word_1_491' title='bbox 495 3365 640 3440; x_wconf 89' lang='lat' dir='ltr'>usurpet,</span> <span class='ocrx_word' id='word_1_492' title='bbox 663 3356 849 3441; x_wconf 87' lang='lat' dir='ltr'>quaerenda</span> <span class='ocrx_word' id='word_1_493' title='bbox 871 3356 1067 3423; x_wconf 90' lang='lat' dir='ltr'>hauddubie</span> <span class='ocrx_word' id='word_1_494' title='bbox 1089 3365 1140 3422; x_wconf 90' lang='lat' dir='ltr'>est</span> <span class='ocrx_word' id='word_1_495' title='bbox 1157 3358 1207 3421; x_wconf 90' lang='lat' dir='ltr'>in·</span> <span class='ocrx_word' id='word_1_496' title='bbox 1258 3357 1377 3441; x_wconf 90' lang='lat' dir='ltr'>ubique</span> <span class='ocrx_word' id='word_1_497' title='bbox 1398 3358 1519 3441; x_wconf 88' lang='lat' dir='ltr'>supina</span> <span class='ocrx_word' id='word_1_498' title='bbox 1540 3378 1594 3423; x_wconf 92' lang='lat' dir='ltr'>eos</span> <span class='ocrx_word' id='word_1_499' title='bbox 1618 3361 1781 3424; x_wconf 79' lang='lat' dir='ltr'>securitas</span> <span class='ocrx_word' id='word_1_500' title='bbox 1805 3359 1849 3424; x_wconf 87' lang='lat' dir='ltr'>ad</span> <span class='ocrx_word' id='word_1_501' title='bbox 1873 3361 1963 3426; x_wconf 87' lang='lat' dir='ltr'>hanc·</span> <span class='ocrx_word' id='word_1_502' title='bbox 1983 3361 2151 3426; x_wconf 86' lang='lat' dir='ltr'>licentiam</span> <span class='ocrx_word' id='word_1_503' title='bbox 2169 3361 2234 3423; x_wconf 87' lang='lat' dir='ltr'>im·</span> 
     </span>
     <span class='ocr_line' id='line_1_37' title="bbox 233 3442 2234 3529; baseline 0 -21"><span class='ocrx_word' id='word_1_504' title='bbox 233 3452 284 3508; x_wconf 87' lang='lat' dir='ltr'>tor</span> <span class='ocrx_word' id='word_1_505' title='bbox 306 3444 332 3508; x_wconf 88' lang='lat' dir='ltr'>si</span> <span class='ocrx_word' id='word_1_506' title='bbox 382 3464 437 3525; x_wconf 87' lang='lat' dir='ltr'>nm</span> <span class='ocrx_word' id='word_1_507' title='bbox 460 3453 494 3506; x_wconf 90' lang='lat' dir='ltr'>et</span> <span class='ocrx_word' id='word_1_508' title='bbox 513 3460 584 3507; x_wconf 86' lang='lat' dir='ltr'>rem</span> <span class='ocrx_word' id='word_1_509' title='bbox 607 3443 770 3529; x_wconf 88' lang='lat' dir='ltr'>signatam</span> <span class='ocrx_word' id='word_1_510' title='bbox 790 3442 949 3527; x_wconf 84' lang='lat' dir='ltr'>analogia.</span> <span class='ocrx_word' id='word_1_511' title='bbox 996 3467 999 3473; x_wconf 57' lang='lat'>²</span> <span class='ocrx_word' id='word_1_512' title='bbox 1258 3443 1404 3525; x_wconf 89' lang='lat' dir='ltr'>pelleret.</span> <span class='ocrx_word' id='word_1_513' title='bbox 1451 3443 1636 3522; x_wconf 85' lang='lat' dir='ltr'>Caeterum,</span> <span class='ocrx_word' id='word_1_514' title='bbox 1657 3462 1761 3527; x_wconf 73' lang='lat' dir='ltr'>unum</span> <span class='ocrx_word' id='word_1_515' title='bbox 1772 3447 1898 3511; x_wconf 79' lang='lat' dir='ltr'>iisdem</span> <span class='ocrx_word' id='word_1_516' title='bbox 1914 3446 2027 3512; x_wconf 82' lang='lat' dir='ltr'>¹verbis</span> <span class='ocrx_word' id='word_1_517' title='bbox 2047 3444 2140 3511; x_wconf 81' lang='lat' dir='ltr'>idem</span> <span class='ocrx_word' id='word_1_518' title='bbox 2160 3456 2234 3528; x_wconf 79' lang='lat' dir='ltr'>pro-</span> 
     </span>
     <span class='ocr_line' id='line_1_38' title="bbox 351 3527 2234 3614; baseline 0.002 -21"><span class='ocrx_word' id='word_1_519' title='bbox 351 3529 499 3595; x_wconf 89' lang='lat' dir='ltr'>ndecimo</span> <span class='ocrx_word' id='word_1_520' title='bbox 522 3530 627 3611; x_wconf 85' lang='lat' dir='ltr'>cupite</span> <span class='ocrx_word' id='word_1_521' title='bbox 655 3527 741 3594; x_wconf 90' lang='lat' dir='ltr'>idem</span> <span class='ocrx_word' id='word_1_522' title='bbox 765 3533 964 3611; x_wconf 81' lang='lat' dir='ltr'>repetentes,</span> <span class='ocrx_word' id='word_1_523' title='bbox 992 3529 1076 3592; x_wconf 83' lang='lat' dir='ltr'>forte</span> <span class='ocrx_word' id='word_1_524' title='bbox 1099 3528 1207 3594; x_wconf 85' lang='lat' dir='ltr'>nescio</span> <span class='ocrx_word' id='word_1_525' title='bbox 1259 3528 1402 3594; x_wconf 88' lang='lat' dir='ltr'>diderint</span> <span class='ocrx_word' id='word_1_526' title='bbox 1421 3549 1535 3594; x_wconf 85' lang='lat' dir='ltr'>omnes</span> <span class='ocrx_word' id='word_1_527' title='bbox 1556 3529 1791 3614; x_wconf 84' lang='lat' dir='ltr'>evangelistae,</span> <span class='ocrx_word' id='word_1_528' title='bbox 1820 3533 1881 3598; x_wconf 93' lang='lat' dir='ltr'>hoc</span> <span class='ocrx_word' id='word_1_529' title='bbox 1904 3534 2021 3597; x_wconf 84' lang='lat' dir='ltr'>merito</span> <span class='ocrx_word' id='word_1_530' title='bbox 2043 3531 2137 3614; x_wconf 82' lang='lat' dir='ltr'>quasi</span> <span class='ocrx_word' id='word_1_531' title='bbox 2160 3552 2234 3597; x_wconf 90' lang='lat' dir='ltr'>oon·</span> 
     </span>
     <span class='ocr_line' id='line_1_39' title="bbox 233 3613 2235 3698; baseline 0.001 -20"><span class='ocrx_word' id='word_1_532' title='bbox 233 3615 309 3698; x_wconf 88' lang='lat' dir='ltr'>quid</span> <span class='ocrx_word' id='word_1_533' title='bbox 331 3616 411 3679; x_wconf 86' lang='lat' dir='ltr'>flare</span> <span class='ocrx_word' id='word_1_534' title='bbox 434 3614 496 3679; x_wconf 89' lang='lat' dir='ltr'>sibi</span> <span class='ocrx_word' id='word_1_535' title='bbox 517 3613 680 3680; x_wconf 80' lang='lat' dir='ltr'>uidentur.</span> <span class='ocrx_word' id='word_1_536' title='bbox 729 3615 843 3680; x_wconf 87' lang='lat' dir='ltr'>Meum</span> <span class='ocrx_word' id='word_1_537' title='bbox 873 3613 958 3678; x_wconf 84' lang='lat' dir='ltr'>dixit</span> <span class='ocrx_word' id='word_1_538' title='bbox 979 3633 1110 3696; x_wconf 88' lang='lat' dir='ltr'>eorpus,</span> <span class='ocrx_word' id='word_1_539' title='bbox 1140 3634 1207 3679; x_wconf 89' lang='lat' dir='ltr'>non</span> <span class='ocrx_word' id='word_1_540' title='bbox 1258 3616 1379 3680; x_wconf 84' lang='lat' dir='ltr'>fessum</span> <span class='ocrx_word' id='word_1_541' title='bbox 1406 3617 1583 3692; x_wconf 86' lang='lat' dir='ltr'>sumimus,</span> <span class='ocrx_word' id='word_1_542' title='bbox 1610 3623 1676 3680; x_wconf 82' lang='lat' dir='ltr'>uon</span> <span class='ocrx_word' id='word_1_543' title='bbox 1703 3617 1798 3682; x_wconf 82' lang='lat' dir='ltr'>aliter</span> <span class='ocrx_word' id='word_1_544' title='bbox 1826 3617 1897 3682; x_wconf 70' lang='lat' dir='ltr'>dauri</span> <span class='ocrx_word' id='word_1_545' title='bbox 1925 3620 1964 3682; x_wconf 89' lang='lat' dir='ltr'>in</span> <span class='ocrx_word' id='word_1_546' title='bbox 1984 3639 2087 3684; x_wconf 91' lang='lat' dir='ltr'>coena</span> <span class='ocrx_word' id='word_1_547' title='bbox 2107 3616 2235 3684; x_wconf 75' lang='lat' dir='ltr'>Christi</span> 
     </span>
     <span class='ocr_line' id='line_1_40' title="bbox 233 3699 2235 3785; baseline 0.001 -21"><span class='ocrx_word' id='word_1_548' title='bbox 233 3707 343 3764; x_wconf 88' lang='lat' dir='ltr'>autem</span> <span class='ocrx_word' id='word_1_549' title='bbox 360 3702 466 3784; x_wconf 85' lang='lat' dir='ltr'>figura</span> <span class='ocrx_word' id='word_1_550' title='bbox 478 3701 622 3784; x_wconf 92' lang='lat' dir='ltr'>corporis</span> <span class='ocrx_word' id='word_1_551' title='bbox 641 3699 725 3784; x_wconf 89' lang='lat' dir='ltr'>quod</span> <span class='ocrx_word' id='word_1_552' title='bbox 743 3700 820 3765; x_wconf 85' lang='lat' dir='ltr'>alibi</span> <span class='ocrx_word' id='word_1_553' title='bbox 838 3700 916 3765; x_wconf 85' lang='lat' dir='ltr'>erit:</span> <span class='ocrx_word' id='word_1_554' title='bbox 938 3699 1067 3773; x_wconf 83' lang='lat' dir='ltr'>memet,</span> <span class='ocrx_word' id='word_1_555' title='bbox 1092 3701 1206 3783; x_wconf 89' lang='lat' dir='ltr'>inquit,</span> <span class='ocrx_word' id='word_1_556' title='bbox 1258 3719 1395 3785; x_wconf 81' lang='lat' dir='ltr'>corpus,</span> <span class='ocrx_word' id='word_1_557' title='bbox 1408 3722 1506 3784; x_wconf 92' lang='lat' dir='ltr'>quam</span> <span class='ocrx_word' id='word_1_558' title='bbox 1528 3702 1593 3766; x_wconf 87' lang='lat' dir='ltr'>fert</span> <span class='ocrx_word' id='word_1_559' title='bbox 1615 3703 1690 3767; x_wconf 85' lang='lat' dir='ltr'>novi</span> <span class='ocrx_word' id='word_1_560' title='bbox 1712 3706 1899 3775; x_wconf 82' lang='lat' dir='ltr'>testamenti</span> <span class='ocrx_word' id='word_1_561' title='bbox 1927 3705 2025 3782; x_wconf 85' lang='lat' dir='ltr'>ratio,</span> <span class='ocrx_word' id='word_1_562' title='bbox 2053 3724 2176 3785; x_wconf 87' lang='lat' dir='ltr'>nempe</span> <span class='ocrx_word' id='word_1_563' title='bbox 2197 3712 2235 3767; x_wconf 88' lang='lat' dir='ltr'>ut</span> 
     </span>
     <span class='ocr_line' id='line_1_41' title="bbox 231 3784 2235 3871; baseline 0.003 -22"><span class='ocrx_word' id='word_1_564' title='bbox 231 3796 439 3851; x_wconf 62' lang='lat' dir='ltr'>&#39;raesentem</span> <span class='ocrx_word' id='word_1_565' title='bbox 460 3786 552 3851; x_wconf 86' lang='lat' dir='ltr'>vobis</span> <span class='ocrx_word' id='word_1_566' title='bbox 575 3786 726 3863; x_wconf 87' lang='lat' dir='ltr'>exhibeo,</span> <span class='ocrx_word' id='word_1_567' title='bbox 757 3787 819 3850; x_wconf 92' lang='lat' dir='ltr'>hoc</span> <span class='ocrx_word' id='word_1_568' title='bbox 846 3806 963 3869; x_wconf 90' lang='lat' dir='ltr'>corpus</span> <span class='ocrx_word' id='word_1_569' title='bbox 985 3784 1069 3869; x_wconf 91' lang='lat' dir='ltr'>quod</span> <span class='ocrx_word' id='word_1_570' title='bbox 1093 3786 1217 3851; x_wconf 63' lang='lat' dir='ltr'>habeo.</span> <span class='ocrx_word' id='word_1_571' title='bbox 1257 3788 1326 3869; x_wconf 88' lang='lat' dir='ltr'>ipse</span> <span class='ocrx_word' id='word_1_572' title='bbox 1348 3794 1446 3871; x_wconf 87' lang='lat' dir='ltr'>caput</span> <span class='ocrx_word' id='word_1_573' title='bbox 1475 3796 1623 3851; x_wconf 87' lang='lat' dir='ltr'>nostrum</span> <span class='ocrx_word' id='word_1_574' title='bbox 1645 3789 1711 3867; x_wconf 82' lang='lat' dir='ltr'>sit,</span> <span class='ocrx_word' id='word_1_575' title='bbox 1739 3798 1772 3853; x_wconf 86' lang='lat' dir='ltr'>et</span> <span class='ocrx_word' id='word_1_576' title='bbox 1798 3811 1866 3856; x_wconf 90' lang='lat' dir='ltr'>uos·</span> <span class='ocrx_word' id='word_1_577' title='bbox 1886 3792 1956 3856; x_wconf 87' lang='lat' dir='ltr'>sius</span> <span class='ocrx_word' id='word_1_578' title='bbox 1982 3789 2140 3854; x_wconf 78' lang='lat' dir='ltr'>membra</span> <span class='ocrx_word' id='word_1_579' title='bbox 2186 3791 2235 3855; x_wconf 81' lang='lat' dir='ltr'>Ae</span> 
     </span>
     <span class='ocr_line' id='line_1_42' title="bbox 232 3806 2235 3958; baseline 0.001 -22"><span class='ocrx_word' id='word_1_580' title='bbox 232 3806 347 3936; x_wconf 59' lang='lat' dir='ltr'>i&#39;rimo</span> <span class='ocrx_word' id='word_1_581' title='bbox 390 3893 468 3936; x_wconf 89' lang='lat' dir='ltr'>uum</span> <span class='ocrx_word' id='word_1_582' title='bbox 491 3871 567 3936; x_wconf 88' lang='lat' dir='ltr'>alibi</span> <span class='ocrx_word' id='word_1_583' title='bbox 590 3879 728 3937; x_wconf 87' lang='lat' dir='ltr'>testatus</span> <span class='ocrx_word' id='word_1_584' title='bbox 750 3873 811 3937; x_wconf 92' lang='lat' dir='ltr'>sim</span> <span class='ocrx_word' id='word_1_585' title='bbox 840 3893 904 3935; x_wconf 91' lang='lat' dir='ltr'>uon</span> <span class='ocrx_word' id='word_1_586' title='bbox 933 3870 1023 3936; x_wconf 88' lang='lat' dir='ltr'>aliud</span> <span class='ocrx_word' id='word_1_587' title='bbox 1051 3873 1084 3935; x_wconf 92' lang='lat' dir='ltr'>in</span> <span class='ocrx_word' id='word_1_588' title='bbox 1106 3893 1207 3937; x_wconf 85' lang='lat' dir='ltr'>coena</span> <span class='ocrx_word' id='word_1_589' title='bbox 1259 3892 1300 3936; x_wconf 88' lang='lat' dir='ltr'>ne</span> <span class='ocrx_word' id='word_1_590' title='bbox 1323 3872 1453 3956; x_wconf 85' lang='lat' dir='ltr'>longius</span> <span class='ocrx_word' id='word_1_591' title='bbox 1474 3874 1671 3956; x_wconf 86' lang='lat' dir='ltr'>spatiemur,</span> <span class='ocrx_word' id='word_1_592' title='bbox 1701 3895 1768 3939; x_wconf 93' lang='lat' dir='ltr'>non</span> <span class='ocrx_word' id='word_1_593' title='bbox 1791 3875 1855 3940; x_wconf 86' lang='lat' dir='ltr'>alia</span> <span class='ocrx_word' id='word_1_594' title='bbox 1875 3877 1982 3941; x_wconf 86' lang='lat' dir='ltr'>carnis</span> <span class='ocrx_word' id='word_1_595' title='bbox 2005 3884 2040 3939; x_wconf 90' lang='lat' dir='ltr'>et</span> <span class='ocrx_word' id='word_1_596' title='bbox 2060 3875 2235 3958; x_wconf 82' lang='lat' dir='ltr'>sauguinis</span> 
     </span>
     <span class='ocr_line' id='line_1_43' title="bbox 204 3893 2235 4044; baseline 0.002 -22"><span class='ocrx_word' id='word_1_597' title='bbox 204 3955 344 4022; x_wconf 84' lang='lat' dir='ltr'>-offerri</span> <span class='ocrx_word' id='word_1_598' title='bbox 366 3893 491 4021; x_wconf 76' lang='lat' dir='ltr'>dhristi</span> <span class='ocrx_word' id='word_1_599' title='bbox 512 3979 648 4040; x_wconf 91' lang='lat' dir='ltr'>corpus,</span> <span class='ocrx_word' id='word_1_600' title='bbox 678 3977 776 4041; x_wconf 88' lang='lat' dir='ltr'>quam</span> <span class='ocrx_word' id='word_1_601' title='bbox 804 3957 896 4041; x_wconf 71' lang='lat' dir='ltr'>quod‘</span> <span class='ocrx_word' id='word_1_602' title='bbox 918 3958 953 4022; x_wconf 92' lang='lat' dir='ltr'>in</span> <span class='ocrx_word' id='word_1_603' title='bbox 979 3978 1076 4023; x_wconf 89' lang='lat' dir='ltr'>eruce</span> <span class='ocrx_word' id='word_1_604' title='bbox 1092 3958 1205 4023; x_wconf 83' lang='lat' dir='ltr'>’semel</span> <span class='ocrx_word' id='word_1_605' title='bbox 1258 3960 1508 4025; x_wconf 89' lang='lat' dir='ltr'>communicatio</span> <span class='ocrx_word' id='word_1_606' title='bbox 1537 3959 1572 4024; x_wconf 89' lang='lat' dir='ltr'>in</span> <span class='ocrx_word' id='word_1_607' title='bbox 1601 3980 1703 4025; x_wconf 84' lang='lat' dir='ltr'>coena</span> <span class='ocrx_word' id='word_1_608' title='bbox 1720 3962 1910 4044; x_wconf 77' lang='lat' dir='ltr'>-qneemndn</span> <span class='ocrx_word' id='word_1_609' title='bbox 1931 3970 1994 4038; x_wconf 87' lang='lat' dir='ltr'>est,</span> <span class='ocrx_word' id='word_1_610' title='bbox 2028 3978 2127 4043; x_wconf 82' lang='lat' dir='ltr'>quam</span> <span class='ocrx_word' id='word_1_611' title='bbox 2151 3981 2235 4042; x_wconf 83' lang='lat' dir='ltr'>quae</span> 
     </span>
     <span class='ocr_line' id='line_1_44' title="bbox 233 4041 2236 4130; baseline 0.002 -23"><span class='ocrx_word' id='word_1_612' title='bbox 233 4041 378 4107; x_wconf 88' lang='lat' dir='ltr'>oblatum</span> <span class='ocrx_word' id='word_1_613' title='bbox 400 4052 464 4118; x_wconf 91' lang='lat' dir='ltr'>est,</span> <span class='ocrx_word' id='word_1_614' title='bbox 491 4043 629 4108; x_wconf 78' lang='lat' dir='ltr'>facessat</span> <span class='ocrx_word' id='word_1_615' title='bbox 643 4043 815 4108; x_wconf 51' lang='lat' dir='ltr'>¹calumnia</span> <span class='ocrx_word' id='word_1_616' title='bbox 836 4064 934 4126; x_wconf 89' lang='lat' dir='ltr'>quam</span> <span class='ocrx_word' id='word_1_617' title='bbox 957 4065 998 4107; x_wconf 81' lang='lat' dir='ltr'>ex</span> <span class='ocrx_word' id='word_1_618' title='bbox 1020 4063 1100 4108; x_wconf 88' lang='lat' dir='ltr'>voce</span> <span class='ocrx_word' id='word_1_619' title='bbox 1122 4046 1204 4128; x_wconf 77' lang='lat' dir='ltr'>figu-</span> <span class='ocrx_word' id='word_1_620' title='bbox 1247 4066 1278 4108; x_wconf 86' lang='lat' dir='ltr'>a</span> <span class='ocrx_word' id='word_1_621' title='bbox 1306 4044 1438 4110; x_wconf 89' lang='lat' dir='ltr'>Christo</span> <span class='ocrx_word' id='word_1_622' title='bbox 1473 4043 1669 4111; x_wconf 89' lang='lat' dir='ltr'>describitur</span> <span class='ocrx_word' id='word_1_623' title='bbox 1701 4047 1835 4112; x_wconf 76' lang='lat' dir='ltr'>Ioannis</span> <span class='ocrx_word' id='word_1_624' title='bbox 1869 4048 1928 4112; x_wconf 84' lang='lat' dir='ltr'>VI.</span> <span class='ocrx_word' id='word_1_625' title='bbox 1964 4048 2085 4130; x_wconf 78' lang='lat' dir='ltr'>capite,</span> <span class='ocrx_word' id='word_1_626' title='bbox 2120 4069 2141 4111; x_wconf 88' lang='lat' dir='ltr'>a</span> <span class='ocrx_word' id='word_1_627' title='bbox 2168 4068 2236 4129; x_wconf 79' lang='lat' dir='ltr'>qua</span> 
     </span>
     <span class='ocr_line' id='line_1_45' title="bbox 233 4128 2235 4216; baseline 0.002 -24"><span class='ocrx_word' id='word_1_628' title='bbox 233 4149 290 4192; x_wconf 88' lang='lat' dir='ltr'>rae</span> <span class='ocrx_word' id='word_1_629' title='bbox 304 4135 379 4191; x_wconf 79' lang='lat' dir='ltr'>&#39;tam</span> <span class='ocrx_word' id='word_1_630' title='bbox 407 4128 521 4213; x_wconf 90' lang='lat' dir='ltr'>cupide</span> <span class='ocrx_word' id='word_1_631' title='bbox 548 4139 720 4213; x_wconf 84' lang='lat' dir='ltr'>venantur.</span> <span class='ocrx_word' id='word_1_632' title='bbox 771 4129 960 4207; x_wconf 82' lang='lat' dir='ltr'>Caeterum,</span> <span class='ocrx_word' id='word_1_633' title='bbox 989 4130 1072 4195; x_wconf 89' lang='lat' dir='ltr'>sicut</span> <span class='ocrx_word' id='word_1_634' title='bbox 1099 4132 1206 4213; x_wconf 86' lang='lat' dir='ltr'>figura</span> <span class='ocrx_word' id='word_1_635' title='bbox 1257 4130 1353 4214; x_wconf 89' lang='lat' dir='ltr'>longe</span> <span class='ocrx_word' id='word_1_636' title='bbox 1375 4131 1538 4213; x_wconf 85' lang='lat' dir='ltr'>discrepat</span> <span class='ocrx_word' id='word_1_637' title='bbox 1565 4134 1706 4197; x_wconf 84' lang='lat' dir='ltr'>earnalis</span> <span class='ocrx_word' id='word_1_638' title='bbox 1728 4154 1819 4210; x_wconf 92' lang='lat' dir='ltr'>esus,</span> <span class='ocrx_word' id='word_1_639' title='bbox 1848 4152 1911 4216; x_wconf 89' lang='lat' dir='ltr'>quo</span> <span class='ocrx_word' id='word_1_640' title='bbox 1925 4156 1968 4200; x_wconf 82' lang='lat' dir='ltr'>se</span> <span class='ocrx_word' id='word_1_641' title='bbox 1989 4155 2047 4216; x_wconf 89' lang='lat' dir='ltr'>per</span> <span class='ocrx_word' id='word_1_642' title='bbox 2067 4135 2235 4199; x_wconf 84' lang='lat' dir='ltr'>somnium</span> 
     </span>
     <span class='ocr_line' id='line_1_46' title="bbox 232 4212 1774 4298; baseline 0.003 -19"><span class='ocrx_word' id='word_1_643' title='bbox 232 4234 303 4279; x_wconf 89' lang='lat' dir='ltr'>rem</span> <span class='ocrx_word' id='word_1_644' title='bbox 326 4212 490 4297; x_wconf 87' lang='lat' dir='ltr'>signatam</span> <span class='ocrx_word' id='word_1_645' title='bbox 510 4235 578 4279; x_wconf 90' lang='lat' dir='ltr'>non</span> <span class='ocrx_word' id='word_1_646' title='bbox 599 4215 757 4280; x_wconf 88' lang='lat' dir='ltr'>excludit:</span> <span class='ocrx_word' id='word_1_647' title='bbox 787 4216 839 4279; x_wconf 85' lang='lat' dir='ltr'>ita</span> <span class='ocrx_word' id='word_1_648' title='bbox 860 4234 921 4279; x_wconf 85' lang='lat' dir='ltr'>nee</span> <span class='ocrx_word' id='word_1_649' title='bbox 947 4215 1086 4298; x_wconf 86' lang='lat' dir='ltr'>figuram</span> <span class='ocrx_word' id='word_1_650' title='bbox 1107 4237 1204 4298; x_wconf 87' lang='lat' dir='ltr'>repu-</span> <span class='ocrx_word' id='word_1_651' title='bbox 1257 4227 1397 4298; x_wconf 85' lang='lat' dir='ltr'>pascunt</span> <span class='ocrx_word' id='word_1_652' title='bbox 1418 4217 1519 4283; x_wconf 86' lang='lat' dir='ltr'>crassi</span> <span class='ocrx_word' id='word_1_653' title='bbox 1540 4219 1595 4282; x_wconf 85' lang='lat' dir='ltr'>isti</span> <span class='ocrx_word' id='word_1_654' title='bbox 1616 4217 1774 4284; x_wconf 83' lang='lat' dir='ltr'>doctores.</span> 
     </span>
     <span class='ocr_line' id='line_1_47' title="bbox 233 4298 2235 4388; baseline 0.003 -24"><span class='ocrx_word' id='word_1_655' title='bbox 233 4299 302 4364; x_wconf 89' lang='lat' dir='ltr'>diat</span> <span class='ocrx_word' id='word_1_656' title='bbox 324 4300 452 4364; x_wconf 82' lang='lat' dir='ltr'>veritts.</span> <span class='ocrx_word' id='word_1_657' title='bbox 498 4298 874 4383; x_wconf 74' lang='lat' dir='ltr'>Quidenimprohibet,</span> <span class='ocrx_word' id='word_1_658' title='bbox 902 4302 1095 4383; x_wconf 91' lang='lat' dir='ltr'>quominus</span> <span class='ocrx_word' id='word_1_659' title='bbox 1118 4302 1204 4366; x_wconf 88' lang='lat' dir='ltr'>filius</span> <span class='ocrx_word' id='word_1_660' title='bbox 1346 4305 1456 4368; x_wconf 72' lang='lat' dir='ltr'>Tertia</span> <span class='ocrx_word' id='word_1_661' title='bbox 1484 4303 1610 4368; x_wconf 86' lang='lat' dir='ltr'>decima</span> <span class='ocrx_word' id='word_1_662' title='bbox 1635 4304 1814 4370; x_wconf 86' lang='lat' dir='ltr'>obiectione</span> <span class='ocrx_word' id='word_1_663' title='bbox 1841 4304 1925 4382; x_wconf 85' lang='lat' dir='ltr'>nihil</span> <span class='ocrx_word' id='word_1_664' title='bbox 1939 4304 2040 4369; x_wconf 84' lang='lat' dir='ltr'>¹eliud</span> <span class='ocrx_word' id='word_1_665' title='bbox 2069 4326 2171 4388; x_wconf 87' lang='lat' dir='ltr'>quam</span> <span class='ocrx_word' id='word_1_666' title='bbox 2200 4326 2235 4370; x_wconf 87' lang='lat' dir='ltr'>se</span> 
     </span>
     <span class='ocr_line' id='line_1_48' title="bbox 231 4383 2235 4474; baseline 0.001 -22"><span class='ocrx_word' id='word_1_667' title='bbox 231 4384 305 4461; x_wconf 89' lang='lat' dir='ltr'>Dei,</span> <span class='ocrx_word' id='word_1_668' title='bbox 329 4383 406 4449; x_wconf 92' lang='lat' dir='ltr'>dum</span> <span class='ocrx_word' id='word_1_669' title='bbox 429 4384 470 4449; x_wconf 88' lang='lat' dir='ltr'>ad</span> <span class='ocrx_word' id='word_1_670' title='bbox 491 4387 598 4456; x_wconf 87' lang='lat' dir='ltr'>carnis</span> <span class='ocrx_word' id='word_1_671' title='bbox 620 4397 653 4451; x_wconf 84' lang='lat' dir='ltr'>et</span> <span class='ocrx_word' id='word_1_672' title='bbox 675 4386 845 4472; x_wconf 86' lang='lat' dir='ltr'>sauguinis</span> <span class='ocrx_word' id='word_1_673' title='bbox 864 4389 913 4451; x_wconf 91' lang='lat' dir='ltr'>sui</span> <span class='ocrx_word' id='word_1_674' title='bbox 925 4387 1204 4470; x_wconf 86' lang='lat' dir='ltr'>participationem</span> <span class='ocrx_word' id='word_1_675' title='bbox 1256 4390 1403 4454; x_wconf 74' lang='lat' dir='ltr'>falsarios</span> <span class='ocrx_word' id='word_1_676' title='bbox 1432 4398 1465 4452; x_wconf 91' lang='lat' dir='ltr'>et</span> <span class='ocrx_word' id='word_1_677' title='bbox 1493 4389 1664 4471; x_wconf 88' lang='lat' dir='ltr'>improbos</span> <span class='ocrx_word' id='word_1_678' title='bbox 1685 4390 1938 4456; x_wconf 77' lang='lat' dir='ltr'>calumniatores</span> <span class='ocrx_word' id='word_1_679' title='bbox 1964 4391 2129 4474; x_wconf 68' lang='lat' dir='ltr'>produnte</span> <span class='ocrx_word' id='word_1_680' title='bbox 2158 4392 2235 4474; x_wconf 91' lang='lat' dir='ltr'>quia</span> 
     </span>
     <span class='ocr_line' id='line_1_49' title="bbox 229 4471 2235 4560; baseline 0.002 -23"><span class='ocrx_word' id='word_1_681' title='bbox 229 4490 292 4538; x_wconf 73' lang='lat' dir='ltr'>‘nos</span> <span class='ocrx_word' id='word_1_682' title='bbox 314 4471 448 4549; x_wconf 79' lang='lat' dir='ltr'>invitat,</span> <span class='ocrx_word' id='word_1_683' title='bbox 477 4472 575 4536; x_wconf 86' lang='lat' dir='ltr'>simul</span> <span class='ocrx_word' id='word_1_684' title='bbox 603 4474 701 4558; x_wconf 86' lang='lat' dir='ltr'>etiam</span> <span class='ocrx_word' id='word_1_685' title='bbox 729 4471 913 4537; x_wconf 82' lang='lat' dir='ltr'>infirmitati</span> <span class='ocrx_word' id='word_1_686' title='bbox 937 4481 1066 4536; x_wconf 87' lang='lat' dir='ltr'>nostrae</span> <span class='ocrx_word' id='word_1_687' title='bbox 1088 4476 1203 4537; x_wconf 84' lang='lat' dir='ltr'>coned—</span> <span class='ocrx_word' id='word_1_688' title='bbox 1256 4497 1322 4540; x_wconf 90' lang='lat' dir='ltr'>non</span> <span class='ocrx_word' id='word_1_689' title='bbox 1345 4475 1438 4539; x_wconf 79' lang='lat' dir='ltr'>alind</span> <span class='ocrx_word' id='word_1_690' title='bbox 1452 4492 1571 4557; x_wconf 88' lang='lat' dir='ltr'>corpus</span> <span class='ocrx_word' id='word_1_691' title='bbox 1593 4475 2005 4553; x_wconf 70' lang='lat' dir='ltr'>sedarechristusdieib</span> <span class='ocrx_word' id='word_1_692' title='bbox 2025 4476 2235 4560; x_wconf 69' lang='lat' dir='ltr'>quaequod</span> 
     </span>
     <span class='ocr_line' id='line_1_50' title="bbox 231 4556 2236 4646; baseline 0.002 -25"><span class='ocrx_word' id='word_1_693' title='bbox 231 4556 305 4622; x_wconf 90' lang='lat' dir='ltr'>lens</span> <span class='ocrx_word' id='word_1_694' title='bbox 326 4569 486 4641; x_wconf 87' lang='lat' dir='ltr'>proponat</span> <span class='ocrx_word' id='word_1_695' title='bbox 508 4569 680 4624; x_wconf 89' lang='lat' dir='ltr'>externum</span> <span class='ocrx_word' id='word_1_696' title='bbox 702 4558 908 4646; x_wconf 78' lang='lat' dir='ltr'>symbolum?</span> <span class='ocrx_word' id='word_1_697' title='bbox 941 4558 1010 4622; x_wconf 87' lang='lat' dir='ltr'>Nos</span> <span class='ocrx_word' id='word_1_698' title='bbox 1031 4579 1110 4622; x_wconf 85' lang='lat' dir='ltr'>vero</span> <span class='ocrx_word' id='word_1_699' title='bbox 1128 4560 1204 4641; x_wconf 89' lang='lat' dir='ltr'>qnia</span> <span class='ocrx_word' id='word_1_700' title='bbox 1255 4557 1352 4644; x_wconf 86' lang='lat' dir='ltr'>paulo</span> <span class='ocrx_word' id='word_1_701' title='bbox 1384 4568 1456 4643; x_wconf 88' lang='lat' dir='ltr'>post</span> <span class='ocrx_word' id='word_1_702' title='bbox 1484 4561 1520 4624; x_wconf 85' lang='lat' dir='ltr'>in</span> <span class='ocrx_word' id='word_1_703' title='bbox 1551 4576 1646 4626; x_wconf 86' lang='lat' dir='ltr'>cruce</span> <span class='ocrx_word' id='word_1_704' title='bbox 1681 4563 1893 4628; x_wconf 83' lang='lat' dir='ltr'>mactandum</span> <span class='ocrx_word' id='word_1_705' title='bbox 1926 4575 2005 4627; x_wconf 76' lang='lat' dir='ltr'>erat</span> <span class='ocrx_word' id='word_1_706' title='bbox 2062 4563 2236 4646; x_wconf 82' lang='lat' dir='ltr'>(infligunt</span> 
     </span>
     <span class='ocr_line' id='line_1_51' title="bbox 231 4641 2235 4730; baseline 0.002 -21"><span class='ocrx_word' id='word_1_707' title='bbox 231 4641 413 4709; x_wconf 89' lang='lat' dir='ltr'>Dominum</span> <span class='ocrx_word' id='word_1_708' title='bbox 434 4645 541 4727; x_wconf 90' lang='lat' dir='ltr'>ipsum</span> <span class='ocrx_word' id='word_1_709' title='bbox 569 4644 744 4728; x_wconf 84' lang='lat' dir='ltr'>statuimus</span> <span class='ocrx_word' id='word_1_710' title='bbox 765 4644 1011 4710; x_wconf 85' lang='lat' dir='ltr'>non-fallaciter</span> <span class='ocrx_word' id='word_1_711' title='bbox 1036 4644 1203 4709; x_wconf 86' lang='lat' dir='ltr'>nobiscum</span> <span class='ocrx_word' id='word_1_712' title='bbox 1256 4667 1320 4711; x_wconf 90' lang='lat' dir='ltr'>uon</span> <span class='ocrx_word' id='word_1_713' title='bbox 1343 4668 1414 4711; x_wconf 82' lang='lat' dir='ltr'>esse</span> <span class='ocrx_word' id='word_1_714' title='bbox 1422 4647 1594 4729; x_wconf 78' lang='lat' dir='ltr'>spirituale</span> <span class='ocrx_word' id='word_1_715' title='bbox 1607 4654 1735 4729; x_wconf 82' lang='lat' dir='ltr'>corpus,</span> <span class='ocrx_word' id='word_1_716' title='bbox 1760 4649 1821 4713; x_wconf 93' lang='lat' dir='ltr'>hoo</span> <span class='ocrx_word' id='word_1_717' title='bbox 1834 4657 1906 4726; x_wconf 41' lang='lat' dir='ltr'>ests</span> <span class='ocrx_word' id='word_1_718' title='bbox 1916 4649 2094 4727; x_wconf 67' lang='lat' dir='ltr'>melodum,</span> <span class='ocrx_word' id='word_1_719' title='bbox 2126 4647 2235 4730; x_wconf 73' lang='lat' dir='ltr'>Quasi</span> 
     </span>
     <span class='ocr_line' id='line_1_52' title="bbox 226 4728 2234 4817; baseline 0.004 -25"><span class='ocrx_word' id='word_1_720' title='bbox 226 4749 338 4813; x_wconf 14' lang='lat' dir='ltr'>magere,</span> <span class='ocrx_word' id='word_1_721' title='bbox 361 4738 450 4794; x_wconf 90' lang='lat' dir='ltr'>certe</span> <span class='ocrx_word' id='word_1_722' title='bbox 472 4730 656 4813; x_wconf 86' lang='lat' dir='ltr'>colligimus</span> <span class='ocrx_word' id='word_1_723' title='bbox 678 4728 748 4793; x_wconf 85' lang='lat' dir='ltr'>dari</span> <span class='ocrx_word' id='word_1_724' title='bbox 771 4731 865 4796; x_wconf 85' lang='lat' dir='ltr'>uobis</span> <span class='ocrx_word' id='word_1_725' title='bbox 884 4751 1009 4814; x_wconf 87' lang='lat' dir='ltr'>corpus,</span> <span class='ocrx_word' id='word_1_726' title='bbox 1029 4728 1106 4794; x_wconf 90' lang='lat' dir='ltr'>dum</span> <span class='ocrx_word' id='word_1_727' title='bbox 1130 4735 1203 4810; x_wconf 76' lang='lat' dir='ltr'>[pag.</span> <span class='ocrx_word' id='word_1_728' title='bbox 1255 4753 1334 4797; x_wconf 87' lang='lat' dir='ltr'>vero</span> <span class='ocrx_word' id='word_1_729' title='bbox 1356 4733 1535 4817; x_wconf 82' lang='lat' dir='ltr'>mysticum</span> <span class='ocrx_word' id='word_1_730' title='bbox 1559 4733 1592 4796; x_wconf 90' lang='lat' dir='ltr'>in</span> <span class='ocrx_word' id='word_1_731' title='bbox 1614 4752 1732 4797; x_wconf 83' lang='lat' dir='ltr'>coena</span> <span class='ocrx_word' id='word_1_732' title='bbox 1749 4752 1868 4817; x_wconf 90' lang='lat' dir='ltr'>eorpus</span> <span class='ocrx_word' id='word_1_733' title='bbox 1892 4751 2070 4803; x_wconf 82' lang='lat' dir='ltr'>sumamus</span> <span class='ocrx_word' id='word_1_734' title='bbox 2088 4756 2153 4816; x_wconf 85' lang='lat' dir='ltr'>pro</span> <span class='ocrx_word' id='word_1_735' title='bbox 2180 4756 2234 4801; x_wconf 87' lang='lat' dir='ltr'>oo-</span> 
     </span>
     <span class='ocr_line' id='line_1_53' title="bbox 237 4793 2235 4900; baseline 0.005 -22"><span class='ocrx_word' id='word_1_736' title='bbox 237 4807 318 4894; x_wconf 77' lang='lat'>139]&#39;</span> <span class='ocrx_word' id='word_1_737' title='bbox 333 4816 402 4879; x_wconf 89' lang='lat' dir='ltr'>eins</span> <span class='ocrx_word' id='word_1_738' title='bbox 424 4817 565 4898; x_wconf 87' lang='lat' dir='ltr'>figuram</span> <span class='ocrx_word' id='word_1_739' title='bbox 588 4825 664 4880; x_wconf 91' lang='lat' dir='ltr'>ante</span> <span class='ocrx_word' id='word_1_740' title='bbox 686 4816 795 4882; x_wconf 90' lang='lat' dir='ltr'>oculos</span> <span class='ocrx_word' id='word_1_741' title='bbox 818 4826 946 4881; x_wconf 87' lang='lat' dir='ltr'>nostros</span> <span class='ocrx_word' id='word_1_742' title='bbox 969 4814 1109 4881; x_wconf 85' lang='lat' dir='ltr'>exhibet.</span> <span class='ocrx_word' id='word_1_743' title='bbox 1142 4817 1202 4880; x_wconf 87' lang='lat' dir='ltr'>Vi·</span> <span class='ocrx_word' id='word_1_744' title='bbox 1227 4793 1230 4881; x_wconf 74' lang='lat' dir='ltr'>l</span> <span class='ocrx_word' id='word_1_745' title='bbox 1255 4819 1363 4884; x_wconf 88' lang='lat' dir='ltr'>clesia.</span> <span class='ocrx_word' id='word_1_746' title='bbox 1412 4818 1485 4883; x_wconf 86' lang='lat' dir='ltr'>Hoe</span> <span class='ocrx_word' id='word_1_747' title='bbox 1508 4826 1615 4894; x_wconf 83' lang='lat' dir='ltr'>uerte,</span> <span class='ocrx_word' id='word_1_748' title='bbox 1647 4818 1752 4882; x_wconf 89' lang='lat' dir='ltr'>velint</span> <span class='ocrx_word' id='word_1_749' title='bbox 1780 4825 1853 4900; x_wconf 76' lang='lat' dir='ltr'>[pag.</span> <span class='ocrx_word' id='word_1_750' title='bbox 1883 4826 1964 4900; x_wconf 68' lang='lat'>142}</span> <span class='ocrx_word' id='word_1_751' title='bbox 1986 4822 2108 4898; x_wconf 87' lang='lat' dir='ltr'>nolint,</span> <span class='ocrx_word' id='word_1_752' title='bbox 2140 4822 2235 4887; x_wconf 82' lang='lat' dir='ltr'>uehis</span> 
     </span>
     <span class='ocr_line' id='line_1_54' title="bbox 228 4898 2235 4995; baseline 0.005 -32"><span class='ocrx_word' id='word_1_753' title='bbox 228 4898 342 4964; x_wconf 76' lang='lat' dir='ltr'>&#39;derint</span> <span class='ocrx_word' id='word_1_754' title='bbox 367 4908 478 4965; x_wconf 86' lang='lat' dir='ltr'>tamen</span> <span class='ocrx_word' id='word_1_755' title='bbox 504 4900 662 4984; x_wconf 88' lang='lat' dir='ltr'>quomodo</span> <span class='ocrx_word' id='word_1_756' title='bbox 688 4900 815 4967; x_wconf 88' lang='lat' dir='ltr'>dederit</span> <span class='ocrx_word' id='word_1_757' title='bbox 842 4902 995 4967; x_wconf 91' lang='lat' dir='ltr'>Christus</span> <span class='ocrx_word' id='word_1_758' title='bbox 1027 4900 1090 4966; x_wconf 90' lang='lat' dir='ltr'>sub</span> <span class='ocrx_word' id='word_1_759' title='bbox 1118 4915 1203 4984; x_wconf 84' lang='lat' dir='ltr'>pune</span> <span class='ocrx_word' id='word_1_760' title='bbox 1246 4906 1451 4995; x_wconf 79' lang='lat' dir='ltr'>principium</span> <span class='ocrx_word' id='word_1_761' title='bbox 1471 4903 1639 4986; x_wconf 73' lang='lat' dir='ltr'>otimipsls</span> <span class='ocrx_word' id='word_1_762' title='bbox 1657 4907 1832 4971; x_wconf 79' lang='lat' dir='ltr'>commuue</span> <span class='ocrx_word' id='word_1_763' title='bbox 1846 4914 1905 4972; x_wconf 89' lang='lat' dir='ltr'>est:</span> <span class='ocrx_word' id='word_1_764' title='bbox 1927 4906 2093 4992; x_wconf 78' lang='lat' dir='ltr'>designari</span> <span class='ocrx_word' id='word_1_765' title='bbox 2106 4906 2235 4973; x_wconf 80' lang='lat' dir='ltr'>Christi</span> 
     </span>
     <span class='ocr_line' id='line_1_55' title="bbox 234 4983 1815 5074; baseline 0.002 -25"><span class='ocrx_word' id='word_1_766' title='bbox 234 4983 399 5074; x_wconf 87' lang='lat' dir='ltr'>discipulis</span> <span class='ocrx_word' id='word_1_767' title='bbox 409 4985 495 5051; x_wconf 88' lang='lat' dir='ltr'>idem</span> <span class='ocrx_word' id='word_1_768' title='bbox 511 4987 600 5071; x_wconf 87' lang='lat' dir='ltr'>&#39;quod</span> <span class='ocrx_word' id='word_1_769' title='bbox 610 4988 756 5071; x_wconf 89' lang='lat' dir='ltr'>ipsorum</span> <span class='ocrx_word' id='word_1_770' title='bbox 775 4987 878 5053; x_wconf 92' lang='lat' dir='ltr'>oculis</span> <span class='ocrx_word' id='word_1_771' title='bbox 889 4987 1064 5053; x_wconf 89' lang='lat' dir='ltr'>obiiciebat</span> <span class='ocrx_word' id='word_1_772' title='bbox 1075 5000 1202 5070; x_wconf 87' lang='lat' dir='ltr'>corpus.</span> <span class='ocrx_word' id='word_1_773' title='bbox 1245 5012 1253 5019; x_wconf 84' lang='lat'><strong>·</strong></span> <span class='ocrx_word' id='word_1_774' title='bbox 1338 5005 1339 5010; x_wconf 72' lang='grc'>’</span> <span class='ocrx_word' id='word_1_775' title='bbox 1656 5030 1657 5035; x_wconf 22' lang='grc' dir='ltr'><strong>κ</strong></span> <span class='ocrx_word' id='word_1_776' title='bbox 1711 5022 1713 5033; x_wconf 86' lang='grc'><em>·</em></span> <span class='ocrx_word' id='word_1_777' title='bbox 1813 5014 1815 5019; x_wconf 61' lang='grc'>’</span> 
     </span>
     <span class='ocr_line' id='line_1_56' title="bbox 223 5067 1203 5155; baseline 0.006 -23"><span class='ocrx_word' id='word_1_778' title='bbox 223 5067 373 5148; x_wconf 79' lang='lat' dir='ltr'>&#39;Naursi</span> <span class='ocrx_word' id='word_1_779' title='bbox 406 5072 522 5137; x_wconf 81' lang='lat' dir='ltr'>volunt</span> <span class='ocrx_word' id='word_1_780' title='bbox 556 5071 811 5140; x_wconf 88' lang='lat' dir='ltr'>substantialiter</span> <span class='ocrx_word' id='word_1_781' title='bbox 843 5071 903 5137; x_wconf 90' lang='lat' dir='ltr'>sub</span> <span class='ocrx_word' id='word_1_782' title='bbox 935 5094 1020 5155; x_wconf 83' lang='lat' dir='ltr'>pane</span> <span class='ocrx_word' id='word_1_783' title='bbox 1052 5087 1203 5138; x_wconf 81' lang='lat' dir='ltr'>voratum</span> 
     </span>
     <span class='ocr_line' id='line_1_57' title="bbox 233 5156 1828 5247; baseline 0.013 -31"><span class='ocrx_word' id='word_1_784' title='bbox 233 5174 313 5233; x_wconf 79' lang='lat' dir='ltr'>esse,</span> <span class='ocrx_word' id='word_1_785' title='bbox 337 5157 456 5238; x_wconf 88' lang='lat' dir='ltr'>duplex</span> <span class='ocrx_word' id='word_1_786' title='bbox 478 5158 540 5223; x_wconf 84' lang='lat' dir='ltr'>fuit</span> <span class='ocrx_word' id='word_1_787' title='bbox 558 5156 792 5224; x_wconf 87' lang='lat' dir='ltr'>illiusuatura:</span> <span class='ocrx_word' id='word_1_788' title='bbox 814 5158 890 5242; x_wconf 89' lang='lat' dir='ltr'>quia</span> <span class='ocrx_word' id='word_1_789' title='bbox 910 5159 1021 5221; x_wconf 89' lang='lat' dir='ltr'>unoin</span> <span class='ocrx_word' id='word_1_790' title='bbox 1044 5158 1114 5224; x_wconf 88' lang='lat' dir='ltr'>loco</span> <span class='ocrx_word' id='word_1_791' title='bbox 1133 5167 1205 5224; x_wconf 78' lang='lat' dir='ltr'>erat</span> <span class='ocrx_word' id='word_1_792' title='bbox 1253 5198 1255 5201; x_wconf 30' lang='grc' dir='ltr'><em>ν</em></span> <span class='ocrx_word' id='word_1_793' title='bbox 1324 5175 1353 5244; x_wconf 78' lang='lat'>1)</span> <span class='ocrx_word' id='word_1_794' title='bbox 1366 5178 1780 5247; x_wconf 67' lang='lat' dir='ltr'>sscoumntcrsrtdemisom</span> <span class='ocrx_word' id='word_1_795' title='bbox 1803 5208 1828 5218; x_wconf 78' lang='lat'>..</span> 
     </span>
    </p>
   </div>
   <div class='ocr_carea' id='block_1_3' title="bbox 0 0 2392 5844">
    <p class='ocr_par' dir='ltr' id='par_1_3' title="bbox 0 0 2392 5844">
     <span class='ocr_line' id='line_1_58' title="bbox 0 0 2392 5844; baseline 0 0"><span class='ocrx_word' id='word_1_796' title='bbox 0 0 2392 5844; x_wconf 95' lang='lat' dir='ltr'> </span> 
     </span>
    </p>
   </div>
  </div>
 </body>
</html>
