4590 5858
61 276 132 339 eoa·
878 260 1245 344 Pammenes
1995 285 2058 351 666

61 466 121 549 661
141 464 237 530 estoit
258 462 373 530 Christ
406 459 438 528 16
454 459 637 550 ‘Seigneuu
687 464 733 529 Et
760 485 826 530 non
854 456 1039 543 seulement
1062 473 1065 494 ¹
1089 464 1187 529 etiam
1209 464 1324 549 angelo
1347 465 1457 531 statim
1479 466 1616 533 66666616
1637 472 1687 531 tot
1708 467 1845 534 aliorum
1864 469 2059 536 coniunctus

62 553 113 617 fat
134 556 269 636 apporta
290 570 430 634 parang
442 562 578 700 'anpe‘ce
591 569 754 634 messago:
776 551 859 615 mais
870 559 1037 634 66666666
1089 557 1122 615 ot
1139 551 1303 616 unanimis
1324 559 1508 629 concentus,
1532 574 1633 637 quum
1650 552 1708 619 1116
1725 556 1909 622 nativitatis
1926 556 2061 622 Domini

63 657 125 722 par
146 635 270 722 grando
287 635 464 701 multitude
508 657 543 702 es
556 638 678 722 Auges,
700 638 850 721 qni·tous
872 636 1037 702 ensemblc
1089 644 1282 720 argumento
1304 635 1455 703 Gloriam
1484 639 1519 703 in
1547 639 1685 705 excelsis
1707 640 1788 719 Deo,
1819 662 1931 724 paoem
1955 642 2059 707 homi·

62 721 232 789 rendirent
253 721 355 808 gleire
384 743 427 787 au
449 719 628 807 Seigncnr,
656 730 689 786 et
715 729 938 788 annoncerent
959 722 1037 806 paix
1089 721 1185 786 nibus
1217 723 1253 786 in
1285 732 1373 788 terra
1405 722 1626 791 decantarent.
1681 725 1751 790 Nee
1783 728 1892 793 minus
1925 723 2059 793 Simeon

61 829 106 874 en
128 817 224 873 terre.
269 805 404 874 Simeon
432 808 463 872 le
490 809 575 874 16666
597 830 637 873 66
661 808 782 892 6666616
805 808 1041 892 prophetieque'
1089 806 1196 872 iustus
1217 807 1273 872 illo
1294 808 1329 873 in
1340 808 1456 891 spiritu
1479 809 1668 894 prophetico
1680 811 1852 876 Christum
1871 814 1977 879 fassus
1999 820 2059 891 est,

62 893 106 959 l‘a
128 893 335 959 hanltement
355 893 509 959 66616666.
554 893 620 959 (lar
641 901 755 959 666666
772 901 865 959 entre
888 913 940 960 ses
961 894 1037 959 bras
1089 890 1168 956 dum
1195 893 1299 976 passis
1322 894 1409 960 61616
1435 894 1543 960 adhue
1571 895 1729 961 tenellum
1754 897 1790 961 in
1818 898 1940 981 templo
1971 918 2060 965 eom·

62 980 96 1045 le
127 980 209 1063 petit
237 981 365 1054 661666,
398 999 418 1044 6
450 978 534 1045 diet:
567 979 776 1044 Maintenant
806 977 862 1045 Sci
910 1001 969 1044 eur
1001 986 1038 1044 tu
1089 983 1215 1060 plexus,
1238 979 1367 1063 excepit
1390 980 1440 1045 his
1463 981 1571 1046 verbis
1599 981 1639 1047 ad
1663 982 1855 1048 Dominum:
1884 984 1983 1050 Nunc
2009 982 2059 1048 di-

59 1065 161 1132 laisse
179 1073 237 1131 ton
259 1066 420 1131 serviteur
447 1085 486 1130 66
515 1066 591 1149 pair
624 1064 715 1131 selon
742 1071 778 1132 ta
796 1085 876 1148 6666
889 1064 928 1130 16.
972 1063 1039 1130 (166
1089 1064 1192 1129 mittis
1224 1084 1360 1130 servum
1398 1074 1493 1131 tuum
1526 1068 1666 1133 Domine
1703 1068 1893 1134 secundnm·
1921 1071 2059 1136 verbnm

64 1173 133 1218 mes
167 1150 269 1236 yenlx
303 1159 362 1217 ont
393 1171 460 1226 ,666
492 1158 551 1216 666
581 1151 751 1216 salntaire:
785 1150 893 1234 lequel
931 1157 968 1216 66
1000 1171 1037 1215 as
1089 1155 1184 1214 tuum
1206 1150 1241 1214 in
1262 1171 1350 1233 paee,
1373 1153 1448 1234 6616
1459 1151 1613 1218 61166666
1629 1153 1714 1220 66611
1726 1156 1791 1218 mei
1808 1154 1947 1220 salutem
1959 1150 2059 1236 66661,

86 1246 202 1322 666666
235 1236 356 1304 166666
387 1237 420 1302 16
450 1238 520 1303 face
552 1235 592 1301 do
625 1247 696 1302 tous
728 1236 871 1321 peuples.
929 1235 1035 1301 Iehen
1088 1254 1185 1317 quam
1203 1237 1326 1318 parasti
1348 1246 1423 1304 ante
1443 1239 1558 1303 faeiem
1575 1239 1722 1304 omnium
1739 1238 1944 1324 populorum.
1978 1241 2060 1307 Per-

60 1259 204 1406 baptiste
234 1345 276 1388 en
310 1345 329 1388 a
360 1322 452 1406 parle
483 1322 572 1388 aussi
605 1344 729 1388 comme
766 1322 791 1386 11
822 1322 1035 1407 66666666616,
1088 1319 1164 1384 1616
1201 1322 1301 1387 etiam
1328 1322 1471 1388 Ioannes
1501 1324 1652 1407 Baptista
1684 1323 1725 1389 de
1752 1325 1809 1390 illo
1837 1327 2060 1392 testimonium

61 1407 186 1490 Qnand
219 1408 250 1473 le
285 1418 409 1495 voyant
434 1409 529 1473 venir
561 1430 603 1473 au
636 1410 743 1473 fleuve
763 1406 886 1473 166166
908 1407 932 1472 il
955 1406 1034 1472 diet:
1088 1407 1218 1490 insigne
1250 1415 1323 1471 tum
1354 1410 1496 1475 maxime
1529 1407 1645 1488 edidit,
1678 1431 1780 1493 quum
1812 1409 1854 1476 ad
1885 1410 2060 1477 Iordanem

64 1494 173 1578 Voioy
194 1494 359 1579 l'aigneau
382 1493 423 1560 de
444 1495 540 1572 Dion,
570 1495 664 1579 voicy
687 1494 782 1578 celuy
808 1493 865 1576 qui
890 1500 960 1560 6666
987 1494 1036 1559 166
1088 1490 1183 1556 illum
1210 1493 1357 1571 1666666,
1391 1494 1486 1574 Eece,
1513 1495 1628 1578 inquit,
1660 1517 1766 1580 agam
1798 1495 1855 1561 ille
1883 1496 1960 1562 Dei:
1986 1517 2060 1565 eece

63 1579 186 1664 peohez
208 1578 250 1644 du
273 1580 401 1646 monde.
445 1581 560 1646 Pierre
577 1589 611 1645 66
638 1589 711 1645 tous
740 1579 788 1644 les
809 1588 956 1662 apostres
979 1587 1037 1644 ont
1088 1577 1145 1659 qui
1166 1572 1251 1642 tollit
1272 1587 1441 1662 peecatum
1463 1580 1586 1646 mundi.
1630 1581 1703 1647 Hoc
1725 1582 1831 1664 ipsum
1850 1581 1967 1648 deinde
1988 1585 2060 1649 tum

64 1667 220 1745 66616666,
242 1667 455 1750 tesmoingne,
479 1663 623 1750 presehe,
645 1674 754 1731 666666
781 1665 896 1731 choses
917 1685 938 1729 6
960 1687 1035 1749 666·
1089 1662 1219 1740 Petrus,
1243 1673 1312 1729 tum
1337 1665 1391 1730 alii
1413 1672 1527 1731 omn'es
1538 1665 1675 1750 apostoli
1697 1668 1819 1732 1666166
1840 1671 2059 1748 66666616666,

65 1758 216 1816 tenentes
247 1759 268 1817 6
296 1752 398 1831 66166,
432 1760 465 1818 66
497 1750 658 1834 predictos
690 1771 750 1835 666
782 1750 830 1816 les
862 1686 1037 1836 propbetas
1089 1754 1123 1811 et
1151 1758 1262 1831 aperte
1293 1751 1540 1833 praedicarunt:
1572 1751 1706 1836 impleta
1740 1774 1811 1819 esse
1840 1754 1996 1819 nimirum
2024 1755 2059 1820 in

62 1844 153 1902 estre
173 1837 286 1904 faietes
308 1859 348 1903 en
368 1835 481 1904 Christ
503 1859 585 1922 vray
606 1836 659 1902 filu
677 1837 718 1902 de
735 1835 832 1901 11166.
877 1837 922 1902 Et
941 1836 1038 1903 oeulx
1089 1832 1223 1899 Christo
1245 1835 1310 1901 Dei
1332 1835 1398 1901 filio
1419 1836 1477 1902 illa
1498 1839 1618 1916 omnia,
1642 1858 1724 1921 6666
1747 1837 1786 1905 16
1813 1838 1870 1904 1116
1892 1849 2062 1906 exstarent

65 1943 128 2006 666
150 1923 181 1988 16
203 1921 366 2008 Seignenr
387 1924 476 1989 66616
492 1922 637 1989 6616666
655 1944 737 2007 6666
754 1933 840 1988 66666
857 1923 1038 2008 tesmoings
1090 1918 1176 2002 apud
1197 1921 1384 2004 prophetas,
1419 1932 1517 2022 atque
1544 1923 1586 1989 61
1613 1934 1757 1989 nostram
1791 1924 1932 1990 salutem
1960 1925 2062 2009 perti·

64 2008 181 2092 iusque
204 2016 225 2075 a
246 2019 357 2075 666666
379 2030 468 2093 eage,
492 2009 648 2092 l’ontpar
670 2008 758 2074 16666
780 2007 1038 2092 escritzample-
1089 2014 1213 2070 nerent
1256 2009 1366 2090 Atque
1378 2008 1439 2075 hoo
1456 2031 1565 2092 1psum
1583 2010 1803 2075 testimonium
1816 2031 1875 2093 666
1892 2012 2063 2077 universas

63 2103 157 2159 ment
185 2094 385 2173 demonstro,
413 2115 537 2161 comme
566 2095 613 2160 166
646 2094 787 2160 leetours
822 2095 852 2160 16
880 2105 1039 2178 66666666
1090 2099 1205 2173 gentes
1232 2093 1273 2158 ab
1301 2093 1382 2178 ipsis
1409 2097 1555 2160 omnium
1582 2096 1752 2160 nationum
1781 2107 1813 2161 66
1839 2095 2062 2163 conditionum

61 2201 153 2246 66666
175 2181 391 2264 apperoevoir.
993 2264 995 2271 Ι
1091 2175 1287 2257 hominibus,
1311 2199 1391 2262 quos
1413 2179 1456 2244 ad
1478 2180 1558 2246 illud
1587 2181 1732 2246 excitare
1760 2182 1901 2247 Domino
1928 2181 2061 2266 placuit,

1089 2274 1278 2329 constanter
1294 2265 1391 2330 etiam
1425 2265 1550 2332 editum
1571 2275 1668 2350 atque
1696 2271 1926 2332 confirmatum
1948 2276 1998 2333 est
2020 2266 2063 2332 ad

1088 2347 1152 2412 ista
1173 2369 1276 2432 66666
1298 2358 1460 2434 tempora,
1494 2353 1544 2418 uti
1563 2377 1605 2420 ex
1627 2350 1765 2419 lectione
1793 2362 1946 2418 autorum
1967 2353 2062 2421 facile

1087 2434 1192 2500 cuivis
1213 2436 1382 2507 constabit.

149 2523 237 2588 'Pons
259 2543 313 2588 666
335 2524 600 2607 tesmoingnagos
618 2523 837 2589 convienncnt
855 2523 882 2588 si
899 2521 975 2588 bien
994 2545 1035 2589 66
1174 2518 1268 2602 Quae
1295 2521 1425 2606 quidem
1453 2525 1564 2589 omnia
1592 2544 1692 2607 quum
1720 2523 1834 2589 eodem
1855 2524 1951 2609 plane
1979 2524 2062 2590 reoi-

61 2629 142 2693 nng,
166 2617 199 2674 66
228 2606 400 2674 666661666
421 2608 591 2674 tellement
618 2608 799 2674 ensemble:
823 2629 886 2692 qne
907 2628 968 2693 666
989 2610 1034 2675 661
1087 2602 1181 2684 1666,
1209 2614 1308 2692 atque
1334 2609 1421 2675 inter
1447 2631 1483 2677 66
1504 2610 1637 2675 omnino
1659 2610 1868 2688 conveniant,
1900 2610 2063 2676 evincitur

62 2693 182 2761 accord
205 2693 229 2759 11
251 2704 302 2760 est
322 2693 458 2759 faciles
484 2695 690 2778 congnoistre
713 2714 776 2778 que
797 2699 876 2760 o’est
897 2700 1034 2762 trescer·
1085 2691 1260 2758 manifeste
1270 2695 1429 2760 contineri
1447 2695 1514 2761 illic
1528 2695 1743 2762 certissimam
1754 2695 1941 2761 veritatem:
1960 2717 2062 2780 quum

64 2781 154 2845 taine
176 2780 289 2846 verite.
334 2780 401 2845 Gar
422 2801 465 2845 en
489 2800 668 2865 mensonge
690 2779 744 2866 n'y
766 2781 915 2866 pourroit
942 2783 1034 2866 avffr
1085 2774 1141 2840 ubi
1162 2777 1278 2844 falsum
1299 2780 1422 2859 subest,
1444 2789 1624 2867 perpetuus
1641 2779 1697 2844 ille
1715 2801 1893 2847 consensus
1911 2788 2063 2847 constare

62 2887 134 2950 ung
161 2866 205 2931 tel
232 2872 487 2932 eonsentement
538 2865 720 2932 1666661616
752 2887 818 2931 666
852 2865 1034 2932 seulement
1085 2882 1151 2926 non
1173 2864 1220 2928 ita
1242 2873 1358 2948 posset.
1403 2867 1449 2932 116
1470 2877 1579 2932 tamen
1597 2874 1728 2950 praeter
1749 2866 1806 2930 illa
1828 2868 2059 2951 augustissima

62 2951 203 3034 lepore,
225 2951 256 3016 le
278 2951 340 3028 6116,
361 2951 392 3017 16
411 2953 516 3017 661666
530 2952 660 3036 6666616,
683 2951 731 3017 166
753 2970 864 3037 anges,
887 2952 935 3020 166
957 2952 1033 3037 666-
1084 2951 1283 3031 testimonia,
1306 2951 1555 3037 Ρ66616166166,
1583 2952 1658 3030 filii,
1687 2951 1822 3034 spiritus
1844 2953 1962 3018 saneti:
1991 2960 2062 3017 tum

63 3036 190 3119 phetes,
221 3046 254 3102 ot
276 3047 421 3121 apostres
442 3036 585 3103 rendam
605 3036 854 3122 tesmoingnage
874 3037 916 3104 ’16
938 3039 1032 3105 16666
1085 3033 1202 3100 deinde
1220 3036 1420 3120 augelorum,
1439 3037 1683 3122 prophetam
1702 3037 1920 3121 apostolorum
1938 3036 2063 3103 Christi

63 3120 191 3188 Ohrist:
213 3123 296 3189 mais
318 3144 435 3189 encore
467 3143 682 3189 ses-oeuvres
706 3123 953 3190 merveilleuses
975 3123 1030 3191 de·
1083 3120 1235 3200 Domini,
1260 3123 1270 3186 i
1293 3143 1331 3188 sa
1359 3124 1458 3189 etiam
1485 3123 1710 3207 1116666666,
1738 3122 1829 3207 ipsae
1851 3123 1990 3188 virtutes
2011 3123 2063 3187 in·

61 3215 245 3273 monstrent
267 3230 303 3273 66
324 3218 419 3275 66666
441 3208 697 3275 tresexeellente.
722 3208 880 3289 Maladcs,
898 3210 1031 3276 beitenx
1083 3143 1321 3289 comparabiles
1337 3209 1510 3275 veritatem
1531 3208 1619 3274 111166
1641 3229 1708 3273 666
1725 3209 1835 3273 minus
1857 3217 1968 3292 666666
1986 3229 2063 3274 666-

60 3293 1030 3379 66666166666616,6666666666166166666,1616661666-
1083 3289 1123 3356 116
1151 3294 1369 3361 subiecerunt.
1413 3293 1503 3377 Quid
1530 3295 1618 3360 enim
1646 3293 1733 3378 quod
1762 3293 1852 3358 nullo
1882 3315 1949 3358 non
1975 3315 2063 3359 mor·

61 3379 180 3462 tiques,
205 3378 464 3464 demoniaequee,
483 3381 573 3446 voire
591 3380 638 3445 les
655 3388 758 3446 morta
782 3400 843 3464 par
858 3380 918 3466 luy
939 3382 1029 3447 'resn-
1082 3376 1198 3443 borum
1220 3400 1341 3465 genere
1362 3380 1501 3447 afflictos
1521 3378 1686 3447 restitnit?
1718 3378 1803 3462 quod
1825 3378 1968 3458 claudos,
1990 3399 2063 3445 cae·

59 3465 158 3531 661666
188 3487 230 3530 66
251 3474 309 3531 ont
329 3474 424 3549 66666
444 3466 492 3532 166
515 3466 695 3551 enseignes.
739 3466 794 3531 En
821 3487 858 3532 sa
883 3473 979 3533 vertu
1006 3466 1030 3533 il
1081 3484 1149 3542 cos,
1173 3464 1306 3544 surdos,
1328 3475 1456 3546 mutos,
1478 3466 1690 3552 paralyticos,
1711 3465 1871 3550 leprosos,
1894 3465 2063 3545 lunaticos,

61 3552 140 3616 s'est
161 3552 289 3630 6666166,
312 3573 353 3617 66
374 3574 434 3618 son
455 3573 532 3617 nom
553 3552 576 3616 il
599 3574 619 3617 a
640 3552 740 3618 remis
757 3552 806 3618 166
847 3552 951 3620 661666.
985 3554 1031 3619 Et
1080 3546 1307 3617 daemoniosos
1325 3552 1463 3632 sanavit,
1488 3551 1573 3637 qnod
1594 3561 1740 3618 mortuos
1754 3581 1756 3585 ’
1770 3550 1937 3617 revocavit
1956 3550 1994 3616 in
2013 3551 2064 3618 61-

60 3644 219 3720 pour-tant
246 3637 269 3701 il
297 3659 339 3703 ne
372 3636 469 3704 discit
496 3658 572 3704 6666
600 3658 697 3704 66666
725 3658 789 3721 666
817 3574 865 3704 lle
893 3659 1030 3706 oeuvres
1083 3636 1172 3702 tam?
1206 3635 1290 3719 Quis
1312 3657 1392 3703 vere
1411 3637 1575 3723 legitimos
1597 3639 1696 3703 661666
1715 3636 1789 3701 11166
1807 3637 1942 3701 61666616
1961 3637 2063 3721 166166

61 3742 126 3804 666
148 3743 207 3788 son
230 3744 308 3810 6666
329 3724 388 3807 luy
410 3723 498 3791 66616
519 3723 628 3789 16666
649 3730 670 3788 t
691 3723 782 3802 16166,
810 3723 868 3809 luy
890 3725 1031 3791 estoient
1083 3745 1121 3790 ae
1138 3723 1293 3790 bonitatis
1310 3743 1486 3809 praecones
1504 3745 1542 3790 ac
1561 3732 1662 3790 testes
1680 3723 1880 3789 necessarios
1898 3721 2061 3788 elevabit?

62 3828 152 3873 66666
174 3806 256 3874 bons
277 3809 465 3894 tesmoings.
500 3809 555 3874 En
577 3809 682 3874 oultre
704 3808 755 3876 les
773 3812 922 3877 maauaie
945 3832 1030 3876 mes-
1083 3807 1171 3891 Quid
1193 3808 1280 3893 quod
1302 3830 1362 3875 sua
1383 3810 1485 3893 ipsias
1506 3817 1668 3893 potestate
1690 3808 1751 3875 sibi
1779 3808 1842 3891 ipsi
1864 3808 1967 3873 vitam
1988 3807 2063 3874 red·

60 3913 132 3960 mes
159 3900 193 3959 et
220 3914 356 3959 enema
385 3893 425 3960 de
459 3916 497 3961 sa
524 3894 627 3980 gleire
655 3903 712 3963 out
739 3903 807 3961 6666
833 3896 1030 3964 66666616666
1084 3894 1179 3971 didit,
1210 3894 1296 3979 6661
1323 3904 1458 3978 peecata
1484 3894 1632 3961 remisit?
1678 3893 1789 3975 Quare
1810 3893 2063 3960 necimmerito

60 3998 123 4062 par
144 3979 177 4044 16
198 3979 286 4047 force
307 3918 347 4045 16
371 3982 472 4046 666166
491 3980 563 4046 d'en
582 3980 745 4047 confessor
761 3989 795 4047 66
812 3983 1031 4067 recognoistre
1084 3980 1125 4046 61
1154 4000 1213 4047 666
1239 3980 1297 4046 illa
1324 3987 1429 4065 66666·
1449 3979 1588 4046 Iudaeos
1613 3981 1780 4065 relegabat
1806 3999 1890 4062 qnae
1918 4000 1938 4043 a
1969 3987 2063 4065 patre

61 4064 203 4148 quelque
221 4066 333 4132 chose:
351 4065 634 4153 c'ommeanphe,
656 4066 763 4133 Pilate
785 4074 818 4132 ot
840 4088 876 4133 sa
901 4069 1031 4133 femme.
1084 4087 1159 4133 6666
1181 4067 1276 4143 isset,
1306 4074 1343 4131 66
1370 4086 1452 4150 6666
1481 4064 1521 4132 16
1548 4067 1618 4149 ipso
1651 4065 1820 4132 verissimo
1855 4072 2062 4145 testarentur.

60 4148 98 4216 Ie
119 4167 161 4216 ne
184 4151 272 4217 vneil
293 4172 426 4217 amener
446 4152 495 4218 166
527 4153 790 4238 tesmolngnages
819 4152 876 4220 166
908 4153 1033 4220 diables
1085 4088 2063 4236 (161166611661666166616666116,6666616616666661666

61 4245 95 4302 et
116 4237 255 4322 66666166
275 4237 473 4304 immundes:
502 4259 653 4323 seuque
680 4238 774 4305 Iesus
795 4236 914 4305 ⁴(Ilhrist
939 4239 987 4305 les
1013 4258 1034 4303 a
1084 4238 1291 4317 certissimis,
1321 4238 1371 4304 616
1399 4238 1471 4320 1666
1498 4237 1649 4303 veritatis
1677 4236 1903 4302 testimonium
1933 4234 2065 4301 611661

58 4321 188 4390 reiecto.
1084 4324 1264 4389 maiestatis
1285 4323 1390 4407 ipsius
1410 4323 1580 4406 expressit,
1602 4331 1641 4388 ut
1662 4321 1702 4387 16
1712 4321 1871 4407 06166166,
1894 4321 1934 4387 16
1944 4257 2064 4400 Pilato,

1085 4407 1125 4475 dc
1141 4409 1244 4492 ipsius
1261 4430 1373 4486 uxore,
1397 4416 1430 4474 et
1448 4408 1520 4474 aliis
1539 4409 1640 4474 etiam
1657 4408 1808 4475 constat?
1844 4407 1919 4472 Non
1937 4405 2064 4491 attingo

1085 4493 1281 4560 daemonum
1303 4495 1401 4560 etiam
1423 4501 1568 4560 extortas
1588 4494 1817 4572 confessiones,
1841 4513 1923 4576 quas
1945 4512 2064 4576 nempe

1086 4580 1251 4663 Dominus
1271 4581 1343 4664 ipse
1364 4578 1554 4664 repudiarit.

148 4666 203 4730 En
230 4685 355 4731 somme
388 4674 462 4733 tous
494 4666 545 4732 les
578 4666 751 4746 elementa,
785 4676 818 4732 66
850 4676 957 4734 tontes
986 4668 1033 4739 les
1173 4667 1250 4749 Ipsa
1270 4687 1349 4731 vero
1370 4686 1482 4731 rorum
1502 4667 1699 4733 universitas
1722 4665 1969 4752 huiusquoque
1992 4661 2064 4728 lau-

60 4759 229 4819 creatures
251 4762 309 4815 666
331 4750 438 4818 donne
460 4752 564 4837 gleire
593 4752 727 4818 616666
753 4751 876 4819 Christ.
920 4755 952 4818 Α
973 4775 1035 4819 666
1088 4750 1138 4818 116
1165 4761 1291 4835 partem
1319 4772 1417 4835 qnam
1446 4751 1546 4818 semel
1576 4751 1691 4832 edidit,
1717 4751 1871 4818 conferat
1923 4747 2064 4815 Iubento

61 4836 347 4904 commendement
368 4837 416 4904 les
438 4844 534 4902 66666
557 4850 615 4903 666
637 4847 735 4918 cesse,
759 4837 791 4903 la
812 4860 884 4905 mer
904 4860 1035 4913 esmeue
1088 4837 1221 4904 Christo
1256 4837 1345 4903 venti
1378 4848 1518 4920 ponunt,
1551 4859 1642 4904 mare
1675 4843 1872 4902 commotum
1898 4833 2065 4919 placidum

60 4928 140 4989 s’est
161 4924 323 5006 66661666,
345 4923 376 4987 16
399 4923 528 5006 poisson
549 4942 591 4989 66
620 4945 679 4990 son
706 4934 823 4989 ventre
850 4946 870 4990 a
896 4932 1036 5007 apperte
1087 4922 1246 5001 redditur,
1267 4943 1303 4988 os
1324 4922 1422 5005 piscis
1445 4920 1636 4988 didrachma
1652 4920 1784 5006 profert,
1805 4919 1900 4992 illum
1921 4918 2065 4985 morien·

59 5009 93 5075 le
126 5006 348 5095 didrachme,
364 5008 411 5074 166
443 5008 568 5092 pierres
600 5009 695 5093 (pour
726 5010 786 5110 lup⁷
819 5009 939 5076 666166
970 5019 1035 5075 666-
1088 5018 1155 5074 tem
1178 5009 1346 5075 diffractae
1362 5016 1474 5092 petrae
1495 5030 1533 5075 ac
1550 5011 1773 5083 monumenta,
1791 5003 1886 5069 illum
1904 5002 2065 5072 diffissam

61 5093 275 5179 moingnage)
308 5113 344 5160 66
371 5108 447 5160 6666
478 5091 617 5180 16616666,
661 5095 693 5161 16
720 5095 805 5162 vorle
834 5095 878 5161 16
913 5095 1034 5179 temple
1088 5115 1108 5160 a
1135 5116 1263 5160 summo
1289 5093 1324 5159 in
1353 5093 1423 5178 ipso
1451 5093 1573 5179 templo
1596 5090 1722 5169 velum,
1750 5088 1845 5155 illum
1871 5089 2064 5159 obscuratus
2128 5118 2131 5126 “

62 5182 144 5248 sest
165 5179 267 5245 lenda
290 5200 350 5264 par
371 5179 402 5246 16
423 5178 558 5258 millies,
586 5180 617 5246 le
644 5180 735 5247 soleil
762 5185 840 5247 s’est
867 5179 1035 5266 obscurcy,
1089 5180 1152 5259 sel,
1178 5180 1274 5246 illam
1299 5181 1451 5266 sepulcra
1477 5180 1621 5256 reclusa,
1648 5175 1742 5241 illnm
1766 5184 1951 5243 6666666666
1978 5196 2066 5243 mor·

1810 5277 1862 5332 tl·
