4776 5844
1466 48 1511 68 ..,.
1526 64 1640 101 ''m—rb.

1577 108 1580 115 ι
1605 101 1643 119 pm!

977 139 1197 225 suenoni
1217 86 1472 208 nrrnnnsrov
1495 84 1521 176 ἶ
1562 227 1566 235 ¹

159 302 175 425 l
211 290 344 404 tantum
366 335 466 412 abest,
487 339 525 397 ιιι
545 351 666 413 pravae
688 293 985 413 conspirationiad
1006 348 1067 393 nos
1085 327 1187 393 hosti·
1239 336 1326 407 tare,
1354 328 1433 394 dum
1461 327 1634 395 turbarum
1662 328 1831 395 autoribus
1853 335 2024 413 repugnat
2070 327 2218 395 'Pandam
2305 283 2343 299 ἂν

151 431 163 521 f*
211 424 288 488 liter
309 418 477 485 vexandos
505 437 626 482 nomen
653 436 751 482 suum
779 407 975 480 adscribant
1021 414 1093 478 Imo
1115 413 1187 478 fieri
1234 433 1274 479 se
1302 414 1343 479 ad
1366 416 1494 480 obiecta
1515 415 1656 480 crimina
1677 435 1912 497 responsurum
1935 415 2108 499 promittit

147 519 155 588 ξ
211 508 307 572 aliter
328 525 396 569 non
418 511 533 588 potest,
563 501 642 566 dum
664 502 758 566 nobis
779 501 914 583 opponit
935 507 1095 583 quotquot
1116 502 1186 564 Au·
1325 506 1399 581 [pag.
1423 507 1477 580 30]
1502 501 1550 566 dc
1579 501 1704 583 primae
1725 500 1857 583 quidem
1885 501 1988 584 partis
2009 501 2072 566 hoo
2094 501 2219 566 bellum

139 593 155 704 q
258 600 373 656 stenae
394 587 589 657 confessioni
611 587 830 664 subscribunt,
859 587 938 668 quin
960 585 1051 649 brevi
1071 584 1186 668 depre·
1237 585 1409 651 exordium
1437 593 1501 662 est,
1534 606 1589 650 me
1615 585 1819 652 Oonsensum
1849 597 2003 651 nostrum
2028 608 2071 651 ex
2093 586 2219 670 aliquot

236 675 360 742 endunt
381 676 519 741 lectores
540 694 580 737 aa
607 673 642 736 in
671 693 707 737 re
728 672 839 738 fucum
867 672 928 736 sibi
950 671 1031 736 fieri.
1078 673 1185 752 Atque
1238 676 1356 737 vocum
1366 686 1471 756 synon
1497 673 1564 737 mia
1585 672 1731 755 probare,
1753 671 1867 754 quales
1889 672 2111 755 suntnigura,
2142 675 2218 757 Sig

129 754 144 873 ι’
211 770 251 830 ut
271 763 416 846 optimus
433 762 570 843 quisque
593 758 663 823 eins
685 757 897 824 confessionis
918 756 1071 821 defensor
1092 776 1186 839 roge-
1238 778 1329 835 uum,
1352 695 1559 841 Symbolum.
1610 757 1727 839 Itaque
1759 759 1899 822 miratur
1931 777 1985 823 mo
2017 777 2086 823 non
2117 759 2218 824 cuam

125 891 135 930 ,ι
212 858 283 924 tur,
314 867 547 930 responsurum
576 864 645 908 nou
667 842 793 920 dubito,
823 843 917 907 malis
940 843 1093 926 auspiciis
1116 850 1186 905 tur·
1238 864 1278 907 ex
1298 844 1433 928 syllabis
1456 843 1716 926 idemcolligere.
1747 842 1815 908 Sed
1834 842 1954 924 quidsi
1973 844 2026 909 hic
2043 845 2218 911 manifesto

122 921 136 974 t,
212 936 283 1001 bari
304 953 426 1016 pacem,
455 932 547 996 cuius
568 928 759 994 retinendae
781 928 925 994 studium
946 950 1012 992 non
1036 927 1186 992 dissimu·
1237 930 1271 992 in
1300 929 1471 995 mendacio
1493 950 1568 993 eum
1591 930 1682 1011 pueri
1712 927 1981 1011 deprehendant?
2037 929 2218 1012 Nunquam

212 1020 296 1096 lant,
324 1018 382 1100 qui
410 1017 508 1100 paulo
529 1015 604 1098 plus
626 1016 811 1113 autoritatis
833 1014 867 1078 in
890 1013 1036 1079 Saxonis
1059 1034 1187 1077 meren·
1238 1015 1327 1079 enim
1347 1015 1431 1078 mihi
1449 1016 1485 1078 iu
1507 1027 1653 1078 mentem
1676 1015 1776 1091 venit,
1801 1014 1887 1080 hano
1905 1015 2081 1080 verborum
2109 1017 2216 1080 affini-

108 1181 115 1218 ‘¹
212 1113 267 1170 tur
288 1099 868 1269 qdllillullehttluhlcrlhdhldlhillcouais
895 1183 1055 1250 adductus
1087 1183 1189 1248 fuerit
1238 1098 2217 1269 tSueldulqriilhllllqlileecldnllorddiiltiiliolddilhhmagcffiffio

212 1273 290 1341 dum
314 1280 472 1351 recenset,
500 1293 534 1336 se
557 1272 597 1335 de
619 1271 741 1336 tuenda
762 1271 957 1335 bonafama
979 1269 1075 1334 valde
1098 1269 1186 1333 solli·
1239 1272 1505 1355 scripsissethao
1528 1270 1791 1336 contradictionis
1813 1278 1962 1337 notanus
1983 1271 2079 1354 prodi
2101 1271 2217 1350 haere-

95 1383 105 1427 ‘j
211 1362 312 1426 citum
336 1380 407 1424 esse
428 1356 588 1435 ostendit,
618 1379 658 1423 nc
680 1358 713 1421 in
737 1357 965 1433 ministerium,
994 1376 1057 1438 quo
1079 1355 1187 1437 iungi-
1238 1357 1329 1435 ticos,
1352 1357 1545 1439 simpliciter
1563 1356 1660 1421 derisi
1684 1355 1827 1422 hominis
1848 1356 2032 1434 stultitiam,
2056 1369 2094 1421 ut
2115 1357 2217 1441 digna

87 1464 105 1528 ,'
212 1455 276 1526 tur,
298 1451 373 1525 [pag.
393 1450 447 1523 as]
470 1450 675 1525 contemptus
697 1441 830 1519 recidat,
853 1440 998 1522 fidesque
1020 1442 1189 1517 minuatur
1240 1452 1320 1507 erat
1375 1442 1471 1508 Nunc
1492 1452 1610 1516 ¹tarrren
1638 1464 1675 1508 aa
1703 1442 1731 1507 si
1760 1441 1892 1525 elapsus
1919 1449 2019 1516 esset,
2047 1461 2084 1507 se
2107 1443 2216 1520 ,multo

85 1533 95 1608 f}
213 1533 284 1598 suis
312 1530 451 1613 scriptis.
504 1527 543 1593 Si
561 1529 619 1593 tibi
649 1527 809 1594 esteordi
832 1529 1035 1602 bonafama,
1058 1528 1187 1609 quiete
1240 1528 1317 1610 plus
1334 1528 1448 1612 largiri
1461 1528 1630 1611 gloriatur,
1653 1526 2217 1611 nosscilioetnonsoluminpancis

87 1617 92 1666 -ἶ
213 1618 338 1683 adeam
360 1613 616 1700 prostituendam
639 1635 761 1696 pravus
783 1614 900 1697 genius
921 1612 1062 1696 impulit,
1085 1631 1188 1694 quum
1241 1614 1377 1692 voculis,
1404 1613 1462 1678 sed
1489 1615 1522 1677 in
1551 1614 1649 1678 rabns
1671 1621 1705 1678 et
1727 1613 1899 1678 sententiis
1921 1614 2107 1679 convenire.
2155 1617 2216 1679 At·

78 1729 82 1739 ’
214 1705 272 1770 tibi
294 1710 442 1768 maneret
463 1700 556 1765 salva
577 1711 611 1761 ct
631 1701 762 1783 integra
782 1701 811 1763 si
834 1698 980 1764 macres?
1030 1698 1106 1780 Ipse
1128 1695 1187 1760 tibi
1239 1721 1302 1782 qne
1324 1708 1362 1763 ut
1383 1701 1508 1764 facetus
1535 1708 1707 1782 appareat,
1735 1720 1770 1763 se
1799 1698 2014 1764 cohonestare
2042 1698 2122 1764 dicit
2150 1720 2216 1764 uno

211 1789 382 1854 infamiam
410 1786 619 1858 contraxisti,
655 1805 753 1867 qnam
784 1785 894 1854 cluere
922 1804 990 1849 non
1018 1785 1064 1848 ita
1093 1782 1187 1848 facile
1240 1786 1301 1850 hoc
1327 1786 1460 1849 nomine
1486 1784 1758 1850 sacramentarios
1786 1804 1914 1860 omnes,
1948 1782 2036 1867 quod
2062 1785 2152 1850 inter
2180 1806 2215 1850 se

213 1875 284 1940 erit
330 1872 476 1956 Augebis
497 1891 577 1936 vero
595 1869 701 1953 quoad
723 1871 764 1935 ab
786 1869 897 1934 odiosa
913 1870 977 1934 ista
997 1867 1127 1933 rixandi
1150 1868 1188 1932 li·
1238 1872 1454 1936 consentiant
1499 1868 1566 1936 Sed
1588 1870 1730 1935 crassius
1752 1876 1804 1934 est
1824 1869 1895 1934 eius
1915 1869 2088 1946 cavillum,
2117 1890 2216 1952 quam

213 1960 323 2025 bidine
344 1957 489 2023 desistas.
524 1957 651 2021 Iterum
673 1963 829 2038 repetam,
852 1975 919 2019 non
942 1963 1073 2037 poteras
1093 1955 1187 2018 initio
1232 1967 1278 2019 ut
1299 1957 1360 2021 sub
1390 1957 1452 2021 hac
1479 1957 1597 2021 frivola
1624 1956 1781 2022 iurantia
1807 1954 1948 2020 deliteat.
1992 1956 2120 2038 Magna
2142 1976 2215 2020 ver-

213 2045 272 2110 tibi
300 2044 418 2109 melius
447 2043 630 2117 consulere,
665 2062 703 2106 ac
730 2062 773 2105 ne
800 2039 897 2104 hodie
926 2040 1058 2123 quidem
1082 2047 1185 2123 potes,
1239 2040 1355 2106 bonnm
1382 2042 1553 2107 atrocitate
1581 2062 1641 2106 nos
1670 2062 1728 2124 pro
1751 2040 1924 2106 haereticis
1946 2039 2106 2117 traduxit,
2138 2044 2216 2123 quia

212 2151 312 2215 qnam
334 2128 480 2195 tacendo.
531 2126 627 2207 Quod
656 2147 734 2190 vcro
762 2145 827 2190 non
850 2146 966 2209 parum
989 2126 1042 2191 hic
1063 2134 1097 2190 te
1117 2146 1186 2190 me-
1237 2127 1326 2191 inter
1347 2150 1407 2192 nos
1429 2127 1650 2193 dissentimus.
1696 2125 1943 2191 Demonstratio
1964 2130 2039 2204 [pag.
2054 2132 2110 2204 31]
2134 2126 2215 2193 haec

210 2226 266 2281 tus
289 2215 392 2299 angit,
425 2234 467 2278 ne
498 2212 579 2278 fides
609 2213 673 2276 tuis
701 2213 832 2296 scriptis
861 2211 1023 2294 depereat,
1057 2232 1099 2275 ex
1128 2220 1186 2275 tuo
1237 2214 1268 2278 ei
1290 2215 1413 2295 optima
1436 2214 1506 2278 visa
1523 2224 1583 2290 est,
1606 2214 1683 2296 quia
1700 2213 1783 2277 alius
1801 2232 1920 2295 panem
1941 2233 2062 2277 coenae
2082 2213 2216 2294 symbo-

211 2302 420 2366 uniussensu
441 2300 578 2363 aestima
591 2305 793 2380 quantopere
805 2298 971 2362 excruciet
980 2298 1050 2380 pios
1072 2317 1185 2361 omnes
1237 2298 1316 2377 lum,
1339 2299 1423 2364 alius
1444 2299 1596 2382 figuram,
1624 2298 1709 2363 alius
1732 2299 1862 2381 signnm
1885 2306 1995 2374 vocat,
2023 2296 2133 2379 palam
2156 2319 2216 2363 nos

211 2387 308 2470 longe
329 2385 463 2469 moins
482 2382 732 2459 incommodum,
754 2383 811 2447 ubi
828 2389 862 2446 te
879 2382 996 2447 vident
1012 2382 1053 2446 ad
1076 2380 1185 2446 detra·
1238 2383 1426 2451 dissentire:
1450 2406 1488 2449 ac
1505 2406 1599 2450 suam
1621 2384 1707 2449 hanc
1729 2385 1903 2467 argutiam,
1927 2403 1990 2465 quo
2012 2382 2217 2464 splendidior

212 2471 356 2536 hendam
389 2478 438 2534 tot
470 2489 665 2552 magnorum
698 2488 736 2533 ac
768 2471 1006 2551 praestantium
1038 2470 1185 2532 virorum
1237 2481 1333 2548 esset,
1352 2471 1384 2534 in
1405 2468 1516 2536 tabula
1526 2470 1683 2554 depinxit.
1719 2470 1791 2552 Ego
1808 2467 2069 2550 quidfecissem'l
2093 2469 2216 2534 Fuitne

211 2566 282 2621 tam
303 2553 437 2620 utilibus
459 2553 589 2636 scriptis
611 2553 718 2631 iidem,
748 2554 892 2619 violento
914 2562 1035 2619 conatu
1055 2553 1185 2619 incum-
1238 2555 1471 2634 omittendum,
1510 2554 1596 2638 quod
1627 2575 1681 2619 me
1714 2564 1843 2620 tacente
1877 2554 2030 2619 omnibus
2063 2555 2215 2629 eccunit,

211 2641 297 2707 bere.
311 2640 514 2705 Nesimiam
524 2643 788 2704 unnsexeorum
798 2639 1076 2722 numero,quibus
1087 2635 1185 2704 fidam
1238 2641 1444 2708 Consensum
1471 2652 1621 2707 nostrum
1649 2660 1715 2706 non
1742 2641 1887 2723 potuisse
1914 2639 2035 2704 melius
2057 2640 2214 2721 probari?

212 2727 386 2793 detrahere
407 2725 551 2790 tentasti.
604 2722 670 2790 Sed
697 2724 776 2790 dum
805 2725 863 2790 tibi
886 2725 1091 2809 propositum
1112 2744 1186 2789 csse
1238 2728 1389 2812 Longius
1411 2728 1511 2791 etiam
1534 2724 1739 2811 progrediar,
1763 2724 1940 2808 siquando
1963 2725 2069 2791 lucem
2093 2724 2215 2791 datri-

212 2813 459 2888 videntomues‚
473 2808 772 2893 Oecolampadinm,
791 2810 990 2895 Zvinglium,
1009 2810 1184 2887 Bucerum,
1237 2834 1300 2878 nae
1323 2832 1415 2878 meae
1443 2813 1561 2878 afferre
1588 2812 1704 2889 velim,
1733 2812 1804 2876 eius
1830 2810 2082 2893 explicationem
2104 2818 2216 2897 petere

211 2898 350 2963 Petrum
379 2897 573 2981 Martyrem,
602 2895 832 2980 Bulingerum,
856 2895 1015 2961 Ioannem
1037 2916 1058 2960 a
1078 2896 1185 2960 Lasco
1238 2899 1279 2963 ab
1301 2899 1354 2964 his
1376 2898 1518 2964 vocibus.
1572 2900 1624 2962 An
1650 2918 1704 2962 me
1725 2896 1799 2962 ideo
1826 2898 2006 2979 pugnantia
2033 2895 2132 2979 loqui,
2161 2896 2216 2961 vol

210 2983 423 3061 labefactare,
462 2990 502 3045 nt
539 2990 608 3045 tota
641 3001 755 3046 eorum
794 2981 994 3045 existimatio
1026 2981 1186 3056 concidat,
1237 2984 1319 3048 mihi
1341 2986 1542 3049 contrarium
1563 3005 1634 3049 esse
1655 2985 1773 3066 finget,
1801 2982 1966 3064 quierem
1986 3002 2090 3046 unam
2112 2981 2216 3064 pluri-

210 3090 308 3153 quem
336 3068 470 3134 omnino
492 3068 586 3151 pium
606 3075 639 3131 et
656 3087 797 3150 aequum
821 3067 988 3132 hominem
1009 3068 1043 3131 in
1063 3066 1186 3131 mundo
1238 3069 1298 3135 bue
1320 3070 1426 3136 modis
1447 3069 1647 3136 commodius
1673 3068 1885 3150 interpretari
1913 3066 2087 3132 studeam?
2132 3068 2215 3133 Pro-

209 3177 281 3221 esse
310 3161 423 3238 putas,
456 3153 551 3217 ouius
579 3153 785 3218 stomachum
814 3154 850 3217 in
874 3160 907 3217 te
934 3173 1002 3217 non
1032 3160 1187 3234 provocet
1238 3156 1312 3239 pius
1333 3165 1486 3222 conserta
1506 3176 1610 3220 manu
1631 3175 1707 3220 eum
1728 3172 1885 3236 premam
1937 3151 2134 3234 Quicunque
2156 3153 2215 3218 ali·

210 3250 279 3306 tam
300 3239 448 3323 maligna
469 3237 685 3305 obtrectatio?
738 3237 830 3318 Quos
858 3238 919 3303 tihi
941 3237 983 3301 de
1004 3238 1097 3303 libris
1119 3238 1186 3302 tuis
1239 3255 1290 3305 ter
1310 3241 1412 3307 verba
1434 3241 1560 3307 Christi
1582 3249 1768 3323 exponunt,
1795 3259 1896 3320 quam
1924 3234 2108 3304 secundum
2139 3238 2214 3303 lite-
2335 3256 2344 3306 ὲ-

211 3325 418 3411 gratificandi
452 3345 550 3390 causa
577 3323 712 3405 plausus
745 3324 825 3388 dent
853 3328 927 3402 [pag.
952 3328 1007 3403 ιθ]
1036 3323 1186 3473 gregales
1238 3347 1326 3404 ram,
1354 3336 1393 3391 ιιι
1421 3326 1522 3411 vulgo
1548 3326 1741 3409 loquuntur,
1769 3345 1824 3389 eos
1853 3345 1918 3388 non
1947 3322 2078 3389 dubitat
2106 3343 2215 3389 sacra·

211 3414 270 3490 tui,
293 3412 418 3476 noscio:
447 3409 526 3492 qnid
548 3416 586 3473 tu
607 3410 677 3491 ipse
699 3408 838 3487 iudices,
867 3407 999 3473 videris.
1044 3408 1089 3476 Se
1134 3409 1187 3473 in·
1239 3414 1417 3478 menterios
1443 3413 1560 3477 facere.
1610 3410 1695 3476 Mihi
1723 3410 1832 3493 placet
1858 3408 2014 3476 conditio:
2047 3409 2096 3473 ita
2123 3411 2216 3475 enim

210 3499 331 3563 iuriam
352 3497 410 3560 tibi
432 3496 504 3560 fieri
524 3515 592 3560 non
613 3493 710 3572 dices,
732 3494 761 3560 si
782 3515 896 3559 eorum
918 3515 998 3578 quos
1019 3495 1188 3567 nominavi
1240 3499 1450 3581 Augustinus
1471 3499 1506 3562 in
1530 3495 1678 3561 ordinem
1705 3507 1855 3561 nostrum
1877 3494 2052 3578 relegatur.
2100 3493 2216 3579 Sarip-

211 3601 475 3664 unumquemque
496 3581 556 3646 tibi
578 3580 769 3663 praeferam.
815 3579 1013 3662 Quanquam
1041 3580 1069 3645 si
1090 3590 1124 3645 te
1140 3581 1188 3645 ita
1239 3586 1283 3649 sit
1303 3583 1463 3649 adversus
1484 3583 1663 3660 Faustum,
1690 3581 1876 3646 Dominum
1898 3580 2034 3645 dixisse:
2070 3579 2153 3646 Hoc
2166 3590 2217 3647 est

212 3677 366 3732 excaecat
386 3666 507 3731 stultus
525 3667 572 3731 tui
595 3686 695 3743 amor,
718 3671 757 3729 ut
779 3665 903 3729 honore
921 3664 1113 3730 antecedere
1130 3687 1187 3732 cu·
1239 3690 1358 3752 eorpus
1389 3689 1517 3746 meum,
1550 3689 1652 3751 quum
1684 3668 1816 3751 signum
1849 3665 1942 3731 daret
1972 3668 2121 3748 corporis
2153 3668 2214 3732 sui
2309 3731 2312 3737 ,,

212 3753 292 3836 pias,
314 3772 394 3833 quos
416 3750 566 3817 doctrina
587 3751 699 3834 procul
721 3752 881 3834 sequeris,
909 3751 1020 3829 nobie,
1048 3752 1103 3834 qui
1126 3751 1186 3816 tibi
1239 3754 1382 3836 Quando
1403 3756 1544 3838 figurate
1554 3753 1681 3819 Christi
1703 3751 1803 3817 verba
1824 3753 1968 3834 exponit,
1990 3763 2218 3817 sacramenta·

212 3836 304 3902 nullo
327 3838 396 3900 iure
418 3836 539 3901 addicti
561 3857 685 3916 sumus,
708 3838 813 3901 maior
834 3836 986 3901 habenda
1003 3845 1054 3901 est
1064 3836 1188 3919 publici
1238 3842 1309 3906 rius
1332 3838 1536 3905 hauddubie
1556 3837 1751 3905 censebitur.
1795 3842 1871 3916 [pag.
1892 3841 1947 3916 32]
1968 3836 2058 3902 Alibi
2082 3851 2228 3920 propter·
2295 3879 2304 3889 s,

213 3921 288 3987 boni
308 3921 400 3986 ratio.
445 3922 572 3987 Montio
593 3923 761 3998 librorum,
783 3942 881 4004 qnam
903 3923 1033 4004 saepius
1053 3923 1186 4006 ingeris,
1238 3925 1487 3991 similitudinem
1508 3925 1557 3990 rei
1578 3925 1728 4008 signatae
1744 3944 1861 4005 corpus
1879 3931 1913 3986 et
1933 3923 2134 4005 sanguinem
2157 3944 2224 3988 vo-

212 4016 246 4073 te
268 4007 391 4088 aliquid
414 4008 604 4089 scripturire
632 4007 817 4074 denunciat
869 4005 937 4072 Sed
964 4007 1187 4090 qualecunque
1238 4013 1305 4077 cari
1339 4011 1455 4088 tradit,
1494 4012 1638 4092 corporis
1675 4017 1709 4074 et
1746 4008 1919 4091 sanguinis
1958 4018 2223 4073 sacramentum.
2285 4043 2286 4056 2

213 4094 257 4159 sit
283 4092 379 4169 illud,
419 4093 544 4157 minore
571 4093 727 4160 ecclesiae
751 4095 878 4159 iactura
904 4093 1053 4174 perierit,
1086 4114 1185 4175 quam
1238 4097 1357 4161 Nonne
1385 4106 1498 4161 autore
1521 4094 1734 4178 Westphalo,
1762 4094 1843 4159 haec
1865 4092 2009 4158 nefanda
2035 4092 2225 4160 verborum
2275 4168 2284 4175 „,

212 4200 301 4244 nnus
322 4199 363 4242 ex
383 4177 496 4242 multis
518 4178 613 4256 liber,
647 4200 727 4260 quos
756 4200 870 4244 omnes
891 4177 1021 4243 abolere
1042 4179 1102 4245 tibi
1125 4180 1187 4244 fuit
1237 4182 1365 4247 Christi
1395 4182 1548 4247 laceratio
1575 4180 1646 4247 est?
1696 4180 1786 4244 Alibi
1812 4178 1940 4255 scribit,
1968 4179 2152 4245 Dominum
2181 4181 2225 4246 iu
2279 4182 2280 4186 ’

212 4266 248 4329 in
271 4264 395 4330 animo:
428 4284 493 4345 quo
511 4263 595 4328 mihi
617 4265 745 4342 iustior,
774 4275 807 4329 te
829 4285 956 4347 quoque
977 4271 1100 4336 autore.
1130 4265 1186 4330 de·
1238 4288 1340 4333 coena
1361 4269 1505 4349 eorporis
1532 4275 1565 4331 et
1591 4266 1765 4350 sanguinis
1792 4266 1842 4330 sui
1870 4266 2012 4347 liguram
2040 4263 2218 4349 discipulis
2271 4298 2274 4305 1

210 4351 316 4416 fensio
331 4347 487 4433 suppetit,
510 4348 674 4430 quifidem
687 4359 722 4414 et
740 4370 873 4432 operam
892 4369 1009 4425 meam,
1031 4372 1074 4415 ne
1090 4371 1185 4432 prae·
1237 4350 1483 4419 commendasse
1503 4361 1537 4416 et
1558 4351 1740 4417 tradidisse.
1784 4349 1921 4415 Duosne
1937 4371 1979 4415 ex
2001 4349 2098 4416 nobis
2119 4371 2220 4434 repo·

211 4435 310 4502 claris
332 4436 402 4500 suis
423 4435 539 4517 opibus
556 4435 726 4500 ecclesiam
749 4435 915 4518 spoliares,
938 4435 1129 4517 interposui.
1237 4440 1302 4503 riet
1316 4437 1423 4522 magis
1443 4440 1531 4502 inter
1551 4459 1586 4502 se
1607 4437 1854 4512 dissentientes,
1882 4456 1981 4517 quem
2003 4436 2214 4519 Augustinus
2260 4484 2263 4491 ι

298 4520 439 4586 Librum
461 4519 580 4585 deinde
607 4540 705 4585 sunm
733 4521 768 4584 in
791 4529 930 4603 quatuor
952 4521 1061 4603 eapite
1082 4523 1185 4604 parti·
1238 4525 1390 4590 dissentit
1410 4524 1482 4604 ipsc
1504 4522 1637 4588 seeum?
1688 4523 1829 4587 Frustra
1850 4520 1954 4604 igitur
1974 4531 2078 4603 negat
2099 4542 2137 4587 se
2158 4522 2213 4589 de·

212 4616 276 4673 tur.
320 4606 434 4671 Primo
454 4607 541 4669 enim
563 4604 775 4670 refutandum
795 4608 930 4688 suscipit
951 4605 1038 4688 quod
1059 4609 1184 4690 scripsi,
1237 4610 1377 4693 sipuisse
1398 4608 1624 4691 Westphalus,
1652 4629 1754 4690 quum
1773 4609 1810 4672 in
1832 4606 1966 4672 vocibus
1987 4625 2092 4688 prope
2113 4628 2211 4691 syno-
2246 4646 2248 4648 -

211 4713 385 4777 perperam
412 4690 453 4756 ab
485 4692 556 4773 ipso
584 4700 619 4756 et
643 4691 760 4756 inscite
786 4711 846 4755 nos
873 4691 973 4756 fuisse
1006 4692 1183 4771 traductos,
1237 4697 1348 4780 nymis
1365 4696 1533 4777 proposuit
1550 4693 1706 4759 horrendi
1725 4691 1852 4757 dissidii
1869 4690 2070 4775 paradigma.
2104 4693 2240 4778 Negat

212 4779 305 4861 qnasi
327 4777 511 4861 pugnantia
536 4776 728 4843 scribamus.
777 4774 907 4840 Deinde
929 4776 1015 4859 quod
1037 4777 1185 4844 dixeram
1237 4781 1557 4864 argumentationem
1585 4801 1627 4844 ex
1657 4779 1846 4861 particulari
1878 4776 2052 4843 deductam
2084 4778 2208 4843 valere:

212 4864 333 4929 iniuste
363 4885 422 4928 nos
449 4864 550 4929 fuisse
578 4863 619 4927 ab
647 4882 686 4927 eo
715 4861 947 4942 reprehensos,
981 4882 1018 4927 ac
1046 4865 1074 4928 si
1099 4864 1183 4929 nihil
1236 4867 1328 4949 quasi
1351 4886 1410 4947 per
1431 4866 1541 4929 omnia
1561 4865 1649 4929 inter
1665 4864 1918 4940 nosconveuiat,
1938 4862 2017 4945 quia
2035 4863 2072 4927 in
2096 4863 2230 4947 aliqui-,2

211 4956 342 5030 praeter
367 4969 471 5014 vacua
498 4947 648 5033 symbola
674 4948 710 5010 in
735 4967 835 5010 coena
860 4947 996 5011 Domini
1021 4949 1185 5032 relinqua·
1237 4951 1297 5016 bus
1320 4949 1407 5015 idem
1428 4952 1587 5015 sentimus
1606 4958 1640 5014 et
1661 4950 1833 5033 loquimur.
1875 4949 1949 5032 Ego
1970 4968 2128 5034 verume
2150 4971 2208 5015 un·

212 5054 296 5097 mua
340 5034 451 5100 Tertio
474 5035 535 5100 hoc
561 5033 717 5111 assumit,
741 5053 777 5097 ee
804 5030 982 5099 discordias
1009 5054 1076 5100 non
1097 5037 1186 5103 exci·
1236 5057 1336 5120 quam
1352 5038 1400 5101 ita
1420 5036 1648 5101 ratiocinatum
1676 5056 1747 5102 esse
1768 5055 1866 5120 nego:
1900 5034 1978 5116 quia
2002 5041 2071 5104 tam
2096 5034 2224 5118 atsur-,-
