<?xml version="1.0" encoding="UTF-8"?>
<!DOCTYPE html PUBLIC "-//W3C//DTD XHTML 1.0 Transitional//EN"
    "http://www.w3.org/TR/xhtml1/DTD/xhtml1-transitional.dtd">
<html xmlns="http://www.w3.org/1999/xhtml" xml:lang="en" lang="en">
 <head>
  <title>
</title>
<meta http-equiv="Content-Type" content="text/html;charset=utf-8" />
  <meta name='ocr-system' content='tesseract 3.04.00' />
  <meta name='ocr-capabilities' content='ocr_page ocr_carea ocr_par ocr_line ocrx_word'/>
</head>
<body>
  <div class='ocr_page' id='page_1' title='image "./ioanniscalvinio01reusgoog_0157.png"; bbox 0 0 4776 5844; ppageno 0'>
   <div class='ocr_carea' id='block_1_1' title="bbox 211 264 2209 343">
    <p class='ocr_par' dir='ltr' id='par_1_1' title="bbox 211 264 2209 343">
     <span class='ocr_line' id='line_1_1' title="bbox 211 264 2209 343; baseline 0.006 -16"><span class='ocrx_word' id='word_1_1' title='bbox 211 264 269 327; x_wconf 86' lang='grc'><strong>197</strong></span> <span class='ocrx_word' id='word_1_2' title='bbox 992 265 1055 332; x_wconf 90' lang='lat' dir='ltr'><strong>AD</strong></span> <span class='ocrx_word' id='word_1_3' title='bbox 1077 264 1422 335; x_wconf 77' lang='lat' dir='ltr'><strong>wesuPHALUM.</strong></span> <span class='ocrx_word' id='word_1_4' title='bbox 2149 274 2209 343; x_wconf 80' lang='grc'><strong>198</strong></span> 
     </span>
    </p>
   </div>
   <div class='ocr_carea' id='block_1_2' title="bbox 205 449 2271 2682">
    <p class='ocr_par' dir='ltr' id='par_1_2' title="bbox 205 449 2271 2682">
     <span class='ocr_line' id='line_1_2' title="bbox 208 449 2210 541; baseline 0.006 -26"><span class='ocrx_word' id='word_1_5' title='bbox 208 449 364 534; x_wconf 70' lang='lat' dir='ltr'><strong>perfiant</strong></span> <span class='ocrx_word' id='word_1_6' title='bbox 419 450 530 516; x_wconf 85' lang='lat' dir='ltr'><strong>Verba</strong></span> <span class='ocrx_word' id='word_1_7' title='bbox 558 449 684 519; x_wconf 87' lang='lat' dir='ltr'><strong>Christi</strong></span> <span class='ocrx_word' id='word_1_8' title='bbox 717 452 794 536; x_wconf 89' lang='lat' dir='ltr'><strong>quia</strong></span> <span class='ocrx_word' id='word_1_9' title='bbox 826 455 969 539; x_wconf 88' lang='lat' dir='ltr'><strong>figuram</strong></span> <span class='ocrx_word' id='word_1_10' title='bbox 1001 455 1181 533; x_wconf 89' lang='lat' dir='ltr'><strong>continent,</strong></span> <span class='ocrx_word' id='word_1_11' title='bbox 1233 452 1329 519; x_wconf 87' lang='lat' dir='ltr'><strong>Vado</strong></span> <span class='ocrx_word' id='word_1_12' title='bbox 1349 452 1392 519; x_wconf 90' lang='lat' dir='ltr'><strong>ad</strong></span> <span class='ocrx_word' id='word_1_13' title='bbox 1410 460 1546 537; x_wconf 89' lang='lat' dir='ltr'><strong>patrem.</strong></span> <span class='ocrx_word' id='word_1_14' title='bbox 1580 451 1718 520; x_wconf 88' lang='lat' dir='ltr'><strong>Utinam</strong></span> <span class='ocrx_word' id='word_1_15' title='bbox 1735 460 1804 519; x_wconf 90' lang='lat' dir='ltr'><strong>tam</strong></span> <span class='ocrx_word' id='word_1_16' title='bbox 1826 453 1949 521; x_wconf 85' lang='lat' dir='ltr'><strong>literati</strong></span> <span class='ocrx_word' id='word_1_17' title='bbox 1969 463 2088 535; x_wconf 89' lang='grc'>666661,</span> <span class='ocrx_word' id='word_1_18' title='bbox 2110 478 2210 541; x_wconf 86' lang='lat' dir='ltr'><strong>quam</strong></span> 
     </span>
     <span class='ocr_line' id='line_1_3' title="bbox 208 538 2210 627; baseline 0.005 -27"><span class='ocrx_word' id='word_1_19' title='bbox 208 542 280 617; x_wconf 75' lang='lat' dir='ltr'><strong>[pag.</strong></span> <span class='ocrx_word' id='word_1_20' title='bbox 303 542 375 617; x_wconf 83' lang='grc'>166]</span> <span class='ocrx_word' id='word_1_21' title='bbox 397 538 666 620; x_wconf 79' lang='lat' dir='ltr'><strong>interpretatione</strong></span> <span class='ocrx_word' id='word_1_22' title='bbox 692 560 790 622; x_wconf 88' lang='lat' dir='ltr'><strong>egere</strong></span> <span class='ocrx_word' id='word_1_23' title='bbox 812 539 959 607; x_wconf 78' lang='lat' dir='ltr'><strong>dicimus.</strong></span> <span class='ocrx_word' id='word_1_24' title='bbox 1003 541 1101 608; x_wconf 88' lang='lat' dir='ltr'><strong>Hane</strong></span> <span class='ocrx_word' id='word_1_25' title='bbox 1122 541 1183 606; x_wconf 91' lang='lat' dir='ltr'><strong>ali-</strong></span> <span class='ocrx_word' id='word_1_26' title='bbox 1234 538 1379 605; x_wconf 83' lang='lat' dir='ltr'><strong>litorales</strong></span> <span class='ocrx_word' id='word_1_27' title='bbox 1400 559 1472 604; x_wconf 89' lang='lat' dir='ltr'><strong>esse</strong></span> <span class='ocrx_word' id='word_1_28' title='bbox 1493 547 1660 622; x_wconf 86' lang='lat' dir='ltr'><strong>appetunt.</strong></span> <span class='ocrx_word' id='word_1_29' title='bbox 1710 540 1897 606; x_wconf 79' lang='lat' dir='ltr'><strong>&#39;Pritissima</strong></span> <span class='ocrx_word' id='word_1_30' title='bbox 1923 550 1976 608; x_wconf 89' lang='lat' dir='ltr'><strong>cst</strong></span> <span class='ocrx_word' id='word_1_31' title='bbox 1996 543 2129 627; x_wconf 84' lang='lat' dir='ltr'><strong>linguae</strong></span> <span class='ocrx_word' id='word_1_32' title='bbox 2151 545 2210 611; x_wconf 88' lang='lat' dir='ltr'><strong>he·</strong></span> 
     </span>
     <span class='ocr_line' id='line_1_4' title="bbox 209 622 2210 713; baseline 0.006 -27"><span class='ocrx_word' id='word_1_33' title='bbox 209 642 270 713; x_wconf 89' lang='lat' dir='ltr'><strong>qua</strong></span> <span class='ocrx_word' id='word_1_34' title='bbox 297 631 461 706; x_wconf 89' lang='lat' dir='ltr'><strong>exparte</strong></span> <span class='ocrx_word' id='word_1_35' title='bbox 489 622 703 706; x_wconf 78' lang='lat' dir='ltr'><strong>suppeditant</strong></span> <span class='ocrx_word' id='word_1_36' title='bbox 731 626 840 692; x_wconf 85' lang='lat' dir='ltr'><strong>Lucas</strong></span> <span class='ocrx_word' id='word_1_37' title='bbox 866 638 901 691; x_wconf 90' lang='lat' dir='ltr'><strong>et</strong></span> <span class='ocrx_word' id='word_1_38' title='bbox 927 626 1067 693; x_wconf 87' lang='lat' dir='ltr'><strong>Paulus:</strong></span> <span class='ocrx_word' id='word_1_39' title='bbox 1102 648 1183 710; x_wconf 90' lang='lat' dir='ltr'><strong>quos</strong></span> <span class='ocrx_word' id='word_1_40' title='bbox 1234 626 1362 692; x_wconf 85' lang='lat' dir='ltr'><strong>braicae</strong></span> <span class='ocrx_word' id='word_1_41' title='bbox 1388 624 1533 709; x_wconf 86' lang='lat' dir='ltr'><strong>phrasis,</strong></span> <span class='ocrx_word' id='word_1_42' title='bbox 1571 629 1645 705; x_wconf 80' lang='lat' dir='ltr'><strong>[pag.</strong></span> <span class='ocrx_word' id='word_1_43' title='bbox 1671 631 1745 708; x_wconf 83' lang='grc'>166]</span> <span class='ocrx_word' id='word_1_44' title='bbox 1774 647 1928 709; x_wconf 87' lang='lat' dir='ltr'><strong>praesens</strong></span> <span class='ocrx_word' id='word_1_45' title='bbox 1954 629 2048 704; x_wconf 90' lang='lat' dir='ltr'><strong>verbi</strong></span> <span class='ocrx_word' id='word_1_46' title='bbox 2080 637 2210 713; x_wconf 79' lang='lat' dir='ltr'><strong>tempus</strong></span> 
     </span>
     <span class='ocr_line' id='line_1_5' title="bbox 208 707 2210 799; baseline 0.005 -28"><span class='ocrx_word' id='word_1_47' title='bbox 208 708 375 792; x_wconf 78' lang='lat' dir='ltr'><strong>probabile</strong></span> <span class='ocrx_word' id='word_1_48' title='bbox 398 717 449 773; x_wconf 91' lang='lat' dir='ltr'><strong>est</strong></span> <span class='ocrx_word' id='word_1_49' title='bbox 469 707 591 774; x_wconf 89' lang='lat' dir='ltr'><strong>clarius</strong></span> <span class='ocrx_word' id='word_1_50' title='bbox 613 710 685 776; x_wconf 89' lang='lat' dir='ltr'><strong>aliis</strong></span> <span class='ocrx_word' id='word_1_51' title='bbox 708 712 890 792; x_wconf 72' lang='lat' dir='ltr'><strong>scripsisse,</strong></span> <span class='ocrx_word' id='word_1_52' title='bbox 918 734 1056 795; x_wconf 90' lang='lat' dir='ltr'><strong>quorum</strong></span> <span class='ocrx_word' id='word_1_53' title='bbox 1080 715 1182 796; x_wconf 90' lang='lat' dir='ltr'><strong>scrip·</strong></span> <span class='ocrx_word' id='word_1_54' title='bbox 1233 732 1292 795; x_wconf 89' lang='lat' dir='ltr'><strong>pro</strong></span> <span class='ocrx_word' id='word_1_55' title='bbox 1309 712 1419 782; x_wconf 84' lang='lat' dir='ltr'><strong>futuro</strong></span> <span class='ocrx_word' id='word_1_56' title='bbox 1436 731 1579 776; x_wconf 90' lang='lat' dir='ltr'><strong>sumere:</strong></span> <span class='ocrx_word' id='word_1_57' title='bbox 1603 711 1762 795; x_wconf 89' lang='lat' dir='ltr'><strong>exemplis</strong></span> <span class='ocrx_word' id='word_1_58' title='bbox 1778 714 1899 795; x_wconf 88' lang='lat' dir='ltr'><strong>passim</strong></span> <span class='ocrx_word' id='word_1_59' title='bbox 1910 715 2092 782; x_wconf 85' lang='lat' dir='ltr'><strong>refertaest</strong></span> <span class='ocrx_word' id='word_1_60' title='bbox 2109 718 2210 799; x_wconf 86' lang='lat' dir='ltr'><strong>scrip-</strong></span> 
     </span>
     <span class='ocr_line' id='line_1_6' title="bbox 208 795 2210 880; baseline 0.005 -20"><span class='ocrx_word' id='word_1_61' title='bbox 208 795 249 860; x_wconf 87' lang='lat' dir='ltr'><strong>tis</strong></span> <span class='ocrx_word' id='word_1_62' title='bbox 279 816 373 859; x_wconf 88' lang='lat' dir='ltr'><strong>suam</strong></span> <span class='ocrx_word' id='word_1_63' title='bbox 406 796 710 877; x_wconf 76' lang='lat' dir='ltr'><strong>interpretationem</strong></span> <span class='ocrx_word' id='word_1_64' title='bbox 744 796 916 868; x_wconf 78' lang='lat' dir='ltr'><strong>addebant</strong></span> <span class='ocrx_word' id='word_1_65' title='bbox 968 799 1183 880; x_wconf 87' lang='lat' dir='ltr'><strong>Respondent</strong></span> <span class='ocrx_word' id='word_1_66' title='bbox 1235 809 1316 869; x_wconf 85' lang='lat' dir='ltr'><strong>tura.</strong></span> <span class='ocrx_word' id='word_1_67' title='bbox 1360 798 1435 874; x_wconf 88' lang='lat' dir='ltr'><strong>Isti,</strong></span> <span class='ocrx_word' id='word_1_68' title='bbox 1464 797 1616 880; x_wconf 83' lang='lat' dir='ltr'><strong>neglecta</strong></span> <span class='ocrx_word' id='word_1_69' title='bbox 1640 797 1730 863; x_wconf 92' lang='lat' dir='ltr'><strong>omni</strong></span> <span class='ocrx_word' id='word_1_70' title='bbox 1756 798 1898 877; x_wconf 85' lang='lat' dir='ltr'><strong>ratione,</strong></span> <span class='ocrx_word' id='word_1_71' title='bbox 1931 798 2057 865; x_wconf 91' lang='lat' dir='ltr'><strong>abitum</strong></span> <span class='ocrx_word' id='word_1_72' title='bbox 2085 801 2210 870; x_wconf 84' lang='lat' dir='ltr'><strong>Christi</strong></span> 
     </span>
     <span class='ocr_line' id='line_1_7' title="bbox 208 879 2209 971; baseline 0.001 -22"><span class='ocrx_word' id='word_1_73' title='bbox 208 879 516 964; x_wconf 81' lang='lat' dir='ltr'><strong>Mcgdeburgeuses,</strong></span> <span class='ocrx_word' id='word_1_74' title='bbox 545 881 667 965; x_wconf 88' lang='lat' dir='ltr'><strong>tropice</strong></span> <span class='ocrx_word' id='word_1_75' title='bbox 689 890 723 946; x_wconf 93' lang='lat' dir='ltr'><strong>et</strong></span> <span class='ocrx_word' id='word_1_76' title='bbox 743 881 910 949; x_wconf 92' lang='lat' dir='ltr'><strong>obscurius</strong></span> <span class='ocrx_word' id='word_1_77' title='bbox 931 884 1034 962; x_wconf 84' lang='lat' dir='ltr'><strong>diota,</strong></span> <span class='ocrx_word' id='word_1_78' title='bbox 1063 906 1122 967; x_wconf 92' lang='lat' dir='ltr'><strong>per</strong></span> <span class='ocrx_word' id='word_1_79' title='bbox 1143 906 1183 953; x_wconf 86' lang='lat' dir='ltr'><strong>ea</strong></span> <span class='ocrx_word' id='word_1_80' title='bbox 1234 885 1439 967; x_wconf 86' lang='lat' dir='ltr'><strong>restringunt</strong></span> <span class='ocrx_word' id='word_1_81' title='bbox 1460 881 1500 946; x_wconf 91' lang='lat' dir='ltr'><strong>ad</strong></span> <span class='ocrx_word' id='word_1_82' title='bbox 1523 895 1726 949; x_wconf 88' lang='lat' dir='ltr'><strong>momentum</strong></span> <span class='ocrx_word' id='word_1_83' title='bbox 1744 905 1809 966; x_wconf 92' lang='lat' dir='ltr'><strong>quo</strong></span> <span class='ocrx_word' id='word_1_84' title='bbox 1828 904 1941 950; x_wconf 91' lang='lat' dir='ltr'><strong>vocem</strong></span> <span class='ocrx_word' id='word_1_85' title='bbox 1952 885 2038 952; x_wconf 92' lang='lat' dir='ltr'><strong>hanc</strong></span> <span class='ocrx_word' id='word_1_86' title='bbox 2060 888 2209 971; x_wconf 87' lang='lat' dir='ltr'><strong>protulit:</strong></span> 
     </span>
     <span class='ocr_line' id='line_1_8' title="bbox 208 967 2209 1054; baseline 0.003 -22"><span class='ocrx_word' id='word_1_87' title='bbox 208 987 291 1050; x_wconf 89' lang='lat' dir='ltr'><strong>quae</strong></span> <span class='ocrx_word' id='word_1_88' title='bbox 315 967 508 1049; x_wconf 89' lang='lat' dir='ltr'><strong>simpliciter</strong></span> <span class='ocrx_word' id='word_1_89' title='bbox 535 975 570 1032; x_wconf 90' lang='lat' dir='ltr'><strong>et</strong></span> <span class='ocrx_word' id='word_1_90' title='bbox 600 968 770 1051; x_wconf 91' lang='lat' dir='ltr'><strong>perspicue</strong></span> <span class='ocrx_word' id='word_1_91' title='bbox 797 969 952 1034; x_wconf 87' lang='grc'>11666161</span> <span class='ocrx_word' id='word_1_92' title='bbox 980 969 1098 1036; x_wconf 89' lang='lat' dir='ltr'><strong>debere</strong></span> <span class='ocrx_word' id='word_1_93' title='bbox 1124 992 1181 1037; x_wconf 90' lang='lat' dir='ltr'><strong>cx·</strong></span> <span class='ocrx_word' id='word_1_94' title='bbox 1233 968 1336 1033; x_wconf 89' lang='lat' dir='ltr'><strong>Vado.</strong></span> <span class='ocrx_word' id='word_1_95' title='bbox 1387 971 1438 1033; x_wconf 85' lang='lat' dir='ltr'><strong>Ac</strong></span> <span class='ocrx_word' id='word_1_96' title='bbox 1468 968 1544 1034; x_wconf 93' lang='lat' dir='ltr'><strong>huic</strong></span> <span class='ocrx_word' id='word_1_97' title='bbox 1577 969 1727 1035; x_wconf 89' lang='lat' dir='ltr'><strong>inscitiae</strong></span> <span class='ocrx_word' id='word_1_98' title='bbox 1754 969 1822 1034; x_wconf 89' lang='lat' dir='ltr'><strong>dari</strong></span> <span class='ocrx_word' id='word_1_99' title='bbox 1853 971 1936 1035; x_wconf 85' lang='lat' dir='ltr'><strong>forte</strong></span> <span class='ocrx_word' id='word_1_100' title='bbox 1962 980 2072 1054; x_wconf 89' lang='lat' dir='ltr'><strong>posset</strong></span> <span class='ocrx_word' id='word_1_101' title='bbox 2103 976 2209 1054; x_wconf 89' lang='lat' dir='ltr'><strong>venia,</strong></span> 
     </span>
     <span class='ocr_line' id='line_1_9' title="bbox 209 1051 2210 1139; baseline 0.004 -23"><span class='ocrx_word' id='word_1_102' title='bbox 209 1054 293 1136; x_wconf 89' lang='lat' dir='ltr'><strong>poni.</strong></span> <span class='ocrx_word' id='word_1_103' title='bbox 326 1052 400 1117; x_wconf 87' lang='lat' dir='ltr'><strong>Hoc</strong></span> <span class='ocrx_word' id='word_1_104' title='bbox 421 1051 508 1119; x_wconf 91' lang='lat' dir='ltr'><strong>idem</strong></span> <span class='ocrx_word' id='word_1_105' title='bbox 531 1053 769 1130; x_wconf 87' lang='lat' dir='ltr'><strong>contendimus,</strong></span> <span class='ocrx_word' id='word_1_106' title='bbox 793 1065 827 1119; x_wconf 92' lang='lat' dir='ltr'><strong>et</strong></span> <span class='ocrx_word' id='word_1_107' title='bbox 843 1057 919 1139; x_wconf 90' lang='lat' dir='ltr'><strong>quia</strong></span> <span class='ocrx_word' id='word_1_108' title='bbox 938 1077 1013 1121; x_wconf 92' lang='lat' dir='ltr'><strong>cum</strong></span> <span class='ocrx_word' id='word_1_109' title='bbox 1036 1068 1102 1121; x_wconf 88' lang='lat' dir='ltr'><strong>tam</strong></span> <span class='ocrx_word' id='word_1_110' title='bbox 1122 1057 1181 1122; x_wconf 92' lang='lat' dir='ltr'><strong>dn·</strong></span> <span class='ocrx_word' id='word_1_111' title='bbox 1234 1055 1300 1120; x_wconf 89' lang='lat' dir='ltr'><strong>uisi</strong></span> <span class='ocrx_word' id='word_1_112' title='bbox 1327 1055 1464 1139; x_wconf 89' lang='lat' dir='ltr'><strong>impium</strong></span> <span class='ocrx_word' id='word_1_113' title='bbox 1492 1054 1584 1121; x_wconf 89' lang='lat' dir='ltr'><strong>aliud</strong></span> <span class='ocrx_word' id='word_1_114' title='bbox 1612 1053 1764 1120; x_wconf 89' lang='lat' dir='ltr'><strong>delirium</strong></span> <span class='ocrx_word' id='word_1_115' title='bbox 1793 1076 1904 1122; x_wconf 92' lang='lat' dir='ltr'><strong>secum</strong></span> <span class='ocrx_word' id='word_1_116' title='bbox 1934 1057 2095 1138; x_wconf 87' lang='lat' dir='ltr'><strong>traheret,</strong></span> <span class='ocrx_word' id='word_1_117' title='bbox 2130 1057 2210 1124; x_wconf 92' lang='lat' dir='ltr'><strong>dum</strong></span> 
     </span>
     <span class='ocr_line' id='line_1_10' title="bbox 208 1138 2211 1226; baseline 0.004 -22"><span class='ocrx_word' id='word_1_118' title='bbox 208 1141 254 1204; x_wconf 89' lang='lat' dir='ltr'><strong>ris</strong></span> <span class='ocrx_word' id='word_1_119' title='bbox 274 1145 309 1203; x_wconf 92' lang='lat' dir='ltr'><strong>et</strong></span> <span class='ocrx_word' id='word_1_120' title='bbox 330 1138 521 1221; x_wconf 75' lang='lat' dir='ltr'><strong>praefractis</strong></span> <span class='ocrx_word' id='word_1_121' title='bbox 542 1138 702 1220; x_wconf 79' lang='lat' dir='ltr'><strong>capitibus</strong></span> <span class='ocrx_word' id='word_1_122' title='bbox 723 1141 816 1207; x_wconf 88' lang='lat' dir='ltr'><strong>nobis</strong></span> <span class='ocrx_word' id='word_1_123' title='bbox 838 1152 889 1208; x_wconf 92' lang='lat' dir='ltr'><strong>cst</strong></span> <span class='ocrx_word' id='word_1_124' title='bbox 909 1143 1094 1226; x_wconf 88' lang='lat' dir='ltr'><strong>negotium,</strong></span> <span class='ocrx_word' id='word_1_125' title='bbox 1116 1143 1183 1210; x_wconf 90' lang='lat' dir='ltr'><strong>leo·</strong></span> <span class='ocrx_word' id='word_1_126' title='bbox 1234 1160 1312 1206; x_wconf 88' lang='lat' dir='ltr'><strong>vere</strong></span> <span class='ocrx_word' id='word_1_127' title='bbox 1337 1141 1372 1205; x_wconf 92' lang='lat' dir='ltr'><strong>in</strong></span> <span class='ocrx_word' id='word_1_128' title='bbox 1396 1140 1522 1206; x_wconf 91' lang='lat' dir='ltr'><strong>coelum</strong></span> <span class='ocrx_word' id='word_1_129' title='bbox 1551 1139 1699 1206; x_wconf 88' lang='lat' dir='ltr'><strong>aseendit</strong></span> <span class='ocrx_word' id='word_1_130' title='bbox 1720 1139 1888 1220; x_wconf 88' lang='lat' dir='ltr'><strong>Christus,</strong></span> <span class='ocrx_word' id='word_1_131' title='bbox 1921 1151 2087 1209; x_wconf 89' lang='lat' dir='ltr'><strong>ostensum</strong></span> <span class='ocrx_word' id='word_1_132' title='bbox 2110 1145 2211 1212; x_wconf 83' lang='lat' dir='ltr'><strong>fuisse</strong></span> 
     </span>
     <span class='ocr_line' id='line_1_11' title="bbox 209 1223 2211 1311; baseline 0.003 -21"><span class='ocrx_word' id='word_1_133' title='bbox 209 1225 334 1290; x_wconf 89' lang='lat' dir='ltr'><strong>toribus</strong></span> <span class='ocrx_word' id='word_1_134' title='bbox 354 1223 511 1289; x_wconf 91' lang='lat' dir='ltr'><strong>iudicium</strong></span> <span class='ocrx_word' id='word_1_135' title='bbox 534 1225 687 1307; x_wconf 89' lang='lat' dir='ltr'><strong>permitto</strong></span> <span class='ocrx_word' id='word_1_136' title='bbox 710 1236 785 1290; x_wconf 87' lang='lat' dir='ltr'><strong>utra</strong></span> <span class='ocrx_word' id='word_1_137' title='bbox 804 1227 948 1310; x_wconf 89' lang='lat' dir='ltr'><strong>loquutio</strong></span> <span class='ocrx_word' id='word_1_138' title='bbox 971 1229 1075 1311; x_wconf 86' lang='lat' dir='ltr'><strong>magis</strong></span> <span class='ocrx_word' id='word_1_139' title='bbox 1098 1228 1182 1292; x_wconf 90' lang='lat' dir='ltr'><strong>dilu·</strong></span> <span class='ocrx_word' id='word_1_140' title='bbox 1234 1226 1388 1308; x_wconf 90' lang='lat' dir='ltr'><strong>apostolis</strong></span> <span class='ocrx_word' id='word_1_141' title='bbox 1416 1224 1611 1302; x_wconf 89' lang='lat' dir='ltr'><strong>discessum,</strong></span> <span class='ocrx_word' id='word_1_142' title='bbox 1645 1227 1701 1309; x_wconf 92' lang='lat' dir='ltr'><strong>qui</strong></span> <span class='ocrx_word' id='word_1_143' title='bbox 1730 1227 1796 1290; x_wconf 90' lang='lat' dir='ltr'><strong>iam</strong></span> <span class='ocrx_word' id='word_1_144' title='bbox 1829 1239 2056 1309; x_wconf 85' lang='lat' dir='ltr'><strong>praecesserat</strong></span> <span class='ocrx_word' id='word_1_145' title='bbox 2105 1229 2211 1311; x_wconf 79' lang='lat' dir='ltr'><strong>Quasi</strong></span> 
     </span>
     <span class='ocr_line' id='line_1_12' title="bbox 208 1309 2212 1397; baseline 0.003 -21"><span class='ocrx_word' id='word_1_146' title='bbox 208 1309 279 1377; x_wconf 91' lang='lat' dir='ltr'><strong>cida</strong></span> <span class='ocrx_word' id='word_1_147' title='bbox 299 1311 354 1385; x_wconf 89' lang='lat' dir='ltr'><strong>sit:</strong></span> <span class='ocrx_word' id='word_1_148' title='bbox 380 1310 445 1375; x_wconf 90' lang='lat' dir='ltr'><strong>Hic</strong></span> <span class='ocrx_word' id='word_1_149' title='bbox 465 1310 550 1375; x_wconf 89' lang='lat' dir='ltr'><strong>calix</strong></span> <span class='ocrx_word' id='word_1_150' title='bbox 572 1318 623 1376; x_wconf 90' lang='lat' dir='ltr'><strong>est</strong></span> <span class='ocrx_word' id='word_1_151' title='bbox 644 1312 778 1397; x_wconf 86' lang='lat' dir='ltr'><strong>sanguis</strong></span> <span class='ocrx_word' id='word_1_152' title='bbox 795 1335 897 1390; x_wconf 86' lang='lat' dir='ltr'><strong>meus,</strong></span> <span class='ocrx_word' id='word_1_153' title='bbox 919 1313 986 1380; x_wconf 89' lang='lat' dir='ltr'><strong>vel:</strong></span> <span class='ocrx_word' id='word_1_154' title='bbox 1010 1313 1076 1380; x_wconf 90' lang='lat' dir='ltr'><strong>Hic</strong></span> <span class='ocrx_word' id='word_1_155' title='bbox 1098 1314 1183 1380; x_wconf 87' lang='lat' dir='ltr'><strong>calix</strong></span> <span class='ocrx_word' id='word_1_156' title='bbox 1233 1321 1398 1395; x_wconf 88' lang='lat' dir='ltr'><strong>spectrum</strong></span> <span class='ocrx_word' id='word_1_157' title='bbox 1421 1310 1551 1395; x_wconf 85' lang='lat' dir='ltr'><strong>aliquod</strong></span> <span class='ocrx_word' id='word_1_158' title='bbox 1573 1320 1686 1376; x_wconf 91' lang='lat' dir='ltr'><strong>narret</strong></span> <span class='ocrx_word' id='word_1_159' title='bbox 1707 1312 1827 1389; x_wconf 85' lang='lat' dir='ltr'><strong>Lucas,</strong></span> <span class='ocrx_word' id='word_1_160' title='bbox 1850 1322 1888 1378; x_wconf 91' lang='lat' dir='ltr'><strong>ut</strong></span> <span class='ocrx_word' id='word_1_161' title='bbox 1909 1323 2084 1381; x_wconf 75' lang='lat' dir='ltr'><strong>evanescat</strong></span> <span class='ocrx_word' id='word_1_162' title='bbox 2105 1337 2212 1382; x_wconf 92' lang='lat' dir='ltr'><strong>unum</strong></span> 
     </span>
     <span class='ocr_line' id='line_1_13' title="bbox 209 1396 1985 1482; baseline 0.004 -21"><span class='ocrx_word' id='word_1_163' title='bbox 209 1406 257 1461; x_wconf 86' lang='lat' dir='ltr'><strong>est</strong></span> <span class='ocrx_word' id='word_1_164' title='bbox 278 1396 392 1461; x_wconf 84' lang='lat' dir='ltr'><strong>foedus</strong></span> <span class='ocrx_word' id='word_1_165' title='bbox 419 1396 454 1459; x_wconf 91' lang='lat' dir='ltr'><strong>in</strong></span> <span class='ocrx_word' id='word_1_166' title='bbox 487 1416 560 1460; x_wconf 90' lang='lat' dir='ltr'><strong>meo</strong></span> <span class='ocrx_word' id='word_1_167' title='bbox 586 1399 755 1480; x_wconf 90' lang='lat' dir='ltr'><strong>sanguine.</strong></span> <span class='ocrx_word' id='word_1_168' title='bbox 807 1399 906 1464; x_wconf 88' lang='lat' dir='ltr'><strong>Certe</strong></span> <span class='ocrx_word' id='word_1_169' title='bbox 931 1420 1031 1481; x_wconf 88' lang='lat' dir='ltr'><strong>quum</strong></span> <span class='ocrx_word' id='word_1_170' title='bbox 1054 1420 1183 1482; x_wconf 88' lang='lat' dir='ltr'><strong>semper</strong></span> <span class='ocrx_word' id='word_1_171' title='bbox 1234 1419 1275 1463; x_wconf 90' lang='lat' dir='ltr'><strong>ex</strong></span> <span class='ocrx_word' id='word_1_172' title='bbox 1297 1398 1480 1480; x_wconf 77' lang='lat' dir='ltr'><strong>praecipuis</strong></span> <span class='ocrx_word' id='word_1_173' title='bbox 1501 1397 1577 1463; x_wconf 91' lang='lat' dir='ltr'><strong>fidei</strong></span> <span class='ocrx_word' id='word_1_174' title='bbox 1600 1405 1733 1463; x_wconf 89' lang='lat' dir='ltr'><strong>nostrae</strong></span> <span class='ocrx_word' id='word_1_175' title='bbox 1751 1399 1920 1481; x_wconf 84' lang='lat' dir='ltr'><strong>capitibus.</strong></span> <span class='ocrx_word' id='word_1_176' title='bbox 1984 1464 1985 1468; x_wconf 75' lang='grc'>,</span> 
     </span>
     <span class='ocr_line' id='line_1_14' title="bbox 208 1481 2208 1570; baseline 0.002 -22"><span class='ocrx_word' id='word_1_177' title='bbox 208 1481 373 1551; x_wconf 88' lang='lat' dir='ltr'><strong>obscurior</strong></span> <span class='ocrx_word' id='word_1_178' title='bbox 394 1482 438 1548; x_wconf 92' lang='lat' dir='ltr'><strong>sit</strong></span> <span class='ocrx_word' id='word_1_179' title='bbox 460 1483 618 1559; x_wconf 87' lang='lat' dir='ltr'><strong>brevitas,</strong></span> <span class='ocrx_word' id='word_1_180' title='bbox 648 1483 842 1548; x_wconf 85' lang='lat' dir='ltr'><strong>naturaliter</strong></span> <span class='ocrx_word' id='word_1_181' title='bbox 868 1485 942 1567; x_wconf 91' lang='lat' dir='ltr'><strong>plus</strong></span> <span class='ocrx_word' id='word_1_182' title='bbox 965 1485 1047 1550; x_wconf 91' lang='lat' dir='ltr'><strong>lucis</strong></span> <span class='ocrx_word' id='word_1_183' title='bbox 1068 1487 1184 1551; x_wconf 87' lang='lat' dir='ltr'><strong>afferet</strong></span> <span class='ocrx_word' id='word_1_184' title='bbox 1321 1482 1483 1564; x_wconf 83' lang='lat' dir='ltr'><strong>Quartum</strong></span> <span class='ocrx_word' id='word_1_185' title='bbox 1505 1492 1737 1565; x_wconf 86' lang='lat' dir='ltr'><strong>argumentum</strong></span> <span class='ocrx_word' id='word_1_186' title='bbox 1756 1497 1820 1549; x_wconf 87' lang='lat' dir='ltr'><strong>cst:</strong></span> <span class='ocrx_word' id='word_1_187' title='bbox 1843 1485 1954 1551; x_wconf 87' lang='lat' dir='ltr'><strong>Lucas</strong></span> <span class='ocrx_word' id='word_1_188' title='bbox 1977 1506 2110 1552; x_wconf 89' lang='lat' dir='ltr'><strong>coenam</strong></span> <span class='ocrx_word' id='word_1_189' title='bbox 2132 1487 2208 1570; x_wconf 86' lang='lat' dir='ltr'><strong>agni</strong></span> 
     </span>
     <span class='ocr_line' id='line_1_15' title="bbox 208 1568 2211 1655; baseline 0.003 -23"><span class='ocrx_word' id='word_1_190' title='bbox 208 1568 335 1652; x_wconf 90' lang='lat' dir='ltr'><strong>plenior</strong></span> <span class='ocrx_word' id='word_1_191' title='bbox 355 1568 508 1649; x_wconf 89' lang='lat' dir='ltr'><strong>loquutio.</strong></span> <span class='ocrx_word' id='word_1_192' title='bbox 547 1569 729 1634; x_wconf 87' lang='grc'>1111661116</span> <span class='ocrx_word' id='word_1_193' title='bbox 751 1570 910 1653; x_wconf 83' lang='lat' dir='ltr'><strong>arguendi</strong></span> <span class='ocrx_word' id='word_1_194' title='bbox 931 1579 1041 1638; x_wconf 90' lang='lat' dir='ltr'><strong>essent</strong></span> <span class='ocrx_word' id='word_1_195' title='bbox 1060 1592 1182 1654; x_wconf 81' lang='lat' dir='ltr'><strong>pravae</strong></span> <span class='ocrx_word' id='word_1_196' title='bbox 1234 1569 1397 1651; x_wconf 88' lang='lat' dir='ltr'><strong>paschalis</strong></span> <span class='ocrx_word' id='word_1_197' title='bbox 1426 1569 1609 1653; x_wconf 89' lang='lat' dir='ltr'><strong>praemittit</strong></span> <span class='ocrx_word' id='word_1_198' title='bbox 1636 1590 1756 1635; x_wconf 88' lang='lat' dir='ltr'><strong>coenae</strong></span> <span class='ocrx_word' id='word_1_199' title='bbox 1783 1570 1979 1637; x_wconf 90' lang='lat' dir='ltr'><strong>dominicae:</strong></span> <span class='ocrx_word' id='word_1_200' title='bbox 2010 1592 2111 1638; x_wconf 90' lang='lat' dir='ltr'><strong>coena</strong></span> <span class='ocrx_word' id='word_1_201' title='bbox 2133 1573 2211 1655; x_wconf 87' lang='lat' dir='ltr'><strong>agni</strong></span> 
     </span>
     <span class='ocr_line' id='line_1_16' title="bbox 208 1654 2211 1741; baseline 0.002 -23"><span class='ocrx_word' id='word_1_202' title='bbox 208 1655 442 1737; x_wconf 79' lang='lat' dir='ltr'><strong>incogitantiae</strong></span> <span class='ocrx_word' id='word_1_203' title='bbox 463 1655 572 1719; x_wconf 85' lang='lat' dir='ltr'><strong>Lucas</strong></span> <span class='ocrx_word' id='word_1_204' title='bbox 595 1665 627 1718; x_wconf 88' lang='lat' dir='ltr'><strong>et</strong></span> <span class='ocrx_word' id='word_1_205' title='bbox 651 1655 783 1735; x_wconf 87' lang='lat' dir='ltr'><strong>Paulus,</strong></span> <span class='ocrx_word' id='word_1_206' title='bbox 813 1657 840 1720; x_wconf 92' lang='lat' dir='ltr'><strong>si</strong></span> <span class='ocrx_word' id='word_1_207' title='bbox 863 1677 933 1720; x_wconf 91' lang='lat' dir='ltr'><strong>rem</strong></span> <span class='ocrx_word' id='word_1_208' title='bbox 956 1659 1063 1724; x_wconf 87' lang='grc'>66616</span> <span class='ocrx_word' id='word_1_209' title='bbox 1085 1657 1181 1723; x_wconf 91' lang='lat' dir='ltr'><strong>eolle-</strong></span> <span class='ocrx_word' id='word_1_210' title='bbox 1234 1654 1397 1738; x_wconf 89' lang='lat' dir='ltr'><strong>paschalis</strong></span> <span class='ocrx_word' id='word_1_211' title='bbox 1417 1662 1469 1719; x_wconf 90' lang='lat' dir='ltr'><strong>cst</strong></span> <span class='ocrx_word' id='word_1_212' title='bbox 1488 1655 1683 1738; x_wconf 83' lang='lat' dir='ltr'><strong>mysterium</strong></span> <span class='ocrx_word' id='word_1_213' title='bbox 1703 1676 1762 1720; x_wconf 92' lang='lat' dir='ltr'><strong>seu</strong></span> <span class='ocrx_word' id='word_1_214' title='bbox 1785 1657 1906 1739; x_wconf 87' lang='lat' dir='ltr'><strong>figure:</strong></span> <span class='ocrx_word' id='word_1_215' title='bbox 1930 1675 2007 1741; x_wconf 88' lang='lat' dir='ltr'><strong>ergo</strong></span> <span class='ocrx_word' id='word_1_216' title='bbox 2029 1678 2131 1724; x_wconf 90' lang='lat' dir='ltr'><strong>coena</strong></span> <span class='ocrx_word' id='word_1_217' title='bbox 2141 1659 2211 1724; x_wconf 88' lang='lat' dir='ltr'><strong>Do·</strong></span> 
     </span>
     <span class='ocr_line' id='line_1_17' title="bbox 209 1740 2210 1827; baseline 0.002 -23"><span class='ocrx_word' id='word_1_218' title='bbox 209 1741 258 1825; x_wconf 86' lang='lat' dir='ltr'><strong>gis</strong></span> <span class='ocrx_word' id='word_1_219' title='bbox 284 1740 372 1804; x_wconf 92' lang='lat' dir='ltr'><strong>clare</strong></span> <span class='ocrx_word' id='word_1_220' title='bbox 400 1760 588 1821; x_wconf 89' lang='lat' dir='ltr'><strong>expressam</strong></span> <span class='ocrx_word' id='word_1_221' title='bbox 618 1740 792 1806; x_wconf 89' lang='lat' dir='ltr'><strong>verborum</strong></span> <span class='ocrx_word' id='word_1_222' title='bbox 822 1742 960 1809; x_wconf 88' lang='lat' dir='ltr'><strong>circuitu</strong></span> <span class='ocrx_word' id='word_1_223' title='bbox 983 1744 1076 1827; x_wconf 91' lang='lat' dir='ltr'><strong>quasi</strong></span> <span class='ocrx_word' id='word_1_224' title='bbox 1105 1742 1183 1808; x_wconf 89' lang='lat' dir='ltr'><strong>data</strong></span> <span class='ocrx_word' id='word_1_225' title='bbox 1235 1741 1316 1806; x_wconf 89' lang='lat' dir='ltr'><strong>mini</strong></span> <span class='ocrx_word' id='word_1_226' title='bbox 1338 1742 1479 1825; x_wconf 82' lang='lat' dir='ltr'><strong>mystica</strong></span> <span class='ocrx_word' id='word_1_227' title='bbox 1500 1761 1557 1806; x_wconf 88' lang='lat' dir='ltr'><strong>seu</strong></span> <span class='ocrx_word' id='word_1_228' title='bbox 1575 1741 1753 1823; x_wconf 85' lang='lat' dir='ltr'><strong>figurativa</strong></span> <span class='ocrx_word' id='word_1_229' title='bbox 1774 1752 1832 1806; x_wconf 90' lang='lat' dir='ltr'><strong>est.</strong></span> <span class='ocrx_word' id='word_1_230' title='bbox 1865 1746 1918 1807; x_wconf 91' lang='lat' dir='ltr'><strong>An</strong></span> <span class='ocrx_word' id='word_1_231' title='bbox 1944 1743 2004 1808; x_wconf 92' lang='lat' dir='ltr'><strong>hoc</strong></span> <span class='ocrx_word' id='word_1_232' title='bbox 2014 1743 2210 1826; x_wconf 90' lang='lat' dir='ltr'><strong>modoquis-</strong></span> 
     </span>
     <span class='ocr_line' id='line_1_18' title="bbox 207 1825 2209 1911; baseline 0.001 -20"><span class='ocrx_word' id='word_1_233' title='bbox 207 1845 306 1908; x_wconf 88' lang='lat' dir='ltr'><strong>opera</strong></span> <span class='ocrx_word' id='word_1_234' title='bbox 326 1825 563 1891; x_wconf 84' lang='lat' dir='ltr'><strong>obsecrassent.</strong></span> <span class='ocrx_word' id='word_1_235' title='bbox 1233 1848 1331 1909; x_wconf 88' lang='lat' dir='ltr'><strong>quam</strong></span> <span class='ocrx_word' id='word_1_236' title='bbox 1361 1825 1573 1892; x_wconf 84' lang='lat' dir='ltr'><strong>ratiocinatus</strong></span> <span class='ocrx_word' id='word_1_237' title='bbox 1601 1827 1660 1903; x_wconf 90' lang='lat' dir='ltr'><strong>sit,</strong></span> <span class='ocrx_word' id='word_1_238' title='bbox 1689 1828 1813 1893; x_wconf 89' lang='lat' dir='ltr'><strong>nescio:</strong></span> <span class='ocrx_word' id='word_1_239' title='bbox 1849 1837 1938 1894; x_wconf 90' lang='lat' dir='ltr'><strong>certe</strong></span> <span class='ocrx_word' id='word_1_240' title='bbox 1966 1849 2032 1893; x_wconf 91' lang='lat' dir='ltr'><strong>non</strong></span> <span class='ocrx_word' id='word_1_241' title='bbox 2060 1828 2209 1911; x_wconf 88' lang='lat' dir='ltr'><strong>arbitror,</strong></span> 
     </span>
     <span class='ocr_line' id='line_1_19' title="bbox 292 1911 2210 1997; baseline 0.004 -22"><span class='ocrx_word' id='word_1_242' title='bbox 292 1911 440 1976; x_wconf 75' lang='lat' dir='ltr'><strong>Tertium</strong></span> <span class='ocrx_word' id='word_1_243' title='bbox 474 1922 705 1994; x_wconf 80' lang='lat' dir='ltr'><strong>argumentum</strong></span> <span class='ocrx_word' id='word_1_244' title='bbox 740 1923 805 1990; x_wconf 88' lang='lat' dir='ltr'><strong>est,</strong></span> <span class='ocrx_word' id='word_1_245' title='bbox 840 1934 906 1978; x_wconf 90' lang='lat' dir='ltr'><strong>non</strong></span> <span class='ocrx_word' id='word_1_246' title='bbox 935 1912 1053 1980; x_wconf 89' lang='lat' dir='ltr'><strong>debere</strong></span> <span class='ocrx_word' id='word_1_247' title='bbox 1080 1915 1183 1980; x_wconf 83' lang='lat' dir='ltr'><strong>rerba</strong></span> <span class='ocrx_word' id='word_1_248' title='bbox 1233 1933 1295 1978; x_wconf 90' lang='lat' dir='ltr'><strong>uec</strong></span> <span class='ocrx_word' id='word_1_249' title='bbox 1321 1912 1501 1978; x_wconf 92' lang='lat' dir='ltr'><strong>verisimile</strong></span> <span class='ocrx_word' id='word_1_250' title='bbox 1528 1920 1587 1978; x_wconf 88' lang='lat' dir='ltr'><strong>est</strong></span> <span class='ocrx_word' id='word_1_251' title='bbox 1640 1912 1736 1994; x_wconf 79' lang='lat' dir='ltr'><strong>Quod</strong></span> <span class='ocrx_word' id='word_1_252' title='bbox 1765 1933 1843 1997; x_wconf 88' lang='lat' dir='ltr'><strong>ergo</strong></span> <span class='ocrx_word' id='word_1_253' title='bbox 1867 1935 1926 1997; x_wconf 93' lang='lat' dir='ltr'><strong>pro</strong></span> <span class='ocrx_word' id='word_1_254' title='bbox 1954 1935 2014 1980; x_wconf 88' lang='lat' dir='ltr'><strong>suo</strong></span> <span class='ocrx_word' id='word_1_255' title='bbox 2041 1915 2210 1984; x_wconf 90' lang='lat' dir='ltr'><strong>commodo</strong></span> 
     </span>
     <span class='ocr_line' id='line_1_20' title="bbox 206 1996 2209 2082; baseline 0 -19"><span class='ocrx_word' id='word_1_256' title='bbox 206 2016 324 2063; x_wconf 83' lang='lat' dir='ltr'><strong>menae</strong></span> <span class='ocrx_word' id='word_1_257' title='bbox 347 1997 388 2062; x_wconf 88' lang='lat' dir='ltr'><strong>ab</strong></span> <span class='ocrx_word' id='word_1_258' title='bbox 409 1996 482 2061; x_wconf 88' lang='lat' dir='ltr'><strong>aliis</strong></span> <span class='ocrx_word' id='word_1_259' title='bbox 504 1997 664 2079; x_wconf 88' lang='lat' dir='ltr'><strong>separari,</strong></span> <span class='ocrx_word' id='word_1_260' title='bbox 692 2019 775 2080; x_wconf 88' lang='lat' dir='ltr'><strong>quae</strong></span> <span class='ocrx_word' id='word_1_261' title='bbox 797 1998 910 2064; x_wconf 90' lang='lat' dir='ltr'><strong>eodem</strong></span> <span class='ocrx_word' id='word_1_262' title='bbox 938 2001 1006 2065; x_wconf 88' lang='grc'>1616</span> <span class='ocrx_word' id='word_1_263' title='bbox 1027 2001 1182 2082; x_wconf 88' lang='lat' dir='ltr'><strong>temporis</strong></span> <span class='ocrx_word' id='word_1_264' title='bbox 1233 2000 1405 2075; x_wconf 89' lang='lat' dir='ltr'><strong>flexerunt,</strong></span> <span class='ocrx_word' id='word_1_265' title='bbox 1435 2000 1482 2063; x_wconf 88' lang='lat' dir='ltr'><strong>ita</strong></span> <span class='ocrx_word' id='word_1_266' title='bbox 1503 1999 1691 2067; x_wconf 83' lang='lat' dir='ltr'><strong>restituam:</strong></span> <span class='ocrx_word' id='word_1_267' title='bbox 1721 1999 1868 2064; x_wconf 88' lang='lat' dir='ltr'><strong>Coenam</strong></span> <span class='ocrx_word' id='word_1_268' title='bbox 1889 2000 2033 2065; x_wconf 88' lang='lat' dir='ltr'><strong>instituit</strong></span> <span class='ocrx_word' id='word_1_269' title='bbox 2054 1999 2209 2074; x_wconf 83' lang='lat' dir='ltr'><strong>Christus</strong></span> 
     </span>
     <span class='ocr_line' id='line_1_21' title="bbox 205 2081 2211 2169; baseline 0.002 -20"><span class='ocrx_word' id='word_1_270' title='bbox 205 2081 344 2149; x_wconf 87' lang='lat' dir='ltr'><strong>articulo</strong></span> <span class='ocrx_word' id='word_1_271' title='bbox 366 2082 504 2165; x_wconf 89' lang='lat' dir='ltr'><strong>protulit</strong></span> <span class='ocrx_word' id='word_1_272' title='bbox 525 2082 686 2149; x_wconf 87' lang='lat' dir='ltr'><strong>Christus.</strong></span> <span class='ocrx_word' id='word_1_273' title='bbox 736 2086 839 2168; x_wconf 82' lang='lat' dir='ltr'><strong>Atqui</strong></span> <span class='ocrx_word' id='word_1_274' title='bbox 860 2092 931 2164; x_wconf 81' lang='lat' dir='ltr'><strong>[pag.</strong></span> <span class='ocrx_word' id='word_1_275' title='bbox 959 2090 1030 2165; x_wconf 89' lang='grc'>166]</span> <span class='ocrx_word' id='word_1_276' title='bbox 1053 2086 1182 2169; x_wconf 89' lang='lat' dir='ltr'><strong>saepius</strong></span> <span class='ocrx_word' id='word_1_277' title='bbox 1233 2105 1316 2166; x_wconf 89' lang='lat' dir='ltr'><strong>quae</strong></span> <span class='ocrx_word' id='word_1_278' title='bbox 1336 2084 1526 2150; x_wconf 86' lang='lat' dir='ltr'><strong>succederet</strong></span> <span class='ocrx_word' id='word_1_279' title='bbox 1546 2084 1583 2148; x_wconf 92' lang='lat' dir='ltr'><strong>in</strong></span> <span class='ocrx_word' id='word_1_280' title='bbox 1603 2083 1709 2149; x_wconf 90' lang='lat' dir='ltr'><strong>locum</strong></span> <span class='ocrx_word' id='word_1_281' title='bbox 1731 2085 1808 2168; x_wconf 87' lang='lat' dir='ltr'><strong>agni</strong></span> <span class='ocrx_word' id='word_1_282' title='bbox 1829 2085 2021 2168; x_wconf 78' lang='lat' dir='ltr'><strong>paschalis,</strong></span> <span class='ocrx_word' id='word_1_283' title='bbox 2038 2093 2073 2152; x_wconf 87' lang='grc'><strong>61</strong></span> <span class='ocrx_word' id='word_1_284' title='bbox 2093 2087 2211 2154; x_wconf 88' lang='lat' dir='ltr'><strong>similis</strong></span> 
     </span>
     <span class='ocr_line' id='line_1_22' title="bbox 206 2170 2208 2254; baseline 0.002 -22"><span class='ocrx_word' id='word_1_285' title='bbox 206 2177 283 2235; x_wconf 88' lang='lat' dir='ltr'><strong>tnnc</strong></span> <span class='ocrx_word' id='word_1_286' title='bbox 314 2176 453 2233; x_wconf 88' lang='grc'>16616166</span> <span class='ocrx_word' id='word_1_287' title='bbox 480 2177 531 2233; x_wconf 86' lang='lat' dir='ltr'><strong>est</strong></span> <span class='ocrx_word' id='word_1_288' title='bbox 558 2190 593 2234; x_wconf 94' lang='lat' dir='ltr'><strong>se</strong></span> <span class='ocrx_word' id='word_1_289' title='bbox 620 2170 782 2235; x_wconf 91' lang='lat' dir='ltr'><strong>mundum</strong></span> <span class='ocrx_word' id='word_1_290' title='bbox 810 2170 1002 2254; x_wconf 88' lang='lat' dir='ltr'><strong>relinquere.</strong></span> <span class='ocrx_word' id='word_1_291' title='bbox 1053 2170 1182 2238; x_wconf 82' lang='lat' dir='ltr'><strong>Solutio</strong></span> <span class='ocrx_word' id='word_1_292' title='bbox 1233 2179 1284 2234; x_wconf 91' lang='lat' dir='ltr'><strong>est</strong></span> <span class='ocrx_word' id='word_1_293' title='bbox 1311 2171 1480 2252; x_wconf 90' lang='lat' dir='ltr'><strong>utriusque</strong></span> <span class='ocrx_word' id='word_1_294' title='bbox 1507 2171 1702 2235; x_wconf 87' lang='lat' dir='ltr'><strong>sacramenti</strong></span> <span class='ocrx_word' id='word_1_295' title='bbox 1733 2174 1807 2249; x_wconf 82' lang='lat' dir='ltr'><strong>[pag.</strong></span> <span class='ocrx_word' id='word_1_296' title='bbox 1833 2176 1905 2251; x_wconf 84' lang='grc'>166]</span> <span class='ocrx_word' id='word_1_297' title='bbox 1939 2173 2022 2236; x_wconf 89' lang='lat' dir='ltr'><strong>ratio</strong></span> <span class='ocrx_word' id='word_1_298' title='bbox 2054 2179 2088 2235; x_wconf 89' lang='grc'><strong>61</strong></span> <span class='ocrx_word' id='word_1_299' title='bbox 2118 2173 2208 2237; x_wconf 90' lang='lat' dir='ltr'><strong>finis:</strong></span> 
     </span>
     <span class='ocr_line' id='line_1_23' title="bbox 206 2254 2209 2340; baseline 0.001 -20"><span class='ocrx_word' id='word_1_300' title='bbox 206 2254 541 2338; x_wconf 82' lang='lat' dir='ltr'><strong>Magdeburgcnsium</strong></span> <span class='ocrx_word' id='word_1_301' title='bbox 564 2264 622 2334; x_wconf 89' lang='lat' dir='ltr'><strong>est,</strong></span> <span class='ocrx_word' id='word_1_302' title='bbox 650 2257 806 2322; x_wconf 88' lang='lat' dir='ltr'><strong>maiorem</strong></span> <span class='ocrx_word' id='word_1_303' title='bbox 829 2268 995 2340; x_wconf 91' lang='lat' dir='ltr'><strong>utcunque</strong></span> <span class='ocrx_word' id='word_1_304' title='bbox 1016 2278 1110 2340; x_wconf 88' lang='lat' dir='ltr'><strong>posse</strong></span> <span class='ocrx_word' id='word_1_305' title='bbox 1133 2268 1181 2323; x_wconf 86' lang='lat' dir='ltr'><strong>to-</strong></span> <span class='ocrx_word' id='word_1_306' title='bbox 1233 2277 1299 2319; x_wconf 88' lang='lat' dir='ltr'><strong>non</strong></span> <span class='ocrx_word' id='word_1_307' title='bbox 1321 2256 1443 2320; x_wconf 92' lang='lat' dir='ltr'><strong>mirum</strong></span> <span class='ocrx_word' id='word_1_308' title='bbox 1471 2256 1573 2339; x_wconf 82' lang='lat' dir='ltr'><strong>igitur</strong></span> <span class='ocrx_word' id='word_1_309' title='bbox 1595 2256 1624 2321; x_wconf 89' lang='grc'><strong>61</strong></span> <span class='ocrx_word' id='word_1_310' title='bbox 1650 2256 1756 2321; x_wconf 88' lang='lat' dir='ltr'><strong>multa</strong></span> <span class='ocrx_word' id='word_1_311' title='bbox 1778 2256 1821 2321; x_wconf 89' lang='lat' dir='ltr'><strong>sit</strong></span> <span class='ocrx_word' id='word_1_312' title='bbox 1842 2256 1979 2322; x_wconf 90' lang='lat' dir='ltr'><strong>alterius</strong></span> <span class='ocrx_word' id='word_1_313' title='bbox 2000 2278 2076 2322; x_wconf 88' lang='lat' dir='ltr'><strong>cum</strong></span> <span class='ocrx_word' id='word_1_314' title='bbox 2106 2257 2209 2322; x_wconf 88' lang='lat' dir='ltr'><strong>altero</strong></span> 
     </span>
     <span class='ocr_line' id='line_1_24' title="bbox 205 2340 2211 2425; baseline 0.001 -19"><span class='ocrx_word' id='word_1_315' title='bbox 205 2340 313 2416; x_wconf 90' lang='grc'>161611,</span> <span class='ocrx_word' id='word_1_316' title='bbox 337 2340 451 2405; x_wconf 89' lang='lat' dir='ltr'><strong>sedin</strong></span> <span class='ocrx_word' id='word_1_317' title='bbox 473 2341 603 2423; x_wconf 85' lang='lat' dir='ltr'><strong>prolixa</strong></span> <span class='ocrx_word' id='word_1_318' title='bbox 623 2342 681 2406; x_wconf 87' lang='lat' dir='ltr'><strong>ille</strong></span> <span class='ocrx_word' id='word_1_319' title='bbox 697 2343 863 2420; x_wconf 86' lang='lat' dir='ltr'><strong>concione,</strong></span> <span class='ocrx_word' id='word_1_320' title='bbox 885 2365 927 2407; x_wconf 92' lang='lat' dir='ltr'><strong>ex</strong></span> <span class='ocrx_word' id='word_1_321' title='bbox 949 2364 1013 2425; x_wconf 89' lang='lat' dir='ltr'><strong>qua</strong></span> <span class='ocrx_word' id='word_1_322' title='bbox 1034 2344 1181 2408; x_wconf 89' lang='lat' dir='ltr'><strong>testimo·</strong></span> <span class='ocrx_word' id='word_1_323' title='bbox 1233 2341 1389 2420; x_wconf 86' lang='lat' dir='ltr'><strong>affinitas,</strong></span> <span class='ocrx_word' id='word_1_324' title='bbox 1420 2341 1640 2407; x_wconf 83' lang='grc'>6116161116</span> <span class='ocrx_word' id='word_1_325' title='bbox 1667 2343 1766 2407; x_wconf 90' lang='lat' dir='ltr'><strong>ctiam</strong></span> <span class='ocrx_word' id='word_1_326' title='bbox 1794 2342 1983 2407; x_wconf 89' lang='lat' dir='ltr'><strong>similitudo.</strong></span> <span class='ocrx_word' id='word_1_327' title='bbox 2015 2341 2122 2423; x_wconf 80' lang='lat' dir='ltr'><strong>-Quid</strong></span> <span class='ocrx_word' id='word_1_328' title='bbox 2145 2343 2211 2408; x_wconf 89' lang='grc'>1661</span> 
     </span>
     <span class='ocr_line' id='line_1_25' title="bbox 205 2425 2211 2512; baseline 0 -21"><span class='ocrx_word' id='word_1_329' title='bbox 205 2429 260 2491; x_wconf 90' lang='grc'><strong>616</strong></span> <span class='ocrx_word' id='word_1_330' title='bbox 281 2428 422 2492; x_wconf 86' lang='lat' dir='ltr'><strong>citamus</strong></span> <span class='ocrx_word' id='word_1_331' title='bbox 445 2425 485 2491; x_wconf 91' lang='lat' dir='ltr'><strong>dc</strong></span> <span class='ocrx_word' id='word_1_332' title='bbox 507 2426 652 2493; x_wconf 88' lang='lat' dir='ltr'><strong>discessu</strong></span> <span class='ocrx_word' id='word_1_333' title='bbox 663 2428 798 2505; x_wconf 77' lang='lat' dir='ltr'><strong>Christi,</strong></span> <span class='ocrx_word' id='word_1_334' title='bbox 821 2449 888 2493; x_wconf 90' lang='lat' dir='ltr'><strong>uon</strong></span> <span class='ocrx_word' id='word_1_335' title='bbox 910 2428 1026 2494; x_wconf 87' lang='lat' dir='ltr'><strong>disseri</strong></span> <span class='ocrx_word' id='word_1_336' title='bbox 1048 2429 1088 2493; x_wconf 92' lang='lat' dir='ltr'><strong>dc</strong></span> <span class='ocrx_word' id='word_1_337' title='bbox 1110 2450 1182 2495; x_wconf 88' lang='lat' dir='ltr'><strong>coe-</strong></span> <span class='ocrx_word' id='word_1_338' title='bbox 1233 2425 1556 2511; x_wconf 85' lang='lat' dir='ltr'><strong>Magdeburgenscs‘l</strong></span> <span class='ocrx_word' id='word_1_339' title='bbox 1593 2439 1716 2511; x_wconf 90' lang='lat' dir='ltr'><strong>negant</strong></span> <span class='ocrx_word' id='word_1_340' title='bbox 1743 2438 1974 2512; x_wconf 80' lang='lat' dir='ltr'><strong>argumentum</strong></span> <span class='ocrx_word' id='word_1_341' title='bbox 2004 2426 2045 2493; x_wconf 87' lang='lat' dir='ltr'><strong>ab</strong></span> <span class='ocrx_word' id='word_1_342' title='bbox 2077 2430 2211 2512; x_wconf 87' lang='lat' dir='ltr'><strong>impari·</strong></span> 
     </span>
     <span class='ocr_line' id='line_1_26' title="bbox 205 2510 2209 2598; baseline 0.001 -21"><span class='ocrx_word' id='word_1_343' title='bbox 205 2533 268 2577; x_wconf 83' lang='lat' dir='ltr'><strong>nae</strong></span> <span class='ocrx_word' id='word_1_344' title='bbox 295 2512 462 2594; x_wconf 85' lang='lat' dir='ltr'><strong>mysterio.</strong></span> <span class='ocrx_word' id='word_1_345' title='bbox 514 2510 601 2593; x_wconf 83' lang='lat' dir='ltr'><strong>Quid</strong></span> <span class='ocrx_word' id='word_1_346' title='bbox 631 2514 726 2578; x_wconf 84' lang='lat' dir='ltr'><strong>turn?</strong></span> <span class='ocrx_word' id='word_1_347' title='bbox 755 2515 851 2579; x_wconf 89' lang='lat' dir='ltr'><strong>nobis</strong></span> <span class='ocrx_word' id='word_1_348' title='bbox 879 2515 966 2581; x_wconf 89' lang='lat' dir='ltr'><strong>enim</strong></span> <span class='ocrx_word' id='word_1_349' title='bbox 996 2517 1101 2579; x_wconf 92' lang='lat' dir='ltr'><strong>fixum</strong></span> <span class='ocrx_word' id='word_1_350' title='bbox 1129 2516 1181 2579; x_wconf 89' lang='lat' dir='ltr'><strong>in·</strong></span> <span class='ocrx_word' id='word_1_351' title='bbox 1233 2511 1295 2579; x_wconf 87' lang='lat' dir='ltr'><strong>bus</strong></span> <span class='ocrx_word' id='word_1_352' title='bbox 1317 2513 1436 2579; x_wconf 91' lang='lat' dir='ltr'><strong>valere.</strong></span> <span class='ocrx_word' id='word_1_353' title='bbox 1487 2514 1588 2595; x_wconf 82' lang='lat' dir='ltr'><strong>Atqui</strong></span> <span class='ocrx_word' id='word_1_354' title='bbox 1612 2534 1672 2598; x_wconf 87' lang='lat' dir='ltr'><strong>ego</strong></span> <span class='ocrx_word' id='word_1_355' title='bbox 1694 2535 1799 2595; x_wconf 89' lang='lat' dir='ltr'><strong>neque</strong></span> <span class='ocrx_word' id='word_1_356' title='bbox 1820 2515 1995 2597; x_wconf 85' lang='lat' dir='ltr'><strong>paritatem</strong></span> <span class='ocrx_word' id='word_1_357' title='bbox 2018 2535 2128 2598; x_wconf 89' lang='lat' dir='ltr'><strong>urgeo,</strong></span> <span class='ocrx_word' id='word_1_358' title='bbox 2151 2536 2209 2579; x_wconf 91' lang='lat' dir='ltr'><strong>ne·</strong></span> 
     </span>
     <span class='ocr_line' id='line_1_27' title="bbox 205 2597 2271 2682; baseline 0.002 -20"><span class='ocrx_word' id='word_1_359' title='bbox 205 2608 296 2663; x_wconf 87' lang='lat' dir='ltr'><strong>terea</strong></span> <span class='ocrx_word' id='word_1_360' title='bbox 323 2597 385 2663; x_wconf 94' lang='lat' dir='ltr'><strong>hoc</strong></span> <span class='ocrx_word' id='word_1_361' title='bbox 411 2606 537 2677; x_wconf 89' lang='lat' dir='ltr'><strong>manet,</strong></span> <span class='ocrx_word' id='word_1_362' title='bbox 570 2620 673 2681; x_wconf 90' lang='lat' dir='ltr'><strong>quum</strong></span> <span class='ocrx_word' id='word_1_363' title='bbox 707 2620 841 2665; x_wconf 86' lang='lat' dir='ltr'><strong>coenam</strong></span> <span class='ocrx_word' id='word_1_364' title='bbox 870 2602 1041 2666; x_wconf 87' lang='lat' dir='ltr'><strong>instituere</strong></span> <span class='ocrx_word' id='word_1_365' title='bbox 1068 2601 1181 2666; x_wconf 87' lang='lat' dir='ltr'><strong>volens</strong></span> <span class='ocrx_word' id='word_1_366' title='bbox 1233 2620 1296 2682; x_wconf 90' lang='lat' dir='ltr'><strong>que</strong></span> <span class='ocrx_word' id='word_1_367' title='bbox 1318 2608 1473 2681; x_wconf 86' lang='lat' dir='ltr'><strong>tanquam</strong></span> <span class='ocrx_word' id='word_1_368' title='bbox 1492 2599 1713 2667; x_wconf 86' lang='lat' dir='ltr'><strong>necessarium</strong></span> <span class='ocrx_word' id='word_1_369' title='bbox 1735 2600 1851 2679; x_wconf 89' lang='grc'>161616,</span> <span class='ocrx_word' id='word_1_370' title='bbox 1872 2600 1958 2682; x_wconf 93' lang='lat' dir='ltr'><strong>quod</strong></span> <span class='ocrx_word' id='word_1_371' title='bbox 1979 2597 2020 2665; x_wconf 92' lang='lat' dir='ltr'><strong>de</strong></span> <span class='ocrx_word' id='word_1_372' title='bbox 2041 2621 2106 2665; x_wconf 92' lang='lat' dir='ltr'><strong>uno</strong></span> <span class='ocrx_word' id='word_1_373' title='bbox 2128 2599 2209 2666; x_wconf 90' lang='lat' dir='ltr'><strong>dici·</strong></span> <span class='ocrx_word' id='word_1_374' title='bbox 2269 2648 2271 2654; x_wconf 86' lang='lat'>-</span> 
     </span>
    </p>
   </div>
   <div class='ocr_carea' id='block_1_3' title="bbox 203 2683 2335 2769">
    <p class='ocr_par' dir='ltr' id='par_1_3' title="bbox 203 2683 2335 2769">
     <span class='ocr_line' id='line_1_28' title="bbox 203 2683 2335 2769; baseline 0.001 -20"><span class='ocrx_word' id='word_1_375' title='bbox 203 2684 293 2749; x_wconf 88' lang='lat' dir='ltr'><strong>lilius</strong></span> <span class='ocrx_word' id='word_1_376' title='bbox 319 2684 384 2749; x_wconf 88' lang='lat' dir='ltr'><strong>Dei</strong></span> <span class='ocrx_word' id='word_1_377' title='bbox 406 2683 526 2749; x_wconf 89' lang='grc'>1166116</span> <span class='ocrx_word' id='word_1_378' title='bbox 545 2687 712 2767; x_wconf 83' lang='lat' dir='ltr'><strong>praelatus</strong></span> <span class='ocrx_word' id='word_1_379' title='bbox 738 2686 795 2764; x_wconf 91' lang='grc'>611,</span> <span class='ocrx_word' id='word_1_380' title='bbox 826 2708 861 2750; x_wconf 91' lang='lat' dir='ltr'><strong>se</strong></span> <span class='ocrx_word' id='word_1_381' title='bbox 890 2686 1055 2752; x_wconf 90' lang='lat' dir='ltr'><strong>amundo</strong></span> <span class='ocrx_word' id='word_1_382' title='bbox 1078 2686 1182 2752; x_wconf 91' lang='lat' dir='ltr'><strong>disce·</strong></span> <span class='ocrx_word' id='word_1_383' title='bbox 1233 2695 1297 2763; x_wconf 89' lang='lat' dir='ltr'><strong>tur,</strong></span> <span class='ocrx_word' id='word_1_384' title='bbox 1319 2685 1414 2749; x_wconf 90' lang='lat' dir='ltr'><strong>alteri</strong></span> <span class='ocrx_word' id='word_1_385' title='bbox 1432 2705 1621 2769; x_wconf 87' lang='lat' dir='ltr'><strong>congruere.</strong></span> <span class='ocrx_word' id='word_1_386' title='bbox 1665 2684 1739 2751; x_wconf 91' lang='lat' dir='ltr'><strong>Hoc</strong></span> <span class='ocrx_word' id='word_1_387' title='bbox 1761 2694 1888 2750; x_wconf 89' lang='lat' dir='ltr'><strong>tantum</strong></span> <span class='ocrx_word' id='word_1_388' title='bbox 1914 2685 1995 2762; x_wconf 87' lang='lat' dir='ltr'><strong>illis,</strong></span> <span class='ocrx_word' id='word_1_389' title='bbox 2022 2686 2128 2751; x_wconf 91' lang='lat' dir='ltr'><strong>velint</strong></span> <span class='ocrx_word' id='word_1_390' title='bbox 2149 2707 2208 2751; x_wconf 91' lang='lat' dir='ltr'><strong>no-</strong></span> <span class='ocrx_word' id='word_1_391' title='bbox 2331 2760 2335 2767; x_wconf 44' lang='grc'>,</span> 
     </span>
    </p>
   </div>
   <div class='ocr_carea' id='block_1_4' title="bbox 193 2768 2279 3542">
    <p class='ocr_par' dir='ltr' id='par_1_4' title="bbox 193 2768 2279 3542">
     <span class='ocr_line' id='line_1_29' title="bbox 202 2768 2216 2855; baseline 0 -20"><span class='ocrx_word' id='word_1_392' title='bbox 202 2768 298 2846; x_wconf 89' lang='grc'>1616,</span> <span class='ocrx_word' id='word_1_393' title='bbox 327 2777 366 2833; x_wconf 92' lang='lat' dir='ltr'><strong>ut</strong></span> <span class='ocrx_word' id='word_1_394' title='bbox 388 2778 475 2834; x_wconf 90' lang='lat' dir='ltr'><strong>esset</strong></span> <span class='ocrx_word' id='word_1_395' title='bbox 505 2770 591 2852; x_wconf 90' lang='lat' dir='ltr'><strong>apud</strong></span> <span class='ocrx_word' id='word_1_396' title='bbox 620 2780 763 2854; x_wconf 91' lang='lat' dir='ltr'><strong>patrem,</strong></span> <span class='ocrx_word' id='word_1_397' title='bbox 791 2783 891 2854; x_wconf 86' lang='lat' dir='ltr'><strong>quum</strong></span> <span class='ocrx_word' id='word_1_398' title='bbox 920 2793 1022 2839; x_wconf 89' lang='lat' dir='ltr'><strong>coena</strong></span> <span class='ocrx_word' id='word_1_399' title='bbox 1048 2782 1182 2855; x_wconf 89' lang='lat' dir='ltr'><strong>peracta</strong></span> <span class='ocrx_word' id='word_1_400' title='bbox 1232 2770 1304 2847; x_wconf 91' lang='lat' dir='ltr'><strong>lint,</strong></span> <span class='ocrx_word' id='word_1_401' title='bbox 1327 2778 1521 2853; x_wconf 81' lang='lat' dir='ltr'><strong>extorqueo,</strong></span> <span class='ocrx_word' id='word_1_402' title='bbox 1549 2782 1805 2836; x_wconf 89' lang='lat' dir='ltr'><strong>consentaneum</strong></span> <span class='ocrx_word' id='word_1_403' title='bbox 1834 2793 1921 2849; x_wconf 88' lang='lat' dir='ltr'><strong>esse,</strong></span> <span class='ocrx_word' id='word_1_404' title='bbox 1950 2774 2216 2855; x_wconf 77' lang='grc'><strong>61661666161161</strong></span> 
     </span>
     <span class='ocr_line' id='line_1_30' title="bbox 198 2855 2207 2940; baseline -0 -17"><span class='ocrx_word' id='word_1_405' title='bbox 198 2856 290 2923; x_wconf 86' lang='lat' dir='ltr'><strong>idem</strong></span> <span class='ocrx_word' id='word_1_406' title='bbox 314 2855 443 2938; x_wconf 88' lang='lat' dir='ltr'><strong>saepius</strong></span> <span class='ocrx_word' id='word_1_407' title='bbox 464 2855 643 2935; x_wconf 88' lang='lat' dir='ltr'><strong>iteraverit,</strong></span> <span class='ocrx_word' id='word_1_408' title='bbox 665 2857 807 2922; x_wconf 86' lang='lat' dir='ltr'><strong>mediam</strong></span> <span class='ocrx_word' id='word_1_409' title='bbox 827 2859 987 2925; x_wconf 88' lang='lat' dir='ltr'><strong>actionem</strong></span> <span class='ocrx_word' id='word_1_410' title='bbox 1000 2859 1046 2923; x_wconf 92' lang='lat' dir='ltr'><strong>sic</strong></span> <span class='ocrx_word' id='word_1_411' title='bbox 1063 2857 1182 2923; x_wconf 89' lang='lat' dir='ltr'><strong>debere</strong></span> <span class='ocrx_word' id='word_1_412' title='bbox 1232 2855 1347 2940; x_wconf 88' lang='lat' dir='ltr'><strong>legalis</strong></span> <span class='ocrx_word' id='word_1_413' title='bbox 1369 2856 1535 2940; x_wconf 89' lang='lat' dir='ltr'><strong>paschatis</strong></span> <span class='ocrx_word' id='word_1_414' title='bbox 1556 2877 1618 2922; x_wconf 90' lang='lat' dir='ltr'><strong>nos</strong></span> <span class='ocrx_word' id='word_1_415' title='bbox 1634 2856 1669 2920; x_wconf 91' lang='lat' dir='ltr'><strong>in</strong></span> <span class='ocrx_word' id='word_1_416' title='bbox 1692 2876 1812 2922; x_wconf 88' lang='lat' dir='ltr'><strong>coenae</strong></span> <span class='ocrx_word' id='word_1_417' title='bbox 1828 2858 2047 2940; x_wconf 83' lang='lat' dir='ltr'><strong>intelligentia</strong></span> <span class='ocrx_word' id='word_1_418' title='bbox 2064 2856 2207 2923; x_wconf 90' lang='grc'>6116161</span> 
     </span>
     <span class='ocr_line' id='line_1_31' title="bbox 198 2940 2208 3027; baseline 0.001 -19"><span class='ocrx_word' id='word_1_419' title='bbox 198 2941 359 3025; x_wconf 88' lang='lat' dir='ltr'><strong>intelligi,</strong></span> <span class='ocrx_word' id='word_1_420' title='bbox 393 2950 430 3005; x_wconf 92' lang='lat' dir='ltr'><strong>ut</strong></span> <span class='ocrx_word' id='word_1_421' title='bbox 456 2942 592 3025; x_wconf 87' lang='lat' dir='ltr'><strong>posthac</strong></span> <span class='ocrx_word' id='word_1_422' title='bbox 619 2965 684 3007; x_wconf 92' lang='lat' dir='ltr'><strong>non</strong></span> <span class='ocrx_word' id='word_1_423' title='bbox 718 2943 782 3007; x_wconf 90' lang='lat' dir='ltr'><strong>nisi</strong></span> <span class='ocrx_word' id='word_1_424' title='bbox 812 2945 847 3008; x_wconf 87' lang='lat' dir='ltr'><strong>in</strong></span> <span class='ocrx_word' id='word_1_425' title='bbox 874 2944 962 3026; x_wconf 88' lang='lat' dir='ltr'><strong>coelo</strong></span> <span class='ocrx_word' id='word_1_426' title='bbox 989 2954 1179 3026; x_wconf 87' lang='lat' dir='ltr'><strong>quaeratur:</strong></span> <span class='ocrx_word' id='word_1_427' title='bbox 1232 2940 1404 3026; x_wconf 87' lang='lat' dir='ltr'><strong>Frigidum</strong></span> <span class='ocrx_word' id='word_1_428' title='bbox 1427 2942 1527 3007; x_wconf 89' lang='lat' dir='ltr'><strong>etiam</strong></span> <span class='ocrx_word' id='word_1_429' title='bbox 1538 2942 1694 3009; x_wconf 88' lang='lat' dir='ltr'><strong>cavillum</strong></span> <span class='ocrx_word' id='word_1_430' title='bbox 1712 2951 1771 3020; x_wconf 90' lang='lat' dir='ltr'><strong>est,</strong></span> <span class='ocrx_word' id='word_1_431' title='bbox 1794 2955 1874 3009; x_wconf 91' lang='lat' dir='ltr'><strong>tuuc</strong></span> <span class='ocrx_word' id='word_1_432' title='bbox 1896 2943 2088 3027; x_wconf 89' lang='lat' dir='ltr'><strong>abrogatum</strong></span> <span class='ocrx_word' id='word_1_433' title='bbox 2107 2945 2208 3022; x_wconf 87' lang='grc'>1111666</span> 
     </span>
     <span class='ocr_line' id='line_1_32' title="bbox 198 3025 2209 3110; baseline 0 -16"><span class='ocrx_word' id='word_1_434' title='bbox 198 3049 310 3110; x_wconf 85' lang='lat' dir='ltr'><strong>noque</strong></span> <span class='ocrx_word' id='word_1_435' title='bbox 323 3026 392 3100; x_wconf 74' lang='lat' dir='ltr'><strong>vhoo</strong></span> <span class='ocrx_word' id='word_1_436' title='bbox 408 3027 508 3108; x_wconf 47' lang='lat' dir='ltr'><strong>,modo</strong></span> <span class='ocrx_word' id='word_1_437' title='bbox 535 3026 764 3095; x_wconf 82' lang='lat' dir='ltr'><strong>confundimus</strong></span> <span class='ocrx_word' id='word_1_438' title='bbox 791 3050 905 3099; x_wconf 86' lang='lat' dir='ltr'><strong>omues</strong></span> <span class='ocrx_word' id='word_1_439' title='bbox 927 3029 1053 3096; x_wconf 77' lang='lat' dir='ltr'><strong>Christi</strong></span> <span class='ocrx_word' id='word_1_440' title='bbox 1080 3030 1180 3096; x_wconf 90' lang='lat' dir='ltr'><strong>actio-</strong></span> <span class='ocrx_word' id='word_1_441' title='bbox 1231 3028 1362 3110; x_wconf 85' lang='lat' dir='ltr'><strong>pascha.</strong></span> <span class='ocrx_word' id='word_1_442' title='bbox 1423 3025 1511 3110; x_wconf 79' lang='lat' dir='ltr'><strong>Quia</strong></span> <span class='ocrx_word' id='word_1_443' title='bbox 1539 3029 1586 3093; x_wconf 92' lang='lat' dir='ltr'><strong>sio</strong></span> <span class='ocrx_word' id='word_1_444' title='bbox 1612 3030 1753 3097; x_wconf 84' lang='grc'>66666111</span> <span class='ocrx_word' id='word_1_445' title='bbox 1767 3089 1768 3093; x_wconf 75' lang='grc'>,</span> <span class='ocrx_word' id='word_1_446' title='bbox 1782 3050 1864 3094; x_wconf 88' lang='lat' dir='ltr'><strong>usus</strong></span> <span class='ocrx_word' id='word_1_447' title='bbox 1896 3029 2138 3107; x_wconf 86' lang='lat' dir='ltr'><strong>caeremoniae,</strong></span> <span class='ocrx_word' id='word_1_448' title='bbox 2171 3036 2209 3096; x_wconf 89' lang='lat' dir='ltr'><strong>ut</strong></span> 
     </span>
     <span class='ocr_line' id='line_1_33' title="bbox 198 3112 2208 3198; baseline 0 -19"><span class='ocrx_word' id='word_1_449' title='bbox 198 3135 261 3179; x_wconf 88' lang='lat' dir='ltr'><strong>nes</strong></span> <span class='ocrx_word' id='word_1_450' title='bbox 284 3124 320 3178; x_wconf 91' lang='lat' dir='ltr'><strong>et</strong></span> <span class='ocrx_word' id='word_1_451' title='bbox 339 3115 532 3179; x_wconf 83' lang='lat' dir='ltr'><strong>sententias:</strong></span> <span class='ocrx_word' id='word_1_452' title='bbox 556 3114 612 3180; x_wconf 90' lang='lat' dir='ltr'><strong>sed</strong></span> <span class='ocrx_word' id='word_1_453' title='bbox 634 3117 783 3197; x_wconf 87' lang='lat' dir='ltr'><strong>quamvis</strong></span> <span class='ocrx_word' id='word_1_454' title='bbox 804 3135 950 3181; x_wconf 89' lang='lat' dir='ltr'><strong>scorsum</strong></span> <span class='ocrx_word' id='word_1_455' title='bbox 972 3135 1106 3181; x_wconf 89' lang='lat' dir='ltr'><strong>coenam</strong></span> <span class='ocrx_word' id='word_1_456' title='bbox 1129 3116 1179 3180; x_wconf 92' lang='lat' dir='ltr'><strong>in·</strong></span> <span class='ocrx_word' id='word_1_457' title='bbox 1232 3112 1380 3180; x_wconf 88' lang='lat' dir='ltr'><strong>doctrina</strong></span> <span class='ocrx_word' id='word_1_458' title='bbox 1406 3122 1515 3179; x_wconf 88' lang='grc'>16666</span> <span class='ocrx_word' id='word_1_459' title='bbox 1543 3122 1578 3181; x_wconf 90' lang='grc'><strong>61</strong></span> <span class='ocrx_word' id='word_1_460' title='bbox 1603 3115 1726 3180; x_wconf 89' lang='lat' dir='ltr'><strong>veritas</strong></span> <span class='ocrx_word' id='word_1_461' title='bbox 1754 3116 1884 3198; x_wconf 82' lang='lat' dir='ltr'><strong>integra</strong></span> <span class='ocrx_word' id='word_1_462' title='bbox 1910 3124 2057 3194; x_wconf 89' lang='lat' dir='ltr'><strong>maneat,</strong></span> <span class='ocrx_word' id='word_1_463' title='bbox 2086 3115 2208 3196; x_wconf 87' lang='lat' dir='ltr'><strong>alioqui</strong></span> 
     </span>
     <span class='ocr_line' id='line_1_34' title="bbox 195 3199 2279 3284; baseline -0 -18"><span class='ocrx_word' id='word_1_464' title='bbox 195 3200 363 3277; x_wconf 84' lang='lat' dir='ltr'><strong>stituerit,</strong></span> <span class='ocrx_word' id='word_1_465' title='bbox 397 3200 457 3266; x_wconf 90' lang='lat' dir='ltr'><strong>hcc</strong></span> <span class='ocrx_word' id='word_1_466' title='bbox 485 3209 595 3265; x_wconf 89' lang='lat' dir='ltr'><strong>tamen</strong></span> <span class='ocrx_word' id='word_1_467' title='bbox 628 3202 669 3266; x_wconf 91' lang='lat' dir='ltr'><strong>ab</strong></span> <span class='ocrx_word' id='word_1_468' title='bbox 696 3202 768 3284; x_wconf 88' lang='lat' dir='ltr'><strong>ipsa</strong></span> <span class='ocrx_word' id='word_1_469' title='bbox 795 3200 937 3284; x_wconf 90' lang='lat' dir='ltr'><strong>pendere</strong></span> <span class='ocrx_word' id='word_1_470' title='bbox 966 3211 1091 3267; x_wconf 88' lang='lat' dir='ltr'><strong>certum</strong></span> <span class='ocrx_word' id='word_1_471' title='bbox 1120 3210 1179 3279; x_wconf 91' lang='lat' dir='ltr'><strong>est,</strong></span> <span class='ocrx_word' id='word_1_472' title='bbox 1231 3199 1287 3264; x_wconf 91' lang='lat' dir='ltr'><strong>ubi</strong></span> <span class='ocrx_word' id='word_1_473' title='bbox 1309 3200 1420 3284; x_wconf 87' lang='lat' dir='ltr'><strong>agitur</strong></span> <span class='ocrx_word' id='word_1_474' title='bbox 1443 3199 1483 3264; x_wconf 90' lang='lat' dir='ltr'><strong>dc</strong></span> <span class='ocrx_word' id='word_1_475' title='bbox 1505 3200 1681 3282; x_wconf 88' lang='lat' dir='ltr'><strong>baptismo,</strong></span> <span class='ocrx_word' id='word_1_476' title='bbox 1709 3199 1837 3265; x_wconf 90' lang='lat' dir='ltr'><strong>nullum</strong></span> <span class='ocrx_word' id='word_1_477' title='bbox 1865 3200 1972 3265; x_wconf 89' lang='lat' dir='ltr'><strong>locum</strong></span> <span class='ocrx_word' id='word_1_478' title='bbox 2005 3200 2208 3271; x_wconf 87' lang='lat' dir='ltr'><strong>circumcisio</strong></span> <span class='ocrx_word' id='word_1_479' title='bbox 2275 3275 2279 3283; x_wconf 29' lang='lat'><em>¹</em></span> 
     </span>
     <span class='ocr_line' id='line_1_35' title="bbox 197 3283 2207 3370; baseline 0 -20"><span class='ocrx_word' id='word_1_480' title='bbox 197 3284 289 3370; x_wconf 88' lang='lat' dir='ltr'><strong>quod</strong></span> <span class='ocrx_word' id='word_1_481' title='bbox 319 3306 502 3350; x_wconf 88' lang='lat' dir='ltr'><strong>sermonem</strong></span> <span class='ocrx_word' id='word_1_482' title='bbox 537 3284 672 3351; x_wconf 87' lang='lat' dir='ltr'><strong>liberius</strong></span> <span class='ocrx_word' id='word_1_483' title='bbox 705 3285 793 3369; x_wconf 89' lang='lat' dir='ltr'><strong>apud</strong></span> <span class='ocrx_word' id='word_1_484' title='bbox 821 3286 997 3369; x_wconf 89' lang='lat' dir='ltr'><strong>discipulos</strong></span> <span class='ocrx_word' id='word_1_485' title='bbox 1029 3287 1107 3352; x_wconf 87' lang='grc'>16611</span> <span class='ocrx_word' id='word_1_486' title='bbox 1139 3286 1180 3353; x_wconf 91' lang='grc'><strong>16</strong></span> <span class='ocrx_word' id='word_1_487' title='bbox 1231 3284 1375 3350; x_wconf 86' lang='lat' dir='ltr'><strong>haberet</strong></span> <span class='ocrx_word' id='word_1_488' title='bbox 1427 3285 1496 3351; x_wconf 89' lang='lat' dir='ltr'><strong>Nec</strong></span> <span class='ocrx_word' id='word_1_489' title='bbox 1524 3307 1579 3350; x_wconf 89' lang='lat' dir='ltr'><strong>eos</strong></span> <span class='ocrx_word' id='word_1_490' title='bbox 1606 3285 1742 3351; x_wconf 85' lang='lat' dir='ltr'><strong>adiurat</strong></span> <span class='ocrx_word' id='word_1_491' title='bbox 1768 3285 1961 3363; x_wconf 86' lang='lat' dir='ltr'><strong>discrimen,</strong></span> <span class='ocrx_word' id='word_1_492' title='bbox 1991 3283 2076 3369; x_wconf 92' lang='lat' dir='ltr'><strong>qnod</strong></span> <span class='ocrx_word' id='word_1_493' title='bbox 2098 3306 2207 3352; x_wconf 79' lang='lat' dir='ltr'><strong>sacra·</strong></span> 
     </span>
     <span class='ocr_line' id='line_1_36' title="bbox 193 3370 2207 3455; baseline -0.001 -17"><span class='ocrx_word' id='word_1_494' title='bbox 193 3393 264 3439; x_wconf 84' lang='lat' dir='ltr'><strong>aua</strong></span> <span class='ocrx_word' id='word_1_495' title='bbox 293 3370 457 3447; x_wconf 91' lang='lat' dir='ltr'><strong>absentia,</strong></span> <span class='ocrx_word' id='word_1_496' title='bbox 485 3371 578 3438; x_wconf 93' lang='lat' dir='ltr'><strong>cuius</strong></span> <span class='ocrx_word' id='word_1_497' title='bbox 604 3383 671 3436; x_wconf 89' lang='lat' dir='ltr'><strong>tam</strong></span> <span class='ocrx_word' id='word_1_498' title='bbox 698 3373 901 3455; x_wconf 90' lang='lat' dir='ltr'><strong>praeclarum</strong></span> <span class='ocrx_word' id='word_1_499' title='bbox 930 3372 997 3438; x_wconf 90' lang='lat' dir='ltr'><strong>illis</strong></span> <span class='ocrx_word' id='word_1_500' title='bbox 1026 3373 1178 3438; x_wconf 90' lang='lat' dir='ltr'><strong>solatium</strong></span> <span class='ocrx_word' id='word_1_501' title='bbox 1232 3381 1344 3437; x_wconf 90' lang='lat' dir='ltr'><strong>menta</strong></span> <span class='ocrx_word' id='word_1_502' title='bbox 1365 3370 1449 3455; x_wconf 87' lang='lat' dir='ltr'><strong>legia</strong></span> <span class='ocrx_word' id='word_1_503' title='bbox 1461 3370 1633 3436; x_wconf 89' lang='lat' dir='ltr'><strong>Christum</strong></span> <span class='ocrx_word' id='word_1_504' title='bbox 1654 3380 1831 3443; x_wconf 88' lang='lat' dir='ltr'><strong>venturum</strong></span> <span class='ocrx_word' id='word_1_505' title='bbox 1855 3371 2108 3454; x_wconf 88' lang='lat' dir='ltr'><strong>designaverint,</strong></span> <span class='ocrx_word' id='word_1_506' title='bbox 2131 3393 2207 3436; x_wconf 81' lang='lat' dir='ltr'><strong>nos·</strong></span> 
     </span>
     <span class='ocr_line' id='line_1_37' title="bbox 193 3455 2206 3542; baseline -0 -20"><span class='ocrx_word' id='word_1_507' title='bbox 193 3456 349 3523; x_wconf 89' lang='lat' dir='ltr'><strong>dederat.</strong></span> <span class='ocrx_word' id='word_1_508' title='bbox 382 3456 497 3539; x_wconf 89' lang='lat' dir='ltr'><strong>Neque</strong></span> <span class='ocrx_word' id='word_1_509' title='bbox 519 3469 569 3522; x_wconf 91' lang='grc'><strong>661</strong></span> <span class='ocrx_word' id='word_1_510' title='bbox 590 3458 676 3541; x_wconf 93' lang='lat' dir='ltr'><strong>quod</strong></span> <span class='ocrx_word' id='word_1_511' title='bbox 694 3457 1178 3542; x_wconf 84' lang='lat' dir='ltr'><strong>excipiantMegdebnrgenses,</strong></span> <span class='ocrx_word' id='word_1_512' title='bbox 1232 3468 1284 3520; x_wconf 92' lang='lat' dir='ltr'><strong>tra</strong></span> <span class='ocrx_word' id='word_1_513' title='bbox 1304 3466 1510 3540; x_wconf 88' lang='lat' dir='ltr'><strong>praesentem</strong></span> <span class='ocrx_word' id='word_1_514' title='bbox 1532 3455 1724 3522; x_wconf 82' lang='lat' dir='ltr'><strong>exhibeant:</strong></span> <span class='ocrx_word' id='word_1_515' title='bbox 1750 3457 1847 3522; x_wconf 92' lang='lat' dir='ltr'><strong>modo</strong></span> <span class='ocrx_word' id='word_1_516' title='bbox 1868 3457 2061 3539; x_wconf 88' lang='lat' dir='ltr'><strong>praesentia,</strong></span> <span class='ocrx_word' id='word_1_517' title='bbox 2085 3465 2123 3522; x_wconf 91' lang='lat' dir='ltr'><strong>ut</strong></span> <span class='ocrx_word' id='word_1_518' title='bbox 2150 3455 2206 3521; x_wconf 91' lang='grc'><strong>16·</strong></span> 
     </span>
    </p>
   </div>
   <div class='ocr_carea' id='block_1_5' title="bbox 191 3540 2305 3630">
    <p class='ocr_par' dir='ltr' id='par_1_5' title="bbox 191 3540 2305 3630">
     <span class='ocr_line' id='line_1_38' title="bbox 191 3540 2305 3630; baseline -0.002 -20"><span class='ocrx_word' id='word_1_519' title='bbox 191 3553 315 3610; x_wconf 83' lang='lat' dir='ltr'><strong>actum</strong></span> <span class='ocrx_word' id='word_1_520' title='bbox 338 3541 378 3607; x_wconf 92' lang='lat' dir='ltr'><strong>de</strong></span> <span class='ocrx_word' id='word_1_521' title='bbox 399 3540 494 3607; x_wconf 91' lang='lat' dir='ltr'><strong>nobis</strong></span> <span class='ocrx_word' id='word_1_522' title='bbox 515 3564 601 3611; x_wconf 89' lang='lat' dir='ltr'><strong>esse.</strong></span> <span class='ocrx_word' id='word_1_523' title='bbox 632 3545 661 3610; x_wconf 92' lang='grc'><strong>61</strong></span> <span class='ocrx_word' id='word_1_524' title='bbox 683 3543 836 3611; x_wconf 87' lang='lat' dir='ltr'><strong>Christus</strong></span> <span class='ocrx_word' id='word_1_525' title='bbox 863 3542 1179 3627; x_wconf 86' lang='grc'>116661666161611·</span> <span class='ocrx_word' id='word_1_526' title='bbox 1231 3543 1295 3630; x_wconf 88' lang='lat' dir='ltr'><strong>bet,</strong></span> <span class='ocrx_word' id='word_1_527' title='bbox 1318 3540 1360 3607; x_wconf 90' lang='lat' dir='ltr'><strong>ad</strong></span> <span class='ocrx_word' id='word_1_528' title='bbox 1383 3540 1507 3607; x_wconf 85' lang='lat' dir='ltr'><strong>Christi</strong></span> <span class='ocrx_word' id='word_1_529' title='bbox 1528 3541 1708 3607; x_wconf 90' lang='lat' dir='ltr'><strong>adventum</strong></span> <span class='ocrx_word' id='word_1_530' title='bbox 1731 3544 1901 3621; x_wconf 84' lang='lat' dir='ltr'><strong>referatur,</strong></span> <span class='ocrx_word' id='word_1_531' title='bbox 1924 3563 1987 3626; x_wconf 92' lang='lat' dir='ltr'><strong>quo</strong></span> <span class='ocrx_word' id='word_1_532' title='bbox 2009 3543 2101 3608; x_wconf 92' lang='lat' dir='ltr'><strong>Deus</strong></span> <span class='ocrx_word' id='word_1_533' title='bbox 2118 3562 2206 3608; x_wconf 89' lang='lat' dir='ltr'><strong>eom·</strong></span> <span class='ocrx_word' id='word_1_534' title='bbox 2304 3591 2305 3595; x_wconf 63' lang='lat'><strong>,</strong></span> 
     </span>
    </p>
   </div>
   <div class='ocr_carea' id='block_1_6' title="bbox 180 3621 2207 4572">
    <p class='ocr_par' dir='ltr' id='par_1_6' title="bbox 191 3621 1837 3714">
     <span class='ocr_line' id='line_1_39' title="bbox 191 3621 1837 3714; baseline -0.001 -19"><span class='ocrx_word' id='word_1_535' title='bbox 191 3621 283 3714; x_wconf 70' lang='lat' dir='ltr'><strong>qui‘t</strong></span> <span class='ocrx_word' id='word_1_536' title='bbox 329 3629 416 3693; x_wconf 91' lang='lat' dir='ltr'><strong>Nam</strong></span> <span class='ocrx_word' id='word_1_537' title='bbox 442 3649 544 3710; x_wconf 90' lang='lat' dir='ltr'><strong>quum</strong></span> <span class='ocrx_word' id='word_1_538' title='bbox 569 3631 743 3714; x_wconf 86' lang='lat' dir='ltr'><strong>magnifice</strong></span> <span class='ocrx_word' id='word_1_539' title='bbox 770 3651 955 3704; x_wconf 85' lang='lat' dir='ltr'><strong>asseramus</strong></span> <span class='ocrx_word' id='word_1_540' title='bbox 976 3630 1178 3712; x_wconf 88' lang='lat' dir='ltr'><strong>spiritualem</strong></span> <span class='ocrx_word' id='word_1_541' title='bbox 1231 3628 1334 3711; x_wconf 88' lang='lat' dir='ltr'><strong>plevit</strong></span> <span class='ocrx_word' id='word_1_542' title='bbox 1354 3648 1437 3711; x_wconf 87' lang='lat' dir='ltr'><strong>quac</strong></span> <span class='ocrx_word' id='word_1_543' title='bbox 1457 3628 1518 3692; x_wconf 87' lang='lat' dir='ltr'><strong>sub</strong></span> <span class='ocrx_word' id='word_1_544' title='bbox 1540 3628 1613 3712; x_wconf 88' lang='lat' dir='ltr'><strong>lege</strong></span> <span class='ocrx_word' id='word_1_545' title='bbox 1634 3629 1837 3710; x_wconf 79' lang='lat' dir='ltr'><strong>promiserat.</strong></span> 
     </span>
    </p>

    <p class='ocr_par' dir='ltr' id='par_1_7' title="bbox 180 3710 2207 4572">
     <span class='ocr_line' id='line_1_40' title="bbox 192 3710 2205 3800; baseline -0.002 -18"><span class='ocrx_word' id='word_1_546' title='bbox 192 3714 331 3782; x_wconf 86' lang='lat' dir='ltr'><strong>Christi</strong></span> <span class='ocrx_word' id='word_1_547' title='bbox 353 3715 583 3795; x_wconf 83' lang='lat' dir='ltr'><strong>praesentiam,</strong></span> <span class='ocrx_word' id='word_1_548' title='bbox 611 3737 694 3800; x_wconf 90' lang='lat' dir='ltr'><strong>quac</strong></span> <span class='ocrx_word' id='word_1_549' title='bbox 715 3737 775 3799; x_wconf 92' lang='lat' dir='ltr'><strong>pro</strong></span> <span class='ocrx_word' id='word_1_550' title='bbox 796 3716 901 3782; x_wconf 91' lang='lat' dir='ltr'><strong>nihilo</strong></span> <span class='ocrx_word' id='word_1_551' title='bbox 922 3717 990 3781; x_wconf 90' lang='lat' dir='ltr'><strong>fere</strong></span> <span class='ocrx_word' id='word_1_552' title='bbox 1013 3715 1098 3799; x_wconf 92' lang='lat' dir='ltr'><strong>apud</strong></span> <span class='ocrx_word' id='word_1_553' title='bbox 1129 3718 1179 3799; x_wconf 89' lang='lat' dir='ltr'><strong>ip·</strong></span> <span class='ocrx_word' id='word_1_554' title='bbox 1318 3718 1392 3792; x_wconf 80' lang='lat' dir='ltr'><strong>[pag.</strong></span> <span class='ocrx_word' id='word_1_555' title='bbox 1413 3717 1487 3793; x_wconf 81' lang='lat'>170]</span> <span class='ocrx_word' id='word_1_556' title='bbox 1511 3710 1674 3794; x_wconf 79' lang='lat' dir='ltr'><strong>Quintum</strong></span> <span class='ocrx_word' id='word_1_557' title='bbox 1702 3724 1933 3799; x_wconf 87' lang='lat' dir='ltr'><strong>argumentum</strong></span> <span class='ocrx_word' id='word_1_558' title='bbox 1962 3722 2027 3778; x_wconf 90' lang='lat' dir='ltr'><strong>cst:</strong></span> <span class='ocrx_word' id='word_1_559' title='bbox 2056 3710 2094 3778; x_wconf 88' lang='lat' dir='ltr'><strong>Si</strong></span> <span class='ocrx_word' id='word_1_560' title='bbox 2122 3712 2205 3792; x_wconf 78' lang='lat' dir='ltr'><strong>alius</strong></span> 
     </span>
     <span class='ocr_line' id='line_1_41' title="bbox 192 3797 2205 3884; baseline -0.002 -15"><span class='ocrx_word' id='word_1_561' title='bbox 192 3822 256 3869; x_wconf 83' lang='lat' dir='ltr'><strong>sos</strong></span> <span class='ocrx_word' id='word_1_562' title='bbox 279 3797 421 3877; x_wconf 88' lang='lat' dir='ltr'><strong>ducitur,</strong></span> <span class='ocrx_word' id='word_1_563' title='bbox 457 3800 810 3881; x_wconf 63' lang='grc'>11666616661661666.</span> <span class='ocrx_word' id='word_1_564' title='bbox 833 3803 1179 3884; x_wconf 84' lang='grc'>167]1611111616661·</span> <span class='ocrx_word' id='word_1_565' title='bbox 1231 3807 1316 3864; x_wconf 91' lang='lat' dir='ltr'><strong>esset</strong></span> <span class='ocrx_word' id='word_1_566' title='bbox 1338 3798 1492 3882; x_wconf 90' lang='lat' dir='ltr'><strong>loquendi</strong></span> <span class='ocrx_word' id='word_1_567' title='bbox 1521 3799 1639 3864; x_wconf 91' lang='lat' dir='ltr'><strong>modus</strong></span> <span class='ocrx_word' id='word_1_568' title='bbox 1661 3801 1696 3864; x_wconf 91' lang='lat' dir='ltr'><strong>in</strong></span> <span class='ocrx_word' id='word_1_569' title='bbox 1718 3820 1819 3865; x_wconf 90' lang='lat' dir='ltr'><strong>coena</strong></span> <span class='ocrx_word' id='word_1_570' title='bbox 1840 3820 1937 3882; x_wconf 93' lang='lat' dir='ltr'><strong>quam</strong></span> <span class='ocrx_word' id='word_1_571' title='bbox 1960 3798 1995 3862; x_wconf 91' lang='lat' dir='ltr'><strong>in</strong></span> <span class='ocrx_word' id='word_1_572' title='bbox 2018 3798 2205 3884; x_wconf 73' lang='grc'>61116666-</span> 
     </span>
     <span class='ocr_line' id='line_1_42' title="bbox 188 3884 2207 3972; baseline -0.001 -19"><span class='ocrx_word' id='word_1_573' title='bbox 188 3885 311 3972; x_wconf 80' lang='lat' dir='ltr'><strong>gendo</strong></span> <span class='ocrx_word' id='word_1_574' title='bbox 332 3884 490 3968; x_wconf 91' lang='lat' dir='ltr'><strong>pudorem</strong></span> <span class='ocrx_word' id='word_1_575' title='bbox 512 3908 609 3951; x_wconf 89' lang='lat' dir='ltr'><strong>suum</strong></span> <span class='ocrx_word' id='word_1_576' title='bbox 631 3888 841 3969; x_wconf 85' lang='lat' dir='ltr'><strong>prostituunt</strong></span> <span class='ocrx_word' id='word_1_577' title='bbox 884 3889 974 3972; x_wconf 82' lang='lat' dir='ltr'><strong>Ergo</strong></span> <span class='ocrx_word' id='word_1_578' title='bbox 997 3888 1122 3953; x_wconf 88' lang='lat' dir='ltr'><strong>Christi</strong></span> <span class='ocrx_word' id='word_1_579' title='bbox 1143 3888 1179 3952; x_wconf 90' lang='lat' dir='ltr'><strong>in</strong></span> <span class='ocrx_word' id='word_1_580' title='bbox 1231 3886 1331 3962; x_wconf 89' lang='grc'>161116,</span> <span class='ocrx_word' id='word_1_581' title='bbox 1354 3894 1392 3948; x_wconf 89' lang='lat' dir='ltr'><strong>ut</strong></span> <span class='ocrx_word' id='word_1_582' title='bbox 1412 3905 1519 3967; x_wconf 89' lang='lat' dir='ltr'><strong>agnus</strong></span> <span class='ocrx_word' id='word_1_583' title='bbox 1536 3894 1587 3950; x_wconf 89' lang='grc'><strong>661</strong></span> <span class='ocrx_word' id='word_1_584' title='bbox 1608 3886 1775 3962; x_wconf 87' lang='lat' dir='ltr'><strong>transitus,</strong></span> <span class='ocrx_word' id='word_1_585' title='bbox 1797 3885 1933 3969; x_wconf 91' lang='lat' dir='ltr'><strong>apostoli</strong></span> <span class='ocrx_word' id='word_1_586' title='bbox 1949 3886 2207 3967; x_wconf 89' lang='lat' dir='ltr'><strong>interrogassent</strong></span> 
     </span>
     <span class='ocr_line' id='line_1_43' title="bbox 190 3968 2205 4055; baseline -0.001 -17"><span class='ocrx_word' id='word_1_587' title='bbox 190 3971 308 4038; x_wconf 84' lang='grc'>666166</span> <span class='ocrx_word' id='word_1_588' title='bbox 331 3992 466 4037; x_wconf 88' lang='lat' dir='ltr'><strong>ascensu</strong></span> <span class='ocrx_word' id='word_1_589' title='bbox 486 3974 705 4055; x_wconf 89' lang='lat' dir='ltr'><strong>praesentiam</strong></span> <span class='ocrx_word' id='word_1_590' title='bbox 726 3973 836 4039; x_wconf 89' lang='lat' dir='ltr'><strong>carnis</strong></span> <span class='ocrx_word' id='word_1_591' title='bbox 853 3974 900 4039; x_wconf 91' lang='lat' dir='ltr'><strong>sic</strong></span> <span class='ocrx_word' id='word_1_592' title='bbox 921 3974 1014 4039; x_wconf 92' lang='lat' dir='ltr'><strong>nobis</strong></span> <span class='ocrx_word' id='word_1_593' title='bbox 1035 3971 1178 4038; x_wconf 88' lang='lat' dir='ltr'><strong>ablatam</strong></span> <span class='ocrx_word' id='word_1_594' title='bbox 1231 3972 1421 4047; x_wconf 90' lang='lat' dir='ltr'><strong>Dominum,</strong></span> <span class='ocrx_word' id='word_1_595' title='bbox 1443 3968 1476 4034; x_wconf 92' lang='lat' dir='ltr'><strong>id</strong></span> <span class='ocrx_word' id='word_1_596' title='bbox 1499 3969 1583 4052; x_wconf 93' lang='lat' dir='ltr'><strong>quod</strong></span> <span class='ocrx_word' id='word_1_597' title='bbox 1606 3971 1687 4036; x_wconf 89' lang='lat' dir='ltr'><strong>alias</strong></span> <span class='ocrx_word' id='word_1_598' title='bbox 1708 3971 1795 4036; x_wconf 91' lang='lat' dir='ltr'><strong>soliti</strong></span> <span class='ocrx_word' id='word_1_599' title='bbox 1816 3987 1895 4037; x_wconf 88' lang='lat' dir='ltr'><strong>sunt</strong></span> <span class='ocrx_word' id='word_1_600' title='bbox 1915 3973 2036 4036; x_wconf 87' lang='lat' dir='ltr'><strong>facere:</strong></span> <span class='ocrx_word' id='word_1_601' title='bbox 2060 3971 2122 4035; x_wconf 95' lang='lat' dir='ltr'><strong>boc</strong></span> <span class='ocrx_word' id='word_1_602' title='bbox 2138 3992 2205 4037; x_wconf 90' lang='lat' dir='ltr'><strong>non</strong></span> 
     </span>
     <span class='ocr_line' id='line_1_44' title="bbox 190 4055 2205 4142; baseline -0.001 -17"><span class='ocrx_word' id='word_1_603' title='bbox 190 4079 274 4125; x_wconf 85' lang='lat' dir='ltr'><strong>esse</strong></span> <span class='ocrx_word' id='word_1_604' title='bbox 301 4055 468 4137; x_wconf 85' lang='lat' dir='ltr'><strong>dicimus,</strong></span> <span class='ocrx_word' id='word_1_605' title='bbox 489 4067 526 4123; x_wconf 93' lang='lat' dir='ltr'><strong>ut</strong></span> <span class='ocrx_word' id='word_1_606' title='bbox 555 4058 678 4124; x_wconf 91' lang='lat' dir='ltr'><strong>virtute</strong></span> <span class='ocrx_word' id='word_1_607' title='bbox 703 4059 872 4142; x_wconf 86' lang='lat' dir='ltr'><strong>gratiaque</strong></span> <span class='ocrx_word' id='word_1_608' title='bbox 900 4079 959 4123; x_wconf 88' lang='lat' dir='ltr'><strong>sua</strong></span> <span class='ocrx_word' id='word_1_609' title='bbox 986 4060 1178 4123; x_wconf 89' lang='grc'>616616161-</span> <span class='ocrx_word' id='word_1_610' title='bbox 1229 4058 1393 4135; x_wconf 87' lang='lat' dir='ltr'><strong>lecerunt,</strong></span> <span class='ocrx_word' id='word_1_611' title='bbox 1425 4077 1503 4141; x_wconf 87' lang='lat' dir='ltr'><strong>ergo</strong></span> <span class='ocrx_word' id='word_1_612' title='bbox 1524 4058 1661 4140; x_wconf 85' lang='lat' dir='ltr'><strong>mystice</strong></span> <span class='ocrx_word' id='word_1_613' title='bbox 1682 4057 2081 4134; x_wconf 84' lang='grc'>1616116116111616666616,</span> <span class='ocrx_word' id='word_1_614' title='bbox 2109 4058 2205 4122; x_wconf 86' lang='lat' dir='ltr'><strong>sicuti</strong></span> 
     </span>
     <span class='ocr_line' id='line_1_45' title="bbox 187 4142 2207 4228; baseline 0 -20"><span class='ocrx_word' id='word_1_615' title='bbox 187 4144 300 4228; x_wconf 78' lang='lat' dir='ltr'><strong>pleat,</strong></span> <span class='ocrx_word' id='word_1_616' title='bbox 326 4150 363 4207; x_wconf 90' lang='lat' dir='ltr'><strong>ut</strong></span> <span class='ocrx_word' id='word_1_617' title='bbox 378 4145 446 4208; x_wconf 92' lang='lat' dir='ltr'><strong>vim</strong></span> <span class='ocrx_word' id='word_1_618' title='bbox 467 4145 519 4209; x_wconf 90' lang='lat' dir='ltr'><strong>sui</strong></span> <span class='ocrx_word' id='word_1_619' title='bbox 540 4145 667 4227; x_wconf 91' lang='lat' dir='ltr'><strong>imperii</strong></span> <span class='ocrx_word' id='word_1_620' title='bbox 689 4143 913 4227; x_wconf 87' lang='lat' dir='ltr'><strong>extendatper</strong></span> <span class='ocrx_word' id='word_1_621' title='bbox 931 4156 1034 4209; x_wconf 88' lang='lat' dir='ltr'><strong>totum</strong></span> <span class='ocrx_word' id='word_1_622' title='bbox 1057 4144 1177 4220; x_wconf 86' lang='lat' dir='ltr'><strong>orbem,</strong></span> <span class='ocrx_word' id='word_1_623' title='bbox 1229 4145 1296 4208; x_wconf 93' lang='lat' dir='ltr'><strong>iam</strong></span> <span class='ocrx_word' id='word_1_624' title='bbox 1326 4143 1378 4208; x_wconf 80' lang='lat' dir='ltr'><strong>bis</strong></span> <span class='ocrx_word' id='word_1_625' title='bbox 1411 4142 1656 4224; x_wconf 89' lang='lat' dir='ltr'><strong>loquutiouibus</strong></span> <span class='ocrx_word' id='word_1_626' title='bbox 1688 4151 1784 4208; x_wconf 87' lang='lat' dir='ltr'><strong>erant</strong></span> <span class='ocrx_word' id='word_1_627' title='bbox 1811 4145 1942 4208; x_wconf 87' lang='lat' dir='ltr'><strong>assueti.</strong></span> <span class='ocrx_word' id='word_1_628' title='bbox 1992 4142 2207 4225; x_wconf 88' lang='lat' dir='ltr'><strong>Respondent</strong></span> 
     </span>
     <span class='ocr_line' id='line_1_46' title="bbox 186 4228 2204 4313; baseline -0.001 -18"><span class='ocrx_word' id='word_1_629' title='bbox 186 4251 263 4295; x_wconf 76' lang='lat' dir='ltr'><strong>mcc</strong></span> <span class='ocrx_word' id='word_1_630' title='bbox 296 4228 403 4294; x_wconf 89' lang='lat' dir='ltr'><strong>solum</strong></span> <span class='ocrx_word' id='word_1_631' title='bbox 435 4240 472 4294; x_wconf 91' lang='lat' dir='ltr'><strong>ut</strong></span> <span class='ocrx_word' id='word_1_632' title='bbox 500 4231 663 4312; x_wconf 89' lang='lat' dir='ltr'><strong>praesenti</strong></span> <span class='ocrx_word' id='word_1_633' title='bbox 694 4229 815 4295; x_wconf 90' lang='lat' dir='ltr'><strong>auxilio</strong></span> <span class='ocrx_word' id='word_1_634' title='bbox 848 4250 907 4295; x_wconf 92' lang='lat' dir='ltr'><strong>nos</strong></span> <span class='ocrx_word' id='word_1_635' title='bbox 940 4238 1088 4304; x_wconf 88' lang='lat' dir='ltr'><strong>tueatur,</strong></span> <span class='ocrx_word' id='word_1_636' title='bbox 1121 4229 1179 4295; x_wconf 90' lang='lat' dir='ltr'><strong>sed</strong></span> <span class='ocrx_word' id='word_1_637' title='bbox 1229 4228 1539 4313; x_wconf 85' lang='lat' dir='ltr'><strong>Magdeburgenses,</strong></span> <span class='ocrx_word' id='word_1_638' title='bbox 1561 4249 1628 4292; x_wconf 90' lang='lat' dir='ltr'><strong>uon</strong></span> <span class='ocrx_word' id='word_1_639' title='bbox 1647 4228 1755 4294; x_wconf 86' lang='lat' dir='ltr'><strong>valere</strong></span> <span class='ocrx_word' id='word_1_640' title='bbox 1773 4228 2036 4313; x_wconf 90' lang='lat' dir='ltr'><strong>consequentiam</strong></span> <span class='ocrx_word' id='word_1_641' title='bbox 2060 4250 2080 4293; x_wconf 91' lang='grc'><strong>6</strong></span> <span class='ocrx_word' id='word_1_642' title='bbox 2100 4229 2204 4311; x_wconf 88' lang='lat' dir='ltr'><strong>signis</strong></span> 
     </span>
     <span class='ocr_line' id='line_1_47' title="bbox 186 4314 2204 4398; baseline -0.002 -17"><span class='ocrx_word' id='word_1_643' title='bbox 186 4318 303 4381; x_wconf 73' lang='lat' dir='ltr'><strong>etiam</strong></span> <span class='ocrx_word' id='word_1_644' title='bbox 327 4323 366 4378; x_wconf 94' lang='lat' dir='ltr'><strong>ut</strong></span> <span class='ocrx_word' id='word_1_645' title='bbox 394 4316 525 4379; x_wconf 87' lang='lat' dir='ltr'><strong>varein</strong></span> <span class='ocrx_word' id='word_1_646' title='bbox 558 4315 651 4381; x_wconf 91' lang='lat' dir='ltr'><strong>nobis</strong></span> <span class='ocrx_word' id='word_1_647' title='bbox 674 4316 813 4393; x_wconf 89' lang='lat' dir='ltr'><strong>habitet,</strong></span> <span class='ocrx_word' id='word_1_648' title='bbox 842 4317 908 4380; x_wconf 93' lang='lat' dir='ltr'><strong>imo</strong></span> <span class='ocrx_word' id='word_1_649' title='bbox 935 4336 1032 4381; x_wconf 91' lang='lat' dir='ltr'><strong>carne</strong></span> <span class='ocrx_word' id='word_1_650' title='bbox 1060 4336 1120 4380; x_wconf 88' lang='lat' dir='ltr'><strong>sua</strong></span> <span class='ocrx_word' id='word_1_651' title='bbox 1146 4326 1180 4380; x_wconf 92' lang='lat' dir='ltr'><strong>et</strong></span> <span class='ocrx_word' id='word_1_652' title='bbox 1230 4335 1296 4380; x_wconf 92' lang='lat' dir='ltr'><strong>non</strong></span> <span class='ocrx_word' id='word_1_653' title='bbox 1320 4314 1520 4379; x_wconf 87' lang='lat' dir='ltr'><strong>necessariis.</strong></span> <span class='ocrx_word' id='word_1_654' title='bbox 1555 4315 2204 4398; x_wconf 71' lang='grc'>11161116666116166161161616116616·</span> 
     </span>
     <span class='ocr_line' id='line_1_48' title="bbox 180 4398 2206 4484; baseline 0 -20"><span class='ocrx_word' id='word_1_655' title='bbox 180 4400 365 4484; x_wconf 64' lang='lat' dir='ltr'><strong>flanguinc</strong></span> <span class='ocrx_word' id='word_1_656' title='bbox 397 4401 523 4466; x_wconf 90' lang='lat' dir='ltr'><strong>animas</strong></span> <span class='ocrx_word' id='word_1_657' title='bbox 553 4413 683 4480; x_wconf 88' lang='lat' dir='ltr'><strong>nostras</strong></span> <span class='ocrx_word' id='word_1_658' title='bbox 714 4409 834 4483; x_wconf 88' lang='lat' dir='ltr'><strong>pascat.</strong></span> <span class='ocrx_word' id='word_1_659' title='bbox 889 4401 962 4466; x_wconf 92' lang='lat' dir='ltr'><strong>Hoc</strong></span> <span class='ocrx_word' id='word_1_660' title='bbox 989 4400 1085 4466; x_wconf 93' lang='lat' dir='ltr'><strong>modo</strong></span> <span class='ocrx_word' id='word_1_661' title='bbox 1112 4423 1178 4467; x_wconf 91' lang='lat' dir='ltr'><strong>non</strong></span> <span class='ocrx_word' id='word_1_662' title='bbox 1229 4400 1347 4467; x_wconf 90' lang='lat' dir='ltr'><strong>babilis</strong></span> <span class='ocrx_word' id='word_1_663' title='bbox 1369 4399 1412 4464; x_wconf 91' lang='lat' dir='ltr'><strong>sit</strong></span> <span class='ocrx_word' id='word_1_664' title='bbox 1433 4401 1627 4465; x_wconf 85' lang='lat' dir='ltr'><strong>coniectura.</strong></span> <span class='ocrx_word' id='word_1_665' title='bbox 1677 4400 1808 4466; x_wconf 78' lang='lat' dir='ltr'><strong>Scimus</strong></span> <span class='ocrx_word' id='word_1_666' title='bbox 1836 4423 1902 4466; x_wconf 90' lang='lat' dir='ltr'><strong>non</strong></span> <span class='ocrx_word' id='word_1_667' title='bbox 1929 4399 2083 4465; x_wconf 86' lang='lat' dir='ltr'><strong>modain</strong></span> <span class='ocrx_word' id='word_1_668' title='bbox 2105 4398 2206 4465; x_wconf 89' lang='lat' dir='ltr'><strong>rebus</strong></span> 
     </span>
     <span class='ocr_line' id='line_1_49' title="bbox 181 4483 2205 4572; baseline -0 -22"><span class='ocrx_word' id='word_1_669' title='bbox 181 4495 356 4572; x_wconf 67' lang='lat' dir='ltr'><strong>pugnant</strong></span> <span class='ocrx_word' id='word_1_670' title='bbox 376 4488 557 4553; x_wconf 86' lang='lat' dir='ltr'><strong>sententiae</strong></span> <span class='ocrx_word' id='word_1_671' title='bbox 578 4489 675 4553; x_wconf 89' lang='lat' dir='ltr'><strong>istae:</strong></span> <span class='ocrx_word' id='word_1_672' title='bbox 698 4487 793 4553; x_wconf 85' lang='lat' dir='ltr'><strong>Vade</strong></span> <span class='ocrx_word' id='word_1_673' title='bbox 815 4485 857 4552; x_wconf 91' lang='lat' dir='ltr'><strong>ad</strong></span> <span class='ocrx_word' id='word_1_674' title='bbox 876 4496 1013 4569; x_wconf 89' lang='lat' dir='ltr'><strong>patrem,</strong></span> <span class='ocrx_word' id='word_1_675' title='bbox 1035 4497 1088 4551; x_wconf 89' lang='lat' dir='ltr'><strong>et:</strong></span> <span class='ocrx_word' id='word_1_676' title='bbox 1112 4489 1176 4553; x_wconf 84' lang='lat' dir='ltr'><strong>Ac·</strong></span> <span class='ocrx_word' id='word_1_677' title='bbox 1230 4486 1343 4551; x_wconf 88' lang='lat' dir='ltr'><strong>arduis</strong></span> <span class='ocrx_word' id='word_1_678' title='bbox 1365 4501 1400 4550; x_wconf 92' lang='lat' dir='ltr'><strong>et</strong></span> <span class='ocrx_word' id='word_1_679' title='bbox 1420 4485 1585 4568; x_wconf 85' lang='lat' dir='ltr'><strong>perplexis</strong></span> <span class='ocrx_word' id='word_1_680' title='bbox 1607 4485 1718 4554; x_wconf 88' lang='lat' dir='ltr'><strong>solitos</strong></span> <span class='ocrx_word' id='word_1_681' title='bbox 1739 4487 1840 4551; x_wconf 88' lang='lat' dir='ltr'><strong>fuisse</strong></span> <span class='ocrx_word' id='word_1_682' title='bbox 1860 4490 2065 4569; x_wconf 88' lang='lat' dir='ltr'><strong>interrogare</strong></span> <span class='ocrx_word' id='word_1_683' title='bbox 2087 4483 2205 4549; x_wconf 89' lang='lat' dir='ltr'><strong>Chris·</strong></span> 
     </span>
    </p>
   </div>
   <div class='ocr_carea' id='block_1_7' title="bbox 178 4568 2204 4978">
    <p class='ocr_par' dir='ltr' id='par_1_8' title="bbox 178 4568 2204 4978">
     <span class='ocr_line' id='line_1_50' title="bbox 181 4568 2204 4657; baseline -0.002 -16"><span class='ocrx_word' id='word_1_684' title='bbox 181 4573 319 4657; x_wconf 62' lang='grc'>616116,</span> <span class='ocrx_word' id='word_1_685' title='bbox 347 4573 409 4637; x_wconf 89' lang='lat' dir='ltr'><strong>hoc</strong></span> <span class='ocrx_word' id='word_1_686' title='bbox 429 4582 480 4638; x_wconf 90' lang='grc'><strong>661</strong></span> <span class='ocrx_word' id='word_1_687' title='bbox 500 4593 618 4656; x_wconf 86' lang='lat' dir='ltr'><strong>corpus</strong></span> <span class='ocrx_word' id='word_1_688' title='bbox 639 4595 759 4639; x_wconf 90' lang='lat' dir='ltr'><strong>meum.</strong></span> <span class='ocrx_word' id='word_1_689' title='bbox 810 4572 897 4654; x_wconf 85' lang='lat' dir='ltr'><strong>Quia</strong></span> <span class='ocrx_word' id='word_1_690' title='bbox 919 4572 997 4637; x_wconf 91' lang='lat' dir='ltr'><strong>dum</strong></span> <span class='ocrx_word' id='word_1_691' title='bbox 1021 4574 1178 4637; x_wconf 89' lang='lat' dir='ltr'><strong>admoniti</strong></span> <span class='ocrx_word' id='word_1_692' title='bbox 1232 4581 1317 4637; x_wconf 91' lang='lat' dir='ltr'><strong>tum:</strong></span> <span class='ocrx_word' id='word_1_693' title='bbox 1341 4569 1398 4637; x_wconf 91' lang='lat' dir='ltr'><strong>sed</strong></span> <span class='ocrx_word' id='word_1_694' title='bbox 1419 4572 1547 4654; x_wconf 89' lang='lat' dir='ltr'><strong>quoties</strong></span> <span class='ocrx_word' id='word_1_695' title='bbox 1570 4592 1629 4654; x_wconf 89' lang='lat' dir='ltr'><strong>pro</strong></span> <span class='ocrx_word' id='word_1_696' title='bbox 1659 4593 1719 4637; x_wconf 87' lang='lat' dir='ltr'><strong>sua</strong></span> <span class='ocrx_word' id='word_1_697' title='bbox 1740 4573 1883 4639; x_wconf 85' lang='lat' dir='ltr'><strong>ruditate</strong></span> <span class='ocrx_word' id='word_1_698' title='bbox 1905 4568 2118 4637; x_wconf 88' lang='lat' dir='ltr'><strong>haesitabant.</strong></span> <span class='ocrx_word' id='word_1_699' title='bbox 2164 4569 2204 4636; x_wconf 76' lang='lat' dir='ltr'><strong>ei</strong></span> 
     </span>
     <span class='ocr_line' id='line_1_51' title="bbox 182 4655 2203 4742; baseline -0.001 -18"><span class='ocrx_word' id='word_1_700' title='bbox 182 4678 320 4724; x_wconf 71' lang='lat' dir='ltr'><strong>sumus</strong></span> <span class='ocrx_word' id='word_1_701' title='bbox 354 4678 420 4722; x_wconf 91' lang='grc'><strong>666</strong></span> <span class='ocrx_word' id='word_1_702' title='bbox 447 4679 527 4728; x_wconf 76' lang='lat' dir='ltr'><strong>,esse</strong></span> <span class='ocrx_word' id='word_1_703' title='bbox 559 4661 594 4725; x_wconf 91' lang='lat' dir='ltr'><strong>in</strong></span> <span class='ocrx_word' id='word_1_704' title='bbox 628 4670 715 4724; x_wconf 88' lang='lat' dir='ltr'><strong>terra</strong></span> <span class='ocrx_word' id='word_1_705' title='bbox 748 4658 972 4742; x_wconf 90' lang='lat' dir='ltr'><strong>quaerendum</strong></span> <span class='ocrx_word' id='word_1_706' title='bbox 996 4659 1177 4738; x_wconf 90' lang='lat' dir='ltr'><strong>Christum,</strong></span> <span class='ocrx_word' id='word_1_707' title='bbox 1230 4680 1282 4723; x_wconf 88' lang='lat' dir='ltr'><strong>res</strong></span> <span class='ocrx_word' id='word_1_708' title='bbox 1305 4679 1391 4722; x_wconf 89' lang='lat' dir='ltr'><strong>nova</strong></span> <span class='ocrx_word' id='word_1_709' title='bbox 1412 4664 1446 4721; x_wconf 91' lang='lat' dir='ltr'><strong>et</strong></span> <span class='ocrx_word' id='word_1_710' title='bbox 1465 4657 1670 4736; x_wconf 88' lang='lat' dir='ltr'><strong>miraculosa,</strong></span> <span class='ocrx_word' id='word_1_711' title='bbox 1691 4666 1730 4722; x_wconf 92' lang='lat' dir='ltr'><strong>ut</strong></span> <span class='ocrx_word' id='word_1_712' title='bbox 1753 4660 1807 4724; x_wconf 90' lang='lat' dir='ltr'><strong>isti</strong></span> <span class='ocrx_word' id='word_1_713' title='bbox 1828 4659 1958 4736; x_wconf 90' lang='lat' dir='ltr'><strong>volunt,</strong></span> <span class='ocrx_word' id='word_1_714' title='bbox 1986 4656 2025 4720; x_wconf 92' lang='lat' dir='ltr'><strong>de</strong></span> <span class='ocrx_word' id='word_1_715' title='bbox 2047 4655 2203 4722; x_wconf 91' lang='lat' dir='ltr'><strong>invisibili</strong></span> 
     </span>
     <span class='ocr_line' id='line_1_52' title="bbox 178 4743 2202 4828; baseline -0.002 -18"><span class='ocrx_word' id='word_1_716' title='bbox 178 4745 267 4811; x_wconf 75' lang='grc'>1116</span> <span class='ocrx_word' id='word_1_717' title='bbox 289 4744 539 4820; x_wconf 86' lang='lat' dir='ltr'><strong>conscendimus</strong></span> <span class='ocrx_word' id='word_1_718' title='bbox 565 4747 599 4811; x_wconf 91' lang='lat' dir='ltr'><strong>iu</strong></span> <span class='ocrx_word' id='word_1_719' title='bbox 622 4746 761 4821; x_wconf 86' lang='lat' dir='ltr'><strong>coelum,</strong></span> <span class='ocrx_word' id='word_1_720' title='bbox 789 4753 826 4808; x_wconf 91' lang='lat' dir='ltr'><strong>ut</strong></span> <span class='ocrx_word' id='word_1_721' title='bbox 848 4766 887 4809; x_wconf 91' lang='lat' dir='ltr'><strong>eo</strong></span> <span class='ocrx_word' id='word_1_722' title='bbox 907 4745 1065 4808; x_wconf 85' lang='grc'>1111616111.</span> <span class='ocrx_word' id='word_1_723' title='bbox 1110 4744 1178 4808; x_wconf 83' lang='lat' dir='ltr'><strong>Vo—</strong></span> <span class='ocrx_word' id='word_1_724' title='bbox 1230 4745 1339 4810; x_wconf 87' lang='lat' dir='ltr'><strong>carnis</strong></span> <span class='ocrx_word' id='word_1_725' title='bbox 1359 4743 1546 4825; x_wconf 86' lang='lat' dir='ltr'><strong>praesentia</strong></span> <span class='ocrx_word' id='word_1_726' title='bbox 1567 4751 1646 4810; x_wconf 90' lang='lat' dir='ltr'><strong>tunc</strong></span> <span class='ocrx_word' id='word_1_727' title='bbox 1668 4752 1802 4828; x_wconf 90' lang='lat' dir='ltr'><strong>repente</strong></span> <span class='ocrx_word' id='word_1_728' title='bbox 1826 4745 1955 4828; x_wconf 88' lang='lat' dir='ltr'><strong>prodita</strong></span> <span class='ocrx_word' id='word_1_729' title='bbox 1977 4743 2100 4815; x_wconf 82' lang='lat' dir='ltr'><strong>fuisset,</strong></span> <span class='ocrx_word' id='word_1_730' title='bbox 2129 4754 2202 4805; x_wconf 89' lang='lat' dir='ltr'><strong>tan·</strong></span> 
     </span>
     <span class='ocr_line' id='line_1_53' title="bbox 182 4824 2202 4978; baseline -0.001 -84"><span class='ocrx_word' id='word_1_731' title='bbox 182 4824 275 4897; x_wconf 92' lang='lat' dir='ltr'><strong>lunt</strong></span> <span class='ocrx_word' id='word_1_732' title='bbox 295 4829 599 4914; x_wconf 85' lang='lat' dir='ltr'><strong>Magdcburgenses</strong></span> <span class='ocrx_word' id='word_1_733' title='bbox 622 4831 792 4897; x_wconf 88' lang='lat' dir='ltr'><strong>Christum</strong></span> <span class='ocrx_word' id='word_1_734' title='bbox 816 4851 882 4895; x_wconf 90' lang='lat' dir='ltr'><strong>non</strong></span> <span class='ocrx_word' id='word_1_735' title='bbox 905 4851 976 4895; x_wconf 91' lang='lat' dir='ltr'><strong>esse</strong></span> <span class='ocrx_word' id='word_1_736' title='bbox 997 4831 1033 4893; x_wconf 89' lang='lat' dir='ltr'><strong>iu</strong></span> <span class='ocrx_word' id='word_1_737' title='bbox 1056 4831 1177 4896; x_wconf 91' lang='lat' dir='ltr'><strong>mundo</strong></span> <span class='ocrx_word' id='word_1_738' title='bbox 1230 4841 1306 4893; x_wconf 87' lang='lat' dir='ltr'><strong>tane</strong></span> <span class='ocrx_word' id='word_1_739' title='bbox 1329 4828 1405 4893; x_wconf 91' lang='lat' dir='ltr'><strong>fidei</strong></span> <span class='ocrx_word' id='word_1_740' title='bbox 1426 4827 1583 4978; x_wconf 61' lang='lat' dir='ltr'><strong>perfectio</strong></span> <span class='ocrx_word' id='word_1_741' title='bbox 1604 4831 1722 4899; x_wconf 87' lang='grc'>616116</span> <span class='ocrx_word' id='word_1_742' title='bbox 1745 4830 1923 4913; x_wconf 89' lang='lat' dir='ltr'><strong>discipulis,</strong></span> <span class='ocrx_word' id='word_1_743' title='bbox 1946 4838 1983 4893; x_wconf 92' lang='lat' dir='ltr'><strong>ut</strong></span> <span class='ocrx_word' id='word_1_744' title='bbox 2003 4826 2128 4890; x_wconf 88' lang='lat' dir='ltr'><strong>nemini</strong></span> <span class='ocrx_word' id='word_1_745' title='bbox 2146 4827 2202 4892; x_wconf 89' lang='lat' dir='ltr'><strong>ob-</strong></span> 
     </span>
    </p>
   </div>
   <div class='ocr_carea' id='block_1_8' title="bbox 180 4911 2203 5325">
    <p class='ocr_par' dir='ltr' id='par_1_9' title="bbox 180 4911 2201 4999">
     <span class='ocr_line' id='line_1_54' title="bbox 180 4911 2201 4999; baseline -0.003 -17"><span class='ocrx_word' id='word_1_746' title='bbox 180 4917 328 4982; x_wconf 69' lang='lat' dir='ltr'><strong>visibili</strong></span> <span class='ocrx_word' id='word_1_747' title='bbox 350 4917 463 4996; x_wconf 88' lang='lat' dir='ltr'><strong>forma,</strong></span> <span class='ocrx_word' id='word_1_748' title='bbox 485 4916 542 4983; x_wconf 91' lang='lat' dir='ltr'><strong>sed</strong></span> <span class='ocrx_word' id='word_1_749' title='bbox 563 4916 771 4984; x_wconf 90' lang='lat' dir='ltr'><strong>invisibiliter</strong></span> <span class='ocrx_word' id='word_1_750' title='bbox 788 4917 849 4981; x_wconf 93' lang='lat' dir='ltr'><strong>sub</strong></span> <span class='ocrx_word' id='word_1_751' title='bbox 867 4916 1071 4999; x_wconf 88' lang='lat' dir='ltr'><strong>panelatere.</strong></span> <span class='ocrx_word' id='word_1_752' title='bbox 1106 4916 1178 4980; x_wconf 89' lang='lat' dir='ltr'><strong>Hoc</strong></span> <span class='ocrx_word' id='word_1_753' title='bbox 1228 4923 1360 4997; x_wconf 87' lang='lat' dir='ltr'><strong>reperet</strong></span> <span class='ocrx_word' id='word_1_754' title='bbox 1381 4913 1425 4977; x_wconf 95' lang='lat' dir='ltr'><strong>du</strong></span> <span class='ocrx_word' id='word_1_755' title='bbox 1448 4913 1562 4977; x_wconf 85' lang='lat' dir='ltr'><strong>itatio?</strong></span> <span class='ocrx_word' id='word_1_756' title='bbox 1613 4915 1690 4994; x_wconf 93' lang='lat' dir='ltr'><strong>Cui,</strong></span> <span class='ocrx_word' id='word_1_757' title='bbox 1717 4916 1864 4992; x_wconf 88' lang='lat' dir='ltr'><strong>obsecro,</strong></span> <span class='ocrx_word' id='word_1_758' title='bbox 1892 4912 2044 4980; x_wconf 91' lang='lat' dir='ltr'><strong>credibile</strong></span> <span class='ocrx_word' id='word_1_759' title='bbox 2071 4911 2201 4994; x_wconf 88' lang='grc'>1661661,</span> 
     </span>
    </p>

    <p class='ocr_par' dir='ltr' id='par_1_10' title="bbox 185 4997 2201 5085">
     <span class='ocr_line' id='line_1_55' title="bbox 185 4997 2201 5085; baseline 0 -19"><span class='ocrx_word' id='word_1_760' title='bbox 185 5002 335 5085; x_wconf 81' lang='lat' dir='ltr'><strong>quidem</strong></span> <span class='ocrx_word' id='word_1_761' title='bbox 364 5003 440 5083; x_wconf 90' lang='lat' dir='ltr'><strong>ipsi:</strong></span> <span class='ocrx_word' id='word_1_762' title='bbox 480 5002 536 5067; x_wconf 90' lang='lat' dir='ltr'><strong>sed</strong></span> <span class='ocrx_word' id='word_1_763' title='bbox 563 5004 635 5085; x_wconf 90' lang='lat' dir='ltr'><strong>quis</strong></span> <span class='ocrx_word' id='word_1_764' title='bbox 658 5001 790 5068; x_wconf 86' lang='lat' dir='ltr'><strong>credet?</strong></span> <span class='ocrx_word' id='word_1_765' title='bbox 837 5003 907 5068; x_wconf 87' lang='lat' dir='ltr'><strong>Nec</strong></span> <span class='ocrx_word' id='word_1_766' title='bbox 934 5003 1046 5066; x_wconf 89' lang='lat' dir='ltr'><strong>minus</strong></span> <span class='ocrx_word' id='word_1_767' title='bbox 1072 5000 1177 5064; x_wconf 90' lang='lat' dir='ltr'><strong>insul·</strong></span> <span class='ocrx_word' id='word_1_768' title='bbox 1229 5000 1338 5066; x_wconf 88' lang='lat' dir='ltr'><strong>tardos</strong></span> <span class='ocrx_word' id='word_1_769' title='bbox 1371 4998 1536 5079; x_wconf 89' lang='lat' dir='ltr'><strong>homines,</strong></span> <span class='ocrx_word' id='word_1_770' title='bbox 1568 5010 1601 5067; x_wconf 91' lang='lat' dir='ltr'><strong>et</strong></span> <span class='ocrx_word' id='word_1_771' title='bbox 1631 5004 1666 5067; x_wconf 89' lang='grc'><strong>16</strong></span> <span class='ocrx_word' id='word_1_772' title='bbox 1697 5003 1842 5067; x_wconf 89' lang='grc'>16161616</span> <span class='ocrx_word' id='word_1_773' title='bbox 1875 5001 1972 5066; x_wconf 93' lang='lat' dir='ltr'><strong>rebus</strong></span> <span class='ocrx_word' id='word_1_774' title='bbox 2004 4997 2201 5081; x_wconf 81' lang='lat' dir='ltr'><strong>dubitantes,</strong></span> 
     </span>
    </p>

    <p class='ocr_par' dir='ltr' id='par_1_11' title="bbox 187 5081 2201 5171">
     <span class='ocr_line' id='line_1_56' title="bbox 187 5081 2201 5171; baseline -0.003 -19"><span class='ocrx_word' id='word_1_775' title='bbox 187 5106 275 5152; x_wconf 71' lang='lat' dir='ltr'><strong>sum</strong></span> <span class='ocrx_word' id='word_1_776' title='bbox 304 5096 357 5155; x_wconf 89' lang='lat' dir='ltr'><strong>est</strong></span> <span class='ocrx_word' id='word_1_777' title='bbox 383 5087 468 5171; x_wconf 92' lang='lat' dir='ltr'><strong>quod</strong></span> <span class='ocrx_word' id='word_1_778' title='bbox 502 5111 579 5153; x_wconf 90' lang='lat' dir='ltr'><strong>mox</strong></span> <span class='ocrx_word' id='word_1_779' title='bbox 612 5089 784 5155; x_wconf 89' lang='lat' dir='ltr'><strong>adiiciunt:</strong></span> <span class='ocrx_word' id='word_1_780' title='bbox 816 5089 949 5154; x_wconf 88' lang='lat' dir='ltr'><strong>initium</strong></span> <span class='ocrx_word' id='word_1_781' title='bbox 984 5087 1084 5152; x_wconf 89' lang='lat' dir='ltr'><strong>huius</strong></span> <span class='ocrx_word' id='word_1_782' title='bbox 1112 5086 1177 5152; x_wconf 92' lang='lat' dir='ltr'><strong>dis·</strong></span> <span class='ocrx_word' id='word_1_783' title='bbox 1228 5091 1379 5169; x_wconf 89' lang='lat' dir='ltr'><strong>prompto</strong></span> <span class='ocrx_word' id='word_1_784' title='bbox 1397 5093 1435 5161; x_wconf 84' lang='lat' dir='ltr'><strong>ct</strong></span> <span class='ocrx_word' id='word_1_785' title='bbox 1456 5084 1555 5152; x_wconf 86' lang='lat' dir='ltr'><strong>alacri</strong></span> <span class='ocrx_word' id='word_1_786' title='bbox 1576 5090 1684 5155; x_wconf 90' lang='lat' dir='ltr'><strong>animo</strong></span> <span class='ocrx_word' id='word_1_787' title='bbox 1701 5088 1735 5152; x_wconf 91' lang='lat' dir='ltr'><strong>in</strong></span> <span class='ocrx_word' id='word_1_788' title='bbox 1759 5108 1795 5154; x_wconf 89' lang='grc'><strong>16</strong></span> <span class='ocrx_word' id='word_1_789' title='bbox 1811 5087 1960 5151; x_wconf 89' lang='lat' dir='ltr'><strong>inaudita</strong></span> <span class='ocrx_word' id='word_1_790' title='bbox 1980 5081 2130 5150; x_wconf 89' lang='lat' dir='ltr'><strong>celeriter</strong></span> <span class='ocrx_word' id='word_1_791' title='bbox 2147 5105 2201 5153; x_wconf 80' lang='lat' dir='ltr'><strong>aa·</strong></span> 
     </span>
    </p>

    <p class='ocr_par' dir='ltr' id='par_1_12' title="bbox 189 5168 2203 5325">
     <span class='ocr_line' id='line_1_57' title="bbox 189 5168 2203 5258; baseline -0.004 -17"><span class='ocrx_word' id='word_1_792' title='bbox 189 5176 358 5241; x_wconf 72' lang='lat' dir='ltr'><strong>essionis</strong></span> <span class='ocrx_word' id='word_1_793' title='bbox 390 5174 491 5239; x_wconf 83' lang='lat' dir='ltr'><strong>fuisse</strong></span> <span class='ocrx_word' id='word_1_794' title='bbox 523 5176 558 5239; x_wconf 92' lang='lat' dir='ltr'><strong>in</strong></span> <span class='ocrx_word' id='word_1_795' title='bbox 590 5183 694 5239; x_wconf 90' lang='lat' dir='ltr'><strong>morte</strong></span> <span class='ocrx_word' id='word_1_796' title='bbox 724 5174 810 5256; x_wconf 88' lang='lat' dir='ltr'><strong>ipsa,</strong></span> <span class='ocrx_word' id='word_1_797' title='bbox 851 5177 928 5258; x_wconf 90' lang='lat' dir='ltr'><strong>quia</strong></span> <span class='ocrx_word' id='word_1_798' title='bbox 959 5182 1038 5239; x_wconf 92' lang='lat' dir='ltr'><strong>tunc</strong></span> <span class='ocrx_word' id='word_1_799' title='bbox 1078 5172 1176 5237; x_wconf 92' lang='lat' dir='ltr'><strong>dixit:</strong></span> <span class='ocrx_word' id='word_1_800' title='bbox 1229 5193 1369 5249; x_wconf 89' lang='lat' dir='ltr'><strong>currere,</strong></span> <span class='ocrx_word' id='word_1_801' title='bbox 1392 5176 1466 5251; x_wconf 81' lang='lat' dir='ltr'><strong>[pag.</strong></span> <span class='ocrx_word' id='word_1_802' title='bbox 1481 5180 1554 5253; x_wconf 84' lang='grc'>111]</span> <span class='ocrx_word' id='word_1_803' title='bbox 1572 5182 1610 5240; x_wconf 89' lang='lat' dir='ltr'><strong>ut</strong></span> <span class='ocrx_word' id='word_1_804' title='bbox 1630 5177 1825 5241; x_wconf 86' lang='lat' dir='ltr'><strong>immensum</strong></span> <span class='ocrx_word' id='word_1_805' title='bbox 1847 5181 1881 5238; x_wconf 89' lang='grc'><strong>61</strong></span> <span class='ocrx_word' id='word_1_806' title='bbox 1901 5169 2065 5236; x_wconf 90' lang='lat' dir='ltr'><strong>invisibile</strong></span> <span class='ocrx_word' id='word_1_807' title='bbox 2076 5168 2203 5241; x_wconf 80' lang='lat' dir='ltr'><strong>Christi</strong></span> 
     </span>
     <span class='ocr_line' id='line_1_58' title="bbox 1944 5271 1996 5325; baseline 0.019 -1"><span class='ocrx_word' id='word_1_808' title='bbox 1944 5271 1996 5325; x_wconf 76' lang='lat'><strong>13·</strong></span> 
     </span>
    </p>
   </div>
   <div class='ocr_carea' id='block_1_9' title="bbox 0 0 2392 5844">
    <p class='ocr_par' dir='ltr' id='par_1_13' title="bbox 0 0 2392 5844">
     <span class='ocr_line' id='line_1_59' title="bbox 0 0 2392 5844; baseline 0 3"><span class='ocrx_word' id='word_1_809' title='bbox 0 0 2392 5844; x_wconf 95' lang='lat' dir='ltr'><strong> </strong></span> 
     </span>
    </p>
   </div>
  </div>
 </body>
</html>
