4776 5844
206 266 263 329 101
986 263 1050 330 ΔΙ)
1073 260 1417 331 wusuPflALUM.
2137 271 2201 335 202

204 473 325 519 nexum
346 473 426 519 esse.
439 455 464 537 ¹)
496 452 652 518 Nondum
663 472 798 518 menam
815 453 1006 518 instituerat
1014 451 1177 530 Christus,
1229 452 1380 517 siritum
1413 450 1583 536 negabunt
1614 453 1740 531 vocari,
1780 454 1857 536 quia
1887 462 1966 519 sunt
1999 455 2202 540 spiritualia?

205 538 283 604 dum
309 540 358 603 ita
384 539 598 605 concionatus
627 541 699 617 [pag.
722 543 796 618 177]
825 549 875 604 ιιι
901 541 935 603 in
958 538 1176 623 capernaum.
1265 559 1302 603 oc
1334 546 1445 603 autem
1477 559 1628 604 concesso
1653 539 1777 604 inferre
1809 550 1996 626 promptum
2029 542 2092 607 erit
2118 543 2204 609 eiua·

206 623 302 705 Quod
323 624 391 690 illio
413 624 576 703 disseruit,
601 635 713 707 postea
734 624 854 690 visibili
876 627 983 709 figura
1004 624 1178 708 obsignare
1229 622 1304 688 dem
1326 644 1452 706 quoque
1472 632 1611 689 naturae
1628 645 1699 691 esse
1715 625 2001 692 manducationem
2023 626 2140 711 dequo
2156 627 2204 694 lo-

204 709 311 774 voluit
328 713 364 774 in
385 731 495 776 coena
545 710 672 775 Panem
692 710 898 794 spiritualem
919 732 994 776 cum
1016 710 1178 775 elemento
1228 709 1348 791 quitur.

205 795 578 878 corruptibili-miseere,
605 817 703 880 quom
749 796 918 862 hreuetioa
938 797 1083 862 amentia
1104 792 1176 860 est?
1314 792 1479 860 Octavum
1497 803 1725 880 argumentum
1744 797 1930 880 proferunt:
1953 796 2079 865 Omnes
2096 819 2204 866 saara·

204 879 675 966 PerguntMagdeburgenses,
698 882 708 945 i
732 903 784 947 em
806 881 1004 960 scandalum,
1028 880 1069 946 ad
1092 878 1177 963 quod
1228 881 1396 946 mentales·
1410 879 1617 964 loquutiones
1639 903 1751 965 parem
1771 882 1895 949 habeut
1914 885 2091 950 rationem:
2114 885 2199 951 ratio

204 968 425 1052 impingimus,
444 967 651 1050 Caperuaitis
668 967 769 1034 fuisso
787 969 959 1045 obiectum,
977 966 1177 1051 quiaChris-
1230 976 1341 1030 autem
1368 976 1432 1046 est,
1459 988 1580 1032 nomen
1608 968 1657 1033 rei
1688 968 1859 1036 transferri
1885 969 1927 1034 ad
1949 970 2098 1055 signum,
2126 992 2204 1055 ergo

206 1065 276 1118 tum
310 1053 423 1118 divina
444 1054 570 1118 virtute
603 1053 795 1136 spoliabant.
839 1052 923 1135 Quis
956 1052 1088 1119 tandem
1116 1052 1180 1116 erit
1230 1051 1306 1117 talis
1328 1060 1379 1118 eet
1399 1054 1603 1138 metonymia
1623 1054 1658 1118 in
1679 1055 1787 1121 verbis
1809 1076 1935 1120 scenae.
1979 1056 2139 1122 Maiorem
2156 1057 2205 1125 ita

204 1137 383 1204 mendaciis
411 1138 549 1204 modus?
600 1141 655 1204 An
682 1138 776 1204 nobis
803 1161 947 1223 unquam
976 1141 1011 1204 in
1032 1147 1177 1204 mentem
1230 1139 1449 1222 restringunt:
1472 1135 1614 1217 Quando
1635 1150 1715 1205 sunt
1736 1138 1884 1206 eiusdem
1905 1142 2035 1227 generis
2055 1162 2093 1208 ao
2121 1152 2203 1209 tam·

204 1225 295 1289 venit
315 1225 456 1291 carnalis
467 1223 592 1290 Christi
612 1224 843 1291 manducatio?
878 1225 917 1291 Si
934 1236 1141 1309 quaeruntur
1150 1221 1178 1310 ²)
1229 1225 1327 1307 poris.
1360 1223 1494 1308 Negant
1514 1232 1625 1289 autem
1643 1227 1678 1291 in
1701 1227 1914 1293 sacramentis
1936 1229 2057 1294 veteris
2075 1236 2108 1292 et
2127 1229 2204 1297 novi

205 1330 318 1375 eorum
340 1311 434 1388 sccii,
460 1331 598 1395 quorum
624 1311 693 1377 illio
721 1312 909 1396 obstrepere
930 1311 1107 1375 damnatur
1128 1310 1178 1373 in·
1230 1311 1417 1374 testamenti
1444 1309 1532 1375 idem
1560 1330 1632 1376 esse
1659 1332 1778 1396 genus,
1807 1313 1885 1396 quia
1911 1312 1946 1378 in
1972 1314 2075 1379 veteri
2102 1321 2203 1380 testa·

204 1394 392 1475 credulitas,
415 1397 574 1480 prodeant
594 1397 629 1462 iu
659 1396 804 1462 medium
825 1398 881 1480 qui
902 1418 970 1462 una
990 1403 1121 1462 teatrum
1142 1397 1178 1460 iu
1229 1404 1341 1460 mento
1361 1395 1610 1478 proferebantur
1629 1396 1804 1481 figuraest
1824 1399 1970 1477 umbrae,
1992 1400 2028 1464 in
2049 1420 2134 1465 novo
2150 1422 2204 1467 rea

205 1503 238 1545 re
265 1479 436 1562 differant,
469 1484 632 1567 fingentes
658 1484 816 1549 invisibili
843 1482 953 1559 modo,
983 1482 1041 1549 sod
1067 1494 1177 1546 tamen
1230 1481 1302 1563 ipsa
1323 1481 1505 1547 luculenter
1526 1481 1708 1562 exhibetur,
1737 1485 1833 1550 sicuti
1856 1505 2009 1569 expresse
2030 1484 2131 1552 verba
2152 1507 2203 1551 so·

204 1568 342 1645 carnali,
365 1569 476 1633 vorari
499 1567 626 1635 Christi
647 1589 788 1635 caruem.
833 1569 937 1635 Nobis
969 1567 1177 1633 manducatio
1230 1575 1327 1632 nant:
1357 1567 1430 1632 Hoc
1458 1576 1508 1634 est
1530 1589 1647 1651 corpus
1668 1590 1788 1634 meum.
1838 1571 1943 1653 Atqui
1975 1571 2003 1635 si
2031 1570 2072 1636 de
2094 1572 2203 1639 verbis

204 1674 268 1719 non
292 1653 442 1732 aliaest,
471 1675 569 1737 quam
590 1675 672 1736 quae
694 1655 890 1738 exprimitur
910 1654 1036 1720 Christi
1059 1653 1177 1719 verbis.
1231 1665 1283 1718 est
1303 1653 1509 1736 disceptatio,
1537 1653 1652 1719 eadem
1680 1656 1715 1719 in
1742 1656 1850 1721 veteri
1876 1678 2002 1740 quoque
2032 1662 2106 1736 [paq.
2129 1662 2202 1738 leo]

205 1738 294 1820 Quin
343 1740 583 1825 metaphoricos
636 1741 680 1806 sit
723 1740 850 1806 Christi
900 1761 1008 1805 sermo
1056 1738 1178 1824 ambigi
1229 1745 1426 1804 testamento
1444 1740 1609 1824 leguntur,
1631 1741 1959 1824 neomagisdiluoida
1978 1752 2029 1809 est
2048 1742 2204 1826 loquendi

203 1847 269 1890 uon
292 1833 407 1910 potest
453 1826 579 1891 Panem
600 1835 704 1911 vocat,
728 1847 793 1891 non
810 1828 865 1909 qui
886 1848 928 1891 ex
949 1826 1058 1891 tritico
1076 1828 1178 1891 eonti-
1229 1824 1347 1889 torma:
1383 1825 1457 1890 Hoc
1483 1837 1534 1891 est
1565 1847 1681 1908 corpus
1708 1838 1832 1906 meum,
1862 1848 1974 1911 quam:
2009 1828 2126 1912 Agnus
2153 1837 2205 1895 est

204 1914 302 1976 citur:
325 1911 434 1977 cibum
456 1912 573 1988 etiam,
603 1933 670 1977 non
698 1913 816 1994 quiin
846 1914 942 1978 furno
964 1911 1018 1978 vel
1039 1911 1104 1976 olla
1126 1932 1178 1977 co·
1229 1912 1403 1989 transitus,
1431 1910 1643 1978 Circumoisio
1670 1924 1721 1977 est
1740 1912 1855 1977 foedus
1876 1934 1994 1979 meum.
2038 1914 2204 1981 Desinant

205 1999 323 2080 quitur,
345 1995 402 2063 sed
424 1998 595 2081 spirituale
617 1998 826 2077 alimentum,
855 2019 919 2081 quo
941 2007 1122 2081 pascuntur
1143 1999 1177 2061 in
1229 2015 1307 2079 ergo
1333 1997 1431 2061 inane
1457 1996 1634 2063 obtendere
1662 1998 1896 2080 praeiudicium
1933 2021 1974 2063 ex
2006 2001 2129 2077 verbis,
2162 2000 2204 2064 de

204 2084 375 2149 coelestem
396 2085 501 2148 vitam
523 2086 660 2149 animae.
694 2084 784 2149 Ero
808 2081 1178 2164 [pag.178]manduoa·
1229 2103 1369 2164 quorum
1391 2103 1489 2147 sensu
1512 2096 1545 2148 et
1565 2083 1783 2167 intelligentia
1807 2083 1849 2148 lis
1875 2085 1964 2150 inter
1991 2106 2051 2151 nos
2072 2084 2201 2169 pendet

203 2170 248 2233 tio
269 2170 362 2234 euius
384 2170 545 2248 meminit,
567 2180 601 2234 et
623 2170 720 2254 potio,
739 2106 863 2249 dentes,
886 2169 1042 2252 palatum,
1064 2180 1178 2253 guttur
1229 2168 1300 2233 Iam
1328 2166 1500 2234 diversitas
1527 2168 1622 2249 haec,
1653 2191 1750 2254 quam
1777 2168 1974 2249 obtendunt,
1996 2169 2202 2236 Servetioum

205 2265 261 2319 aut
281 2266 432 2320 ventrem
451 2256 587 2321 minime
609 2255 761 2338 requirit,
792 2254 849 2321 scd
872 2256 1000 2320 animae
1022 2256 1176 2321 esuriem:
1229 2252 1381 2318 delirium
1404 2253 1498 2336 sapit,
1522 2276 1560 2321 ao
1581 2256 1610 2320 si
1631 2257 1735 2321 sancti
1756 2266 1867 2339 patres
1885 2255 1984 2321 nudis
2001 2257 2201 2340 figurisoon-

204 2361 308 2423 neque
331 2343 418 2405 enim
441 2339 537 2406 aliter
558 2363 600 2407 ex
621 2341 678 2406 illo
695 2341 823 2407 Christi
842 2350 1015 2425 praecepto
1037 2340 1177 2406 comedi·
1228 2341 1313 2404 tenti
1335 2339 1461 2405 nullam
1482 2340 1673 2406 habuissent
1691 2340 1859 2408 nobiscum
1879 2340 2039 2407 donorum
2048 2342 2202 2426 spiritua·

204 2448 278 2491 mus
308 2426 380 2490 eius
407 2447 557 2506 carneum
585 2427 640 2493 vel
668 2430 861 2511 sanguinem
891 2426 1048 2506 bibimus,
1080 2447 1178 2511 quam
1229 2423 1311 2490 lium
1334 2427 1530 2492 societatem.
1580 2427 1703 2492 Fateor
1731 2427 1861 2511 quidem
1883 2448 1993 2492 rerum
2016 2429 2203 2493 futurarum

205 2510 283 2576 dum
305 2511 369 2578 lide
389 2511 600 2578 coulescimus
622 2514 658 2578 in
677 2533 779 2577 unum
801 2534 874 2579 cum
896 2514 976 2596 ipso,
1003 2514 1097 2578 utin
1119 2534 1177 2577 no·
1229 2512 1412 2595 propositas
1438 2510 1506 2576 illis
1540 2513 1640 2578 luisse
1667 2513 1814 2592 umbras,
1848 2512 1943 2579 modo
1969 2512 2032 2579 hoc
2057 2513 2202 2580 vicissim

206 2597 253 2662 bis
274 2596 427 2663 habitans
448 2619 525 2664 vere
547 2618 609 2663 nos
617 2599 772 2664 vivificet
806 2599 1046 2664 Partesautem
1069 2598 1178 2664 alendi
1230 2606 1370 2677 constat,
1399 2597 1569 2663 Christum
1595 2598 1661 2664 illis
1690 2599 1788 2664 simul
1815 2600 1913 2664 etiam
1935 2599 2035 2665 fuisse
2056 2601 2202 2682 proposi·

203 2703 261 2749 cur
282 2685 373 2748 carni
395 2704 474 2749 suae
496 2691 528 2749 et
549 2685 702 2768 sanguini
723 2684 886 2764 vendicet,
907 2685 1044 2750 minime
1065 2685 1178 2750 obsou-
1230 2690 1310 2761 tum,
1333 2704 1375 2748 ne
1395 2683 1548 2748 inanibus
1575 2684 1690 2768 figuris
1704 2688 1730 2769 ¹)
1757 2684 1889 2750 delusos
1915 2686 2014 2751 fuisse
2041 2693 2201 2768 putemus.

204 2790 278 2834 rum
301 2778 364 2834 est:
388 2790 505 2852 nempe
527 2782 564 2835 ut
582 2770 741 2837 sciremus
761 2792 829 2836 non
851 2771 928 2838 alibi
951 2792 1048 2854 quam
1068 2771 1103 2835 in
1126 2791 1177 2834 sa·
1229 2767 1328 2834 Certe
1349 2768 1464 2834 eodem
1485 2790 1584 2845 sensu
1607 2790 1712 2855 agnus
1738 2771 1804 2836 illis
1831 2771 1894 2836 fuit
1920 2771 2056 2854 pascha,
2084 2780 2119 2837 et
2140 2772 2202 2837 cir·

203 2856 333 2933 orificio,
354 2876 418 2938 quo
440 2864 567 2938 patrem
588 2856 682 2922 nobis
703 2855 856 2938 placavit,
879 2855 1097 2940 quaerendam
1120 2877 1177 2921 no·
1229 2855 1384 2920 cumeisio
1406 2855 1533 2934 foedus,
1562 2877 1626 2938 quo
1647 2856 1742 2922 nobis
1770 2856 1868 2922 hodie
1889 2858 1984 2940 panis
2004 2869 2055 2921 est
2076 2877 2201 2941 corpus.

204 2940 253 3006 bis
275 2961 348 3007 esse
368 2942 480 3006 vitam
532 2943 713 3007 Multorum
741 2943 829 3007 enim
856 2942 1009 3025 superbia
1029 2941 1177 3019 libenter,
1229 2941 1316 3006 Nam
1337 2941 1423 3023 quod
1445 2952 1639 3019 causantur,
1669 2964 1710 3007 er
1732 2963 1795 3026 quo
1823 2941 2059 3008 exhibitusest
2079 2943 2202 3009 mundo

204 3028 381 3111 praeterita
407 3046 506 3092 carne
532 3029 567 3092 in
596 3047 661 3111 qua
688 3030 774 3094 facto
801 3038 852 3094 est
880 3029 1037 3113 expiatio,
1073 3027 1177 3094 nubes
1229 3025 1393 3105 Christus,
1416 3049 1483 3092 non
1505 3027 1645 3110 amplius
1667 3049 1739 3093 esse
1760 3028 1849 3114 typis
1870 3027 1987 3106 locum,
2010 3051 2075 3094 nou
2095 3029 2202 3095 solum

203 3112 475 3181 transscenderet
484 3115 514 3199 ⁸)
557 3112 665 3180 Sicuti
686 3134 765 3198 ergo
787 3124 922 3198 propter
943 3135 1003 3179 nos
1024 3112 1176 3178 humilia·
1229 3133 1270 3178 ex
1292 3112 1387 3177 foeda
1406 3113 1594 3197 ignorantia
1615 3122 1744 3193 manat,
1774 3113 1830 3178 sed
1853 3113 1961 3197 palam
1982 3112 2127 3179 ostendit
2147 3135 2202 3180 eoa

203 3207 256 3264 tus
278 3208 329 3264 est
356 3199 526 3278 Christus,
556 3209 595 3264 ut
620 3200 719 3265 fidem
748 3211 893 3265 nostram
921 3201 955 3264 in
989 3199 1177 3265 humilitate
1228 3199 1368 3281 superbo
1393 3208 1582 3283 contemptu
1603 3198 1730 3265 Christi
1755 3199 1895 3283 gratiam
1921 3220 2085 3283 respuere.
2129 3197 2202 3266 Sio-

204 3284 384 3362 coutineat,
428 3284 662 3369 redemptionis
702 3285 895 3370 mysterium
934 3282 1175 3364 commendans,
1228 3285 1300 3349 eine
1322 3285 1466 3367 parfocta
1487 3293 1537 3350 est
1552 3285 1618 3350 illis
1634 3285 1725 3361 fides,
1748 3295 1787 3349 ut
1809 3291 1883 3365 [pag.
1905 3289 1979 3364 181]
2001 3285 2130 3350 reiectis
2146 3293 2200 3370 ty-

203 3371 435 3454 prouunciat⁴)
456 3392 589 3438 carnem
612 3392 705 3436 suam
728 3391 799 3436 esse
820 3372 994 3437 vivificam.
1027 3370 1176 3436 Tandem
1228 3390 1343 3452 porum
1371 3369 1592 3449 adminiculis,
1622 3370 1792 3436 Christum
1821 3383 2026 3454 praesentem
2048 3369 2200 3453 sapiant?

203 3477 266 3539 qno
291 3477 327 3521 se
354 3458 531 3540 expediant
552 3457 869 3544 Magdeburgenses,
901 3478 1033 3523 carnem
1060 3456 1177 3523 volunt
1227 3456 1274 3520 Et
1295 3476 1451 3538 quorsum
1478 3477 1613 3521 coenam
1640 3477 1678 3521 ao
1706 3454 1903 3539 baptismum
1924 3455 2068 3521 instituit
2088 3455 2201 3522 Chris·

203 3542 306 3627 accipi
327 3563 388 3625 pro
414 3544 523 3609 caruis
544 3564 658 3609 sensu:
687 3543 828 3609 crassius
857 3543 956 3609 etiam
976 3543 1175 3627 impingunt,
1227 3547 1296 3617 tu's,
1323 3541 1388 3606 nisi
1415 3550 1456 3605 ut
1481 3551 1636 3625 typorum
1666 3541 1828 3608 vehiculis
1853 3563 1913 3607 nos
1941 3541 1984 3606 ad
2009 3562 2044 3606 se
2070 3562 2202 3608 sursum

203 3627 393 3693 antithesim
415 3627 582 3706 ducentes,
610 3651 693 3712 quae
718 3630 905 3713 frequepter
930 3627 1008 3695 alibi
1035 3630 1177 3695 occurrit
1228 3628 1357 3710 erigens
1378 3626 1562 3691 infirmitati
1585 3637 1716 3695 nostrae
1736 3627 1944 3694 consuleret?
1986 3627 2108 3692 Fateor
2128 3627 2201 3711 qui·

203 3713 289 3796 apud
311 3714 463 3779 Paulum.
496 3713 564 3781 Sed
586 3717 663 3798 quia
683 3715 750 3780 illis
771 3715 904 3781 solenne
925 3714 1012 3799 est⁶)
1034 3715 1176 3798 scriptu-
1228 3712 1302 3777 dem
1324 3733 1441 3796 corpus
1468 3722 1502 3778 et
1528 3713 1745 3779 substantiam
1772 3734 1885 3779 eorum
1907 3733 1989 3796 quae
2009 3714 2064 3778 lex
2086 3712 2201 3778 adnm·

203 3820 273 3863 ram
295 3799 535 3866 inconsiderate
551 3799 684 3868 citando
700 3821 918 3884 corrumpere,
940 3807 1013 3881 [pag.
1029 3806 1102 3881 179]
1125 3822 1176 3866 se·
1228 3798 1344 3864 brabat
1364 3797 1461 3865 hodie
1482 3799 1664 3866 inChristo
1681 3809 1839 3877 constare,
1861 3799 1958 3864 sicuti
1978 3808 2090 3881 aperte
2108 3797 2202 3865 docet

203 3885 314 3968 pultns
329 3906 401 4036 ger
427 3907 480 3951 me
509 3887 562 3954 hic
590 3906 682 3952 error
703 3895 849 3952 maneat:
882 3895 1014 3952 tantum
1037 3886 1078 3952 ds
1100 3907 1175 3951 sen·
1227 3885 1368 3950 Paulus:
1396 3883 1493 3950 modo
1519 3886 1581 3952 hoo
1610 3886 1652 3951 ad
1680 3884 1827 3950 diversos
1852 3883 2058 3969 significandi
2086 3885 2200 3951 modos

203 3971 307 4036 tentia
357 3970 454 4037 hristi
487 3972 568 4038 mihi
601 3971 830 4055 respondeant,
863 3973 892 4037 si
925 3972 1060 4056 spiritus
1092 3973 1175 4038 vivi·
1228 3971 1399 4049 referatur,
1421 3992 1487 4036 non
1509 3983 1620 4036 autem
1647 3990 1782 4054 prorsus
1808 3969 1943 4034 tollatur
1969 3990 1990 4034 a
2015 3970 2111 4036 nobis
2132 3972 2199 4054 sig·

203 4056 304 4122 ficana
334 4056 418 4122 nihil
446 4058 534 4124 aliud
568 4066 626 4124 est>
650 4078 751 4140 qnam
778 4057 1014 4142 intelligentiae
1043 4057 1174 4137 donum,
1227 4077 1346 4121 norum
1367 4077 1456 4134 usus,
1474 4078 1647 4140 quemuon
1665 4057 1776 4121 minus
1792 4055 2200 4123 nobisesaeuecessarium

205 4141 278 4224 quid
296 4141 358 4208 sibi
375 4144 449 4209 vult
467 4144 553 4228 quod
563 4145 718 4211 contiuuo
729 4152 803 4226 post
813 4141 960 4208 additum
978 4153 1042 4209 est:
1064 4142 1176 4209 Verba
1226 4164 1326 4225 quam
1344 4145 1480 4208 vetustis
1497 4142 1645 4224 patribus
1658 4142 1861 4225 experientia
1872 4141 2082 4207 demonstrat.
2097 4198 2100 4205 .
2116 4143 2198 4208 Cae·

205 4247 284 4309 quae
306 4227 420 4311 loquor
447 4229 537 4296 vobis
565 4230 699 4313 spiritns
726 4239 760 4294 et
786 4229 976 4294 vitasunt?
1020 4229 1174 4295 Verbane
1226 4235 1333 4293 terum
1362 4236 1400 4292 ιι
1421 4249 1456 4293 se
1477 4227 1781 4313 Magdeburgenses
1807 4226 1999 4310 expediant,
2029 4228 2200 4310 pueriliter

1149 4382 1151 4385 ,
1225 4313 1346 4378 ludunt
1367 4315 1400 4377 in
1424 4334 1503 4378 voce
1524 4315 1663 4396 peceati,
1686 4313 1766 4378 dum
1786 4311 1894 4379 hostia
1914 4314 2103 4378 nominatur
2123 4334 2198 4395 pcc-

620 4456 622 4460 .
1226 4409 1343 4465 catum.
1379 4397 1483 4479 Quasi
1501 4420 1580 4464 vero
1597 4399 1658 4465 hoc
1674 4399 1861 4465 testimonio
1879 4420 1939 4464 nos
1956 4407 2098 4464 utamur.
2128 4397 2198 4463 Cur

270 4501 300 4569 1)
318 4518 370 4571 que
388 4521 440 4574 par
456 4504 483 4558 le
500 4505 635 4559 levemont
651 4504 788 4558 exteritur
805 4518 838 4556 en
856 4499 925 4558 l'eau
943 4503 988 4572 qui
998 4510 1041 4558 est
1058 4519 1093 4557 au
1103 4504 1173 4572 Bap.
1226 4507 1291 4550 uon
1325 4487 1433 4568 potius
1465 4484 1507 4548 ad
1536 4485 1600 4549 alia
1634 4482 1845 4568 respondent,
1907 4485 2003 4550 uibus
2035 4482 2198 4548 diluendis

205 4575 286 4625 ιιιιιιι
305 4588 341 4626 on
358 4586 389 4628 ae
406 4581 487 4642 peuat
507 4589 603 4641 passer
625 4574 661 4628 dn
683 4572 816 4642 priucipal
840 4569 975 4626 lavemeut
998 4572 1128 4627 interisur
1145 4579 1174 4626 et
1225 4571 1319 4636 nulla
1340 4592 1452 4635 eorum
1475 4570 1652 4653 garrulitas
1680 4571 1841 4636 suffioiet?
1886 4507 2036 4653 &anguis
2064 4566 2197 4653 pecudis

206 4640 367 4773 'Pffiffiilbie
430 4710 436 4723 .
657 4712 663 4723 .
961 4711 966 4722 .
1043 4710 1049 4723 .
1225 4658 1368 4739 expiatio
1390 4676 1462 4722 esse
1485 4656 1612 4735 dieitur,
1641 4658 1841 4723 circumcisio
1862 4664 1999 4723 vocatur
2018 4652 2142 4732 foedus,
2163 4662 2197 4718 et

387 4725 516 4779 pnncept
537 4715 563 4764 et
587 4726 697 4765 omnmo
718 4710 789 4764 dene.
831 4709 907 4764 Ine
983 4708 1061 4762 eudes
1083 4715 1172 4762 ιαιιιιι

206 4777 403 4832 commutor
420 4780 511 4834 tectim
550 4787 680 4834 ueruntnr
702 4795 782 4848 quoru
801 4780 925 4835 cubitent
971 4793 1020 4831 ero
1042 4783 1068 4832 et
1084 4779 1171 4833 Amat.
1224 4762 1330 4826 11811118
1362 4742 1499 4826 1111801111ι
1533 4742 1672 4826 (1611111111
1704 4751 1798 4826 petra
1836 4750 1969 4809 1011111111
1977 4741 2006 4823 ²)
2033 4738 2195 4805 0111181111·

205 4846 326 4967 w
342 4847 410 4917 quid
431 4848 486 4903 sebi
508 4795 573 4902 sciit
593 4863 650 4902 nce
664 4847 747 4914 foede
764 4850 928 4920 ιιιιςιανιι.
965 4846 1064 4901 Gallus
1080 4845 1173 4901 babet·

223 4911 248 4968 'il
264 4914 322 4970 taut
338 4923 481 4973 retrouver
497 4917 538 4972 lea
555 4932 736 4986 compagnons
754 4923 801 4973 etc.

264 4982 282 5038 3
314 4985 388 5039 Add.
406 4994 435 5040 et
451 4986 567 5054 voltiger
582 4985 611 5040 u
626 5002 661 5041 eu
678 4983 746 5040 l’air.

267 5051 299 5119 4)
318 5053 337 5107 il
355 5069 425 5109 nous
442 5070 550 5109 ιιιιιιι
569 5056 587 5110 t
603 5071 635 5110 ιι
652 5053 726 5110 cheir
743 5055 860 5125 laquelle
878 5054 898 5109 il
916 5068 1055 5124 prononco
1072 5057 1120 5108 etc.
1292 5050 1322 5116 1)
1341 5066 1444 5106 comme
1461 5051 1479 5105 t
1495 5052 1544 5106 des
1562 5053 1650 5107 iouets
1667 5051 1701 5107 de
1755 5051 1802 5105 tits
1820 5048 1921 5104 emma

270 5119 300 5189 b)
317 5122 353 5177 ils
376 5139 410 5177 ne
428 5122 489 5177 font
505 5139 556 5193 qne
575 5123 600 5177 le
619 5139 678 5193 ser,
701 5140 803 5179 comme
821 5140 855 5180 on
873 5123 920 5179 dit
949 5120 1017 5177 tato
1035 5162 1041 5174 .
1061 5161 1067 5174 .
1087 5159 1092 5172 .
1113 5160 1119 5174 .
1137 5120 1171 5177 ila
1291 5117 1322 5186 2)
1339 5119 1436 5175 foedus
1454 5160 1460 5173 .
1481 5161 1488 5172 .
1507 5161 1513 5173 .
1533 5158 1539 5171 .
1558 5131 1679 5176 vocatur.
1752 5134 1800 5173 aec
1818 5133 1868 5186 per
1884 5114 2108 5172 mmo»
2124 5119 2197 5173 esci·

206 5188 261 5247 tout
276 5191 396 5247 mestier.
433 5189 508 5246 1611.
1224 5186 1324 5244 amnt
1340 5190 1372 5243 io
1389 5188 1449 5244 cdd.
1469 5188 1546 5245 Besa
1562 5195 1588 5246 ιι
1604 5192 1691 5244 Amet

207 4401 265 4410 ιι...
273 4405 404 4411 ..ᾳ-..-
