4748 5798
166 225 226 300 css
783 218 1542 323 nnoccuursunrracvruusrrs.
2104 228 2177 294 aar»

164 409 219 477 ubi
242 411 331 475 enim
352 411 541 477 convertisti
569 432 637 487 me,
667 411 720 494 egi
746 410 990 495 poenitentiam
1042 410 1136 477 Haec
1187 409 1280 480 muni
1310 408 1430 476 carnis.
1443 430 1558 488 sensu,
1578 417 1771 496 ,margunc
1796 475 1797 483 ,
1820 409 1890 478 Sed
1912 435 1955 479 ne
1981 413 2024 479 de
2053 415 2167 482 verbis

165 496 291 572 solutio,
314 497 341 562 si
363 496 474 579 quain
493 494 783 562 cancrerccundia
804 505 900 573 esset,
923 496 982 562 tibi
999 497 1135 561 exmcis
1188 494 1317 579 litigare
1345 495 1473 578 videar,
1504 501 1578 576 [pag.
1598 501 1653 576 49]
1685 499 1734 563 ita
1760 519 1815 564 mc
1847 498 2021 580 scripsisse
2050 498 2182 582 acor,

164 583 294 667 scriptis
316 581 423 647 decies
444 593 522 647 ncta
544 603 615 657 csse
635 586 710 661 [pag.
729 588 782 662 46]
803 580 968 648 debuerat.
1012 579 1082 648 Sed
1099 591 1137 646 ut
1187 580 1318 665 lapsum
1340 579 1433 646 Adae
1456 603 1523 647 non
1544 583 1715 648 fortuitum
1736 583 1848 660 brisso,
1870 584 1929 652 scd
1949 582 2076 652 occulto
2096 584 2172 652 Du

163 664 223 733 tibi
250 668 347 735 liccat
373 689 445 733 eam
473 667 623 742 reficere,
652 666 756 733 nihilo
784 666 978 752 tibimagis
1000 665 1135 745 Paulus,
1188 665 1318 732 decreto
1341 664 1536 748 ordinatum.
1562 665 1685 749 ,Quod
1712 663 1858 752 praecise
1886 670 2076 737 doctrinam.
2093 672 2164 738 dia-

163 775 263 838 quam
289 753 442 820 Ezechiel
468 753 678 838 suffragatur.
722 752 907 835 'Quomodo
934 752 1015 837 velit
1042 750 1135 827 Deus
1187 752 1253 817 boli
1273 773 1345 818 esse
1362 753 1570 835 pronuncias,
1592 774 1733 837 magnae
1748 755 1874 822 scilicet
1884 758 2069 823 autoritatis
2086 778 2164 824 cen·

163 839 271 906 salvos
293 860 406 905 omnes
424 839 506 916 fieri,
529 839 595 903 non
606 840 705 904 anxie
718 837 956 922 ‘disputandum
974 847 1036 905 est:
1059 837 1143 922 quia
1187 859 1241 904 sor
1263 837 1327 903 tibi·
1346 837 1478 916 videris,
1498 838 1555 921 qui
1576 841 1776 905 sententiam
1797 840 1918 906 validis
1937 835 2123 910 'rationibus
2140 866 2162 910 a

163 926 244 992 haec
267 924 332 990 duo
354 925 443 989 inter
464 946 498 989 se
517 925 701 1002 cohaerent,
723 925 812 990 salus
834 933 867 989 et
884 924 1027 1010 cognitio
1049 925 1135 989 reri·
1186 945 1239 995 me
1261 925 1431 1007 probatam
1453 945 1519 989 uno
1541 924 1687 1011 convicio
1709 927 1814 992 everti
1836 947 1932 1010 posse
1943 950 2064 1011 speras
2102 929 2161 996 Iu-

163 1012 251 1076 tatis.
296 1012 392 1077 Nunc
408 1009 583 1093 responde,
607 1011 636 1076 si
657 1010 760 1076 sciuit
781 1011 872 1089 Deus
894 1032 989 1077 suam
1011 1011 1134 1075 verita-
1186 1008 1243 1075 bes
1271 1008 1448 1092 producere
1475 1011 1704 1075 'testimonium
1727 1032 1771 1076 ex
1800 1013 1988 1096 scripturis,
2022 1036 2064 1079 ex
2096 1036 2162 1098 quc

162 1112 230 1162 tem
252 1095 403 1167 omnibus
420 1097 632 1174 iunctescere,
656 1118 714 1160 cur
735 1095 776 1161 ad
798 1105 848 1161 tot
864 1106 987 1180 gentes,
1010 1118 1052 1161 ex
1070 1117 1134 1179 quc
1185 1103 1296 1178 pateat
1317 1094 1427 1161 Adam
1448 1117 1516 1160 non
1542 1096 1613 1161 sine
1640 1117 1763 1162 arcanc
1783 1098 1850 1164 Dei
1876 1098 2007 1164 decreto
2029 1094 2160 1184 lapsum

163 1183 365 1266 promulgari
387 1182 493 1264 coepit
514 1181 731 1266 evangelium,
755 1203 924 1265 nunquam
946 1182 1134 1265 pervenerit
1186 1202 1266 1248 esse.
1301 1180 1415 1264 ,Atqu
1434 1182 1464 1266 si
1489 1190 1769 1267 paucastantum
1795 1185 1934 1269 paginas
1960 1195 2085 1256 attente
2112 1185 2160 1251 le-

162 1289 246 1357 pura
266 1270 338 1334 eius
358 1266 503 1332 veritas?
537 1265 666 1332 Deinde
688 1289 745 1336 cur
766 1288 831 1341 non
854 1269 1000 1352 omnium
1023 1268 1134 1343 oculos
1185 1268 1298 1351 gisses,
1321 1288 1389 1334 non
1411 1276 1443 1331 te
1464 1267 1592 1366 lugeret
1612 1266 1699 1350 quod
1719 1267 1858 1357 subinde
1878 1271 2027 1349 occurrit,
2049 1269 2162 1337 Deum

162 1375 324 1439 peraeque
345 1353 518 1436 aperuerit,
547 1352 677 1435 quaudo
698 1354 832 1419 interior
853 1353 989 1436 spiritus
1010 1353 1133 1420 illumi·
1184 1373 1304 1424 arcano
1324 1374 1384 1434 suc
1405 1351 1542 1419 consibo
1564 1353 1675 1437 omnia
1695 1353 1868 1421 moderari.
1902 1355 2162 1442 Praescieutiam

164 1442 263 1516 natio,
286 1461 351 1523 qua
371 1440 512 1505 nonnisi
529 1459 648 1521 paucos
661 1435 825 1523 dignatur,
848 1437 890 1503 ad
910 1438 1009 1505 fidem
1020 1459 1132 1516 neces·
1184 1438 1256 1504 Deo
1279 1438 1534 1524 effingitis,qua
1550 1439 1673 1504 otiosus
1692 1460 1710 1503 c
1732 1439 1821 1506 coelo
1842 1442 2030 1524 speculetur
2051 1443 2159 1508 homi·

163 1528 250 1591 saria
279 1524 349 1591 est?
415 1524 479 1590 Hic
512 1525 612 1590 ctiam
640 1525 698 1589 tibi
728 1524 904 1590 solvendus
932 1534 982 1591 est
1012 1523 1131 1590 nodus:
1184 1545 1266 1589 num
1294 1524 1409 1589 vitam:
1444 1523 1538 1611 Deus
1566 1524 1635 1606 ipse
1663 1524 1888 1610 gubernacula
1913 1528 2014 1592 totius
2042 1529 2160 1594 mundi

163 1612 276 1692 Quum
303 1632 399 1695 nemo
423 1610 487 1676 nisi
514 1630 633 1677 arcano
655 1611 790 1694 spiritus
820 1608 978 1676 instinctu
1006 1618 1132 1676 tractus
1184 1610 1246 1676 sibi
1269 1609 1462 1690 vendicans,
1490 1611 1674 1694 potentiam
1700 1609 1795 1677 suam
1823 1634 1843 1676 a
1870 1613 2087 1695 praescientia
2109 1636 2161 1681 se-

162 1697 203 1762 ed
220 1696 331 1762 Deum
353 1696 494 1775 accedat,
516 1718 574 1762 cur
595 1717 662 1762 nou
683 1696 868 1780 promiscue
889 1697 1131 1773 trahatomnes,
1183 1697 1292 1779 parari
1314 1716 1383 1762 non
1404 1697 1536 1781 patitur.
1589 1690 1687 1761 (lerte
1714 1694 1796 1763 haec
1823 1719 1891 1763 non
1913 1720 1988 1765 mea
2009 1698 2067 1765 scd
2087 1703 2161 1766 Au-

163 1785 189 1848 si
218 1781 292 1848 vult
319 1802 375 1847 ecs
402 1781 510 1847 salros
539 1782 624 1847 fieri:
658 1783 734 1864 quia
761 1802 803 1846 ex
832 1781 1019 1849 discrimine
1043 1792 1133 1848 certo
1184 1782 1308 1866 gustini
1330 1782 1620 1854 estraticcinatic:
1643 1779 1683 1855 Si
1697 1780 1968 1864 praeviditDeus
1988 1783 2161 1868 qucdfieri

160 1869 326 1952 colligitur
347 1889 418 1932 esse
440 1888 597 1933 arcanum
619 1867 760 1953 aliquem
781 1867 929 1946 modum,
959 1887 1023 1951 quo
1038 1868 1141 1954 mul-q
1182 1867 1322 1945 nolebat,
1345 1888 1412 1932 non
1433 1876 1545 1935 tenere
1566 1888 1733 1947 summum
1750 1869 1940 1952 imperium:
1962 1871 2073 1955 itaque
2091 1883 2160 1938 sta·

159 1966 213 2019 tos
234 1974 255 2019 a
277 1953 385 2025 salute
404 1952 566 2019 excludat.
597 1951 782 2034 ‘Quomodo
805 1953 973 2035 usquead
995 1953 1130 2018 millesi-
1182 1953 1285 2033 tuisse
1308 1951 1388 2036 quid
1410 1953 1557 2036 futurum
1579 1962 1681 2028 esset,
1708 1953 1787 2037 quia
1802 1952 1894 2035 ¹nihil
1912 1957 1988 2020 fieri
2006 1961 2081 2037 [pag.
2101 1964 2157 2038 co]

159 2061 249 2105 mam
271 2038 517 2124 generationem
538 2048 649 2121 pateat
659 2038 724 2104 Dei
733 2038 966 2117 misericordia,
989 2044 1063 2118 [pag.
1075 2045 1130 2119 47]
1181 2041 1303 2122 potuit,
1320 2039 1385 2104 nisi
1406 2059 1444 2103 ec
1466 2038 1604 2104 volente.
1655 2036 1701 2121 Si,
1724 2048 1760 2105 tu
1784 2040 1848 2115 hcc
1868 2040 2048 2106 absurdum
2071 2042 2158 2108 iudi·

159 2125 316 2209 quamdiu
338 2138 372 2190 te
393 2123 499 2189 fastus
523 2146 585 2208 quc
612 2134 725 2208 turges
752 2122 934 2204 hebetabit,
961 2146 1144 2210 nunquam.
1182 2148 1252 2203 cas,
1281 2123 1395 2190 ecdem
1417 2137 1528 2190 tamen
1551 2124 1676 2190 recides
1697 2146 1773 2190 cum
1795 2134 1852 2191 tue
1874 2127 2044 2211 figmento:
2079 2131 2159 2212 quia

158 2233 327 2295 agnosces.
388 2210 501 2294 Neque
539 2210 628 2274 enim
660 2211 863 2292 promittitur
899 2210 1130 2285 misericordia,
1181 2210 1300 2276 saltem
1320 2210 1408 2276 malo
1427 2209 1617 2288 remedium,
1637 2210 1723 2293 quod
1744 2211 1780 2276 in
1802 2232 1905 2276 manu
1926 2221 2010 2293 crat,
2038 2213 2157 2290 afferre

157 2318 243 2380 quae
266 2296 537 2374 maledictionem,
559 2316 623 2379 qua
645 2315 837 2378 oppressum
848 2307 898 2361 est
919 2303 1026 2362 totum
1037 2297 1131 2362 Adae
1172 2295 1309 2366 debuit:
1333 2293 1420 2378 quod
1439 2316 1507 2361 non
1528 2297 1643 2362 fecisse
1664 2295 1846 2380 palamest
1880 2297 2053 2364 Praesidit
2063 2300 2158 2365 Deus

158 2404 274 2466 genus,
298 2382 426 2465 penitus
448 2382 585 2460 aboleat,
613 2380 670 2447 sed
692 2401 775 2463 quae
795 2383 957 2463 superatis
980 2374 1129 2462 omnibus
1180 2383 1310 2464 lapsum
1321 2380 1429 2447 Adae:
1453 2402 1552 2465 penes
1569 2383 1679 2464 ipsum
1700 2383 1839 2449 facultas
1856 2394 1928 2449 erat
1945 2383 2154 2467 prohibendi:
2228 2416 2231 2421 ¹

156 2468 346 2546 obstaculis,
368 2467 492 2552 absque
511 2469 576 2532 fine
594 2477 784 2551 perrumpat
801 2467 1144 2551 uqueadindignos.
1180 2468 1294 2538 noluit
1339 2468 1409 2546 Gur
1430 2467 1589 2545 nolucrit,
1617 2466 1682 2532 alia
1704 2488 1772 2532 non
1794 2475 1903 2550 potest
1927 2469 2039 2536 afferri
2056 2472 2155 2551 ratio,

157 2554 217 2620 Sic
244 2554 367 2619 multos
394 2552 547 2620 Abrahae
579 2552 667 2618 filios
695 2553 865 2636 praeteriit
892 2551 999 2631 Deus,
1027 2575 1130 2637 quum
1181 2554 1245 2620 nisi
1267 2554 1345 2636 quia
1365 2552 1428 2618 alic
1450 2550 1605 2619 tendebat
1629 2552 1700 2618 eius
1714 2549 1906 2633 solantes..
1938 2555 1977 2621 Si
1999 2556 2059 2622 tibi
2082 2567 2157 2640 per·

153 2661 267 2705 unum
289 2639 382 2722 Isaac
403 2638 515 2722 elegit:
543 2639 591 2724 sic
611 2660 711 2722 quum
733 2637 799 2704 duo
821 2638 952 2723 gemelli
975 2661 1016 2705 er
1037 2639 1130 2706 Isaac
1181 2639 1286 2704 mittis
1307 2638 1398 2704 litem
1420 2638 1492 2703 Deo
1513 2637 1693 2723 intendere,
1715 2659 1834 2705 accusa
1850 2640 2047 2720 etiamcum,
2069 2642 2158 2726 quod

151 2727 322 2810 progeniti
345 2733 464 2804 essent,
485 2725 574 2789 idem
594 2725 687 2790 Deus
709 2723 852 2791 residere
874 2724 1129 2790 misericordiam
1180 2725 1349 2790 hominem
1369 2724 1519 2807 ingenita
1538 2723 1716 2808 fragilitate
1747 2722 1799 2789 ad‘
1821 2727 1953 2791 minam
1984 2730 2179 2810 aptaverit..

152 2831 254 2876 suam
276 2809 382 2877 voluit
403 2812 439 2876 in
460 2832 526 2883 unc
547 2809 653 2875 Iacob.
697 2808 771 2874 Iam
788 2811 937 2893 quamvis
959 2811 996 2875 in
1018 2811 1130 2876 multis
1181 2809 1275 2876 Dicis
1295 2809 1399 2875 libero
1421 2809 1557 2875 arbitrio
1578 2809 1686 2892 Adam
1709 2809 1873 2877 cecidisse
1918 2810 2070 2896 Excipio:
2104 2814 2157 2880 Ne

150 2899 227 2962 irae
240 2919 320 2962 suae
332 2896 526 2965 documenta
538 2897 781 2973 exseratDeus,
796 2916 912 2963 rerum
924 2891 1130 2962 tamenillud
1181 2895 1322 2973 caderet,
1345 2916 1427 2979 opus
1449 2895 1601 2961 habuisse
1618 2895 1809 2960 fortitudine
1830 2906 1864 2962 ct
1874 2899 2068 2977 constantia,
2090 2921 2157 2983 qua

148 2992 286 3061 manet,
316 3003 517 3066 propensum
545 3003 615 3047 esse
644 2977 687 3047 ad
713 2977 907 3058 bonitatem,
934 2981 1065 3047 tardum
1087 2982 1130 3048 ad
1180 2983 1271 3048 Deus
1294 2981 1414 3048 electos
1435 3002 1513 3047 suos
1534 2981 1685 3054 instruit,
1718 2980 1801 3067 dunt
1821 2982 1894 3046 ruit
1914 2983 2062 3067 integros
2083 3007 2155 3051 scr·

147 3071 260 3147 irim,
289 3067 418 3152 quando
445 3067 677 3135 intolerantia
704 3089 769 3150 qua
796 3067 937 3133 sustinet
962 3068 1142 3152 reprobos,
1180 3090 1270 3135 vare.
1304 3066 1451 3133 Certum
1473 3075 1538 3143 est,
1567 3066 1632 3131 nisi
1659 3066 1802 3153 singulis
1830 3069 2005 3134 momentis
2026 3091 2115 3135 nora
2136 3093 2157 3136 e

146 3177 225 3220 non
248 3154 386 3235 obscura
405 3152 487 3237 reful
512 3155 635 3219 eteius
657 3152 793 3220 bonitas.
1181 3153 1271 3228 coelo
1299 3155 1405 3229 virtus
1426 3160 1644 3237 suggeratur,
1671 3161 1710 3217 ut
1732 3152 1847 3224 snm'us
1873 3153 2004 3233 caduci,
2033 3155 2156 3222 millies

85 3310 95 3319 ,
244 3240 424 3306 anterum
455 3176 531 3316 vide
558 3247 605 3315 ut,
620 3239 757 3304 frivolae
786 3246 864 3304 tuae
892 3238 1075 3322 captiones,
1109 3260 1144 3304 ax
1178 3239 1350 3322 perituros.
1383 3236 1477 3303 Deus
1497 3259 1578 3322 quos
1600 3237 1630 3304 el
1674 3237 1708 3315 ’t,
1730 3236 1855 3326 invicta
1876 3238 2069 3317 fortitudine
2090 3241 2155 3325 iul-

143 3327 280 3410 quibus
302 3347 355 3393 me
376 3324 470 3391 facilc
491 3322 638 3408 expedio,
661 3333 693 3388 te
715 3334 830 3390 contra
850 3322 1037 3408 illaqueent
1083 3321 1129 3392 Ut
1180 3325 1225 3391 cit
1253 3323 1296 3388 ad
1319 3323 1609 3407 perseverantiam.
1631 3259 1742 3387 0zoe.
1762 3322 1851 3389 idem
1878 3345 1939 3399 cur
1966 3325 2059 3392 Adae
2087 3347 2157 3392 non

139 3412 222 3478 Dei
243 3411 466 3476 misericordia
487 3411 571 3475 iram
594 3420 743 3494 superet,
770 3409 820 3476 ris
842 3408 962 3492 plures.
976 3410 1018 3475 ad
1039 3411 1137 3495 salu·¹
1180 3410 1410 3494 praestitisset,
1450 3410 1479 3477 si
1507 3407 1636 3473 volebat
1668 3407 1867 3478 incolumem
1893 3410 2010 3476 stare?¹
2055 3411 2154 3478 Certe

138 3511 224 3563 tem
247 3518 346 3581 quam
368 3495 410 3562 ad
431 3498 601 3562 interitum
630 3496 722 3581 eligi:
752 3496 815 3561 hcc
841 3496 869 3561 si
898 3497 956 3562 tibi
978 3496 1127 3576 concedo,
1182 3494 1477 3561 biccbmutescere.
1490 3499 1562 3573 [pag.
1585 3498 1638 3573 51]
1660 3497 1864 3573 necesseest,
1887 3505 1946 3559 aut
1966 3496 2062 3561 fateri
2079 3519 2172 3563 cum.

137 3581 253 3651 Deus
275 3594 385 3648 tamen
407 3583 519 3665 paucis
538 3581 604 3647 illis
625 3583 756 3665 iniquus
778 3583 849 3657 erit,
873 3582 902 3647 si
920 3583 984 3648 tuis
1006 3583 1129 3648 calum·
1181 3581 1373 3669 Solomone,
1402 3582 1512 3645 Deum
1541 3580 1652 3645 omnia
1679 3600 1791 3660 creare
1810 3591 1959 3667 propter¹
1981 3603 2017 3662 se
2031 3583 2154 3665 ipsum

135 3672 223 3735 niis
245 3667 398 3736 creditur.
443 3668 516 3752 Nisi
535 3665 610 3748 [pag.
630 3674 683 3747 48]
706 3667 812 3748 foetus
830 3690 910 3734 suos
932 3678 1029 3747 amet,
1051 3669 1129 3753 lupo
1181 3666 1441 3750 etiamimpium
1462 3665 1504 3730 ad
1532 3664 1619 3730 diem
1636 3665 1738 3731 exitii
1765 3665 1881 3746 (Prcv.
1903 3671 1951 3746 16,
1970 3668 2015 3750 t).
2058 3665 2099 3735 si
2121 3681 2155 3736 te

136 3757 361 3821 deteriorem.
376 3775 447 3821 esse
459 3753 663 3837 pronuncias.
697 3750 750 3820 Sit
767 3774 852 3820 unus
874 3752 1035 3833 duntaxat
1052 3777 1131 3839 erga
1182 3752 1319 3822 offendit
1340 3751 1534 3836 absurditas,
1560 3751 1668 3835 cogita
1689 3773 1754 3821 non
1776 3752 1900 3817 frustra
1920 3754 2016 3819 toties
2038 3760 2153 3838 repeti,

135 3862 258 3925 quem
280 3849 431 3907 exerceat
451 3839 536 3905 iram
559 3845 669 3916 suam,
698 3839 859 3922 quomodo
880 3842 1036 3919 saevitim
1058 3843 1129 3907 cri·
1181 3839 1302 3906 iudicia
1328 3838 1392 3904 Dei
1420 3835 1615 3922 profundam
1642 3857 1714 3902 csse
1747 3835 1913 3922 abyssum.
1963 3837 2002 3904 si
2030 3839 2158 3907 incom-

134 3946 235 3993 1nen
265 3924 374 3990 eluet?
432 3925 501 3996 Nec
533 3935 583 3989 cst
612 3923 699 4008 quod
725 3925 883 4008 excipias,
917 3947 1032 3992 causas
1061 3927 1130 3994 irae
1204 3925 1401 3991 rehensibile
1421 3923 1487 3988 Dei
1507 3921 1678 3991 consilium
1696 3923 1806 3990 metiri
1822 3944 1938 3989 sensus
1960 3925 2064 3990 nostri
2083 3947 2156 3991 mo·

133 4033 230 4079 ‹ssse
252 4012 289 4076 in
310 4012 390 4094 ipsis
411 4010 615 4076 hominibus:
644 4011 720 4093 quia
749 4010 833 4075 iram
855 4033 930 4076 cum
948 4013 1129 4083 misericor·
1181 3947 1259 4076 dulc
1280 4011 1403 4088 liceret,
1423 4010 1546 4074 frustra
1567 4006 1704 4072 dixisset
1713 4007 1826 4074 Moses
1848 4010 2010 4092 patefacta
2030 4032 2102 4078 csse
2118 4014 2157 4096 in,

131 4100 212 4165 (lia
235 4097 415 4175 conferens,
437 4106 566 4162 tantum
589 4096 629 4159 de
646 4095 873 4178 magnitudine
892 4096 1069 4179 contendis,
1092 4118 1131 4164 ac
1182 4097 1255 4181 lege
1282 4117 1364 4179 quae
1391 4117 1410 4159 a
1438 4094 1532 4160 nobis
1565 4107 1599 4158 et
1625 4092 1701 4163 filiis
1728 4095 1849 4160 nostris
1876 4093 2031 4161 discenda
2057 4106 2154 4164 sunt:

132 4188 181 4251 si
205 4184 323 4269 plures
345 4181 386 4246 ad
408 4184 548 4248 salutem
579 4179 730 4266 eligendo
764 4182 919 4264 probaret
945 4205 980 4248 se
1002 4185 1130 4253 miseri-
1183 4203 1314 4249 manere
1336 4189 1446 4256 autem
1468 4179 1540 4244 Dec
1562 4200 1622 4244 sua
1643 4199 1770 4246 arcana
1804 4181 1942 4246 uocum
1963 4181 2059 4248 citari
2080 4205 2155 4266 pos-

127 4269 292 4347 ‹sordem
314 4290 392 4333 esse.
437 4269 540 4351 Atqui
561 4268 657 4351 longe
676 4266 770 4332 aliter
791 4266 933 4351 gratiam
954 4289 1050 4333 suam
1072 4292 1131 4335 nc*
1183 4267 1270 4334 tulas
1291 4287 1354 4352 quo
1377 4260 1511 4350 probem
1533 4263 1660 4344 Deum,¹
1675 4266 1753 4348 quia
1773 4265 1925 4354 noluerit,
1954 4284 2020 4332 non
2041 4269 2155 4351 prohi-

127 4351 206 4424 lsis
231 4353 448 4432 commendat,
469 4374 586 4437 nempe
608 4352 688 4418 dum
711 4361 758 4418 tot
775 4363 914 4435 ‘tamque
937 4355 1036 4420 variis
1056 4377 1131 4439 pec-
1183 4354 1293 4419 buisse
1315 4351 1408 4419 Adae
1429 4352 1568 4434 lapsum.
1603 4348 1706 4431 Quasi
1727 4371 1807 4415 vero
1828 4349 1870 4416 ad
1892 4347 1925 4416 id
1947 4352 2154 4437 probandum

124 4441 241 4509 tatis
263 4442 443 4523 ignoscens,
465 4449 570 4506 certat
591 4461 667 4505 cum
689 4437 1040 4505 obstinata.hominum
1061 4463 1132 4508 ma-
1183 4462 1251 4505 ncn
1271 4440 1412 4505 sufficiat
1434 4434 1644 4505 memorabile
1671 4435 1752 4501 illud
1775 4458 1981 4520 responsum:
2015 4434 2169 4504 Misere·

127 4518 238 4606 litia,
262 4525 465 4608 usquedum
487 4525 527 4590 ad
550 4524 722 4592 cumulum
739 4525 918 4607 perveniet
1184 4527 1243 4591 bor
1264 4526 1356 4593 cuius
1379 4523 1570 4595 miserebor:
1593 4521 1681 4586 unde
1703 4519 1830 4606 colligit
1849 4516 1974 4599 Paulus
1995 4545 2060 4588 non
2082 4543 2153 4592 om·

1184 4611 1276 4676 nium
1297 4610 1460 4686 misereri,
1487 4609 1564 4691 quia
1586 4628 1652 4672 non
1674 4606 1748 4671 sult
1764 4605 1885 4693 (Exod.
1904 4613 1954 4685 33,
1981 4614 2033 4686 19;
2054 4609 2152 4674 Rom.

622 4659 668 4727 Π·
1184 4701 1299 4781 9,15).
1332 4696 1379 4760 Et
1400 4703 1497 4771 certe,
1519 4705 1557 4758 ut
1577 4692 1687 4758 nullus
1705 4692 1839 4759 accedat
1855 4695 2027 4777 interpres,
2051 4687 2154 4773 rerba

218 4783 288 4861 ΥΙιι
310 4782 453 4847 secundo
475 4781 611 4848 articulo
640 4780 728 4846 idem
755 4802 789 4861 es
813 4779 869 4863 qui
891 4802 1005 4865 nuper.
1049 4784 1132 4849 Pro·
1183 4783 1270 4848 clare
1303 4789 1436 4866 sonant,
1471 4800 1539 4844 non
1570 4779 1731 4863 obstringi
1757 4780 1868 4846 Deum
1894 4779 1964 4845 ulla
1995 4779 2080 4863 lege,
2104 4790 2154 4845 =nt

127 4874 205 4939 ser
229 4870 402 4934 locum'ex
425 4867 657 4951 scriptismeis,
680 4867 736 4932 ubi
756 4866 888 4931 doceam
900 4865 1011 4951 lapsus
1033 4891 1133 4935 causa
1182 4865 1405 4954 misericordia
1425 4886 1545 4930 omncs.
1558 4865 1742 4948 promiscue
1764 4861 1932 4947 dignetur:
1963 4864 2020 4930 sed
2042 4866 2160 4948 ipsum

121 4956 363 5043 propositum
383 4955 485 5021 fuisse
506 4974 638 5037 pomum
660 4951 762 5017 Adae.
812 4953 905 5017 Haec
931 4961 982 5018 cst
1008 4954 1133 5021 scilicet
1180 4954 1242 5025 sibi
1264 4973 1335 5019 esse
1356 4950 1526 5027 arbitrum,
1548 4959 1587 5016 ut
1607 4951 1739 5017 veniam
1755 4950 1947 5032 impertiens
1968 4949 2085 5032 quibus
2100 4952 2153 5016 ri·

122 5047 215 5110 tna
236 5040 451 5125 popularitas,
473 5038 651 5105 mendaciis
672 5038 884 5104 obtenebrare
904 5046 1030 5105 mentes
1052 5040 1130 5104 sim·
1172 5037 1254 5105 ‘sum
1286 5048 1351 5116 est,
1384 5037 1464 5103 alios
1491 5038 1628 5103 omittat
1745 5041 1826 5113 .52]
1848 5034 1921 5099 Iam
1949 5046 2037 5100 certe
2063 5035 2177 5111 idem,

128 5128 304 5214 plinium,
337 5148 380 5191 ne
402 5126 443 5191 ad
463 5127 652 5202 veritatem,
675 5143 757 5207 quac
779 5139 905 5193 remota
928 5137 978 5190 est
999 5146 1019 5190 a
1041 5145 1129 5190 com·
1180 5133 1259 5191 tunc
1281 5132 1351 5189 erat
1372 5123 1465 5190 Deus
1486 5144 1585 5206 quem
1606 5144 1686 5205 prop
1711 5129 1766 5185 eta
1785 5121 1911 5274 asseritl
1925 5120 2031 5186 facere
2051 5141 2173 5211 quae-⁴

1911 5220 1948 5275 θ’
