4620 5828
223 221 283 282 aa
944 253 947 260 .
1089 198 1351 269 ansrousro

224 402 367 476 shnans,
396 398 481 463 Mosi
516 398 646 462 dixerit:
681 394 862 461 Miserebor
888 394 980 459 euius
1008 390 1194 467 miserebor,
1702 389 1760 445 1111.

223 494 258 552 et
278 483 531 550 misericordiam
552 481 731 567 praestabo,
754 481 807 546 oui
824 477 1081 560 misericordiam
1102 496 1196 558 prae·
1288 514 1292 528 ·
1473 562 1474 566 Ἰ
1626 474 1857 567 musaeus

223 572 348 637 atitaro.
402 570 489 634 Nam
525 569 699 634 discrimen
738 587 833 630 omne
865 567 901 629 in
937 562 1110 630 servandis
1141 560 1196 627 vel
2017 614 2022 623 .

223 654 396 742 perdendis
422 653 618 719 hominibus·
635 653 676 717 ad
703 653 875 716 arbitrium
902 671 999 714 suum
1029 668 1195 723 revoeans,
1337 647 1464 729 Quam,
1486 648 1861 728 sauromatarum
1882 655 1927 715 est
1947 648 2026 716 mitt·
2052 672 2141 717 omno
2167 653 2225 718 do-

223 764 267 808 se,
280 763 344 806 non
368 742 517 806 omnibus
538 742 689 822 spiritum
711 739 953 819 resipiscentiae
983 734 1060 799 dare
1087 746 1196 800 osten·
1247 737 1380 799 mistiam
1401 735 1474 800 todi
1495 740 1523 799 et
1543 735 1666 799 terroe?
1708 736 1786 816 Quia
1813 737 1897 800 eumn
1923 736 2007 801 aede
2037 737 2092 802 ei?
2121 739 2153 802 ai
2177 743 2227 803 est

224 828 282 893 dit
333 826 461 907 Quaero
494 826 606 900 etiam,
647 823 806 907 quomodo
838 823 1073 905 poenitentiam
1104 821 1197 885 Dens
1245 821 1336 903 filias
1368 821 1430 887 Dei
1469 826 1497 885 et
1526 821 1629 898 Deua,
1662 826 1698 884 at
1725 841 1778 886 voa
1811 821 1925 898 diuitis,
1958 843 2019 887 non
2045 829 2114 888 erat
2142 844 2243 905 opas-

224 914 286 980 sibi
308 912 440 989 tribuat,
464 912 555 994 quasi
578 910 753 987 mutabilis,
784 909 837 974 vel
866 930 980 992 parum
1009 906 1194 989 providens.
1247 909 1332 973 dorm
1379 906 1490 971 Nonne
1511 907 1594 970 euim
1615 913 1695 972 totus
1715 908 1852 972 amasus
1872 908 1962 973 iilius
1982 908 2049 972 eat?

225 999 314 1081 Quid
336 999 423 1063 enim
444 999 549 1081 fugiet
570 1018 680 1061 eorum
704 996 912 1078 proterviam,
942 994 1019 1057 dum
1043 993 1104 1056 sibi
1126 1002 1195 1057 tam

223 1085 390 1151 lieentiose
414 1084 477 1148 Dei
499 1082 664 1167 mysteriis
687 1082 873 1163 obstrepere
896 1078 1112 1162 permittunt?
1822 1143 1824 1147 ¹

310 1168 437 1235 Salutio
469 1168 566 1235 huius
593 1167 791 1249 quaestionis
818 1186 859 1231 er
888 1165 1044 1247 principio
1066 1164 1197 1230 Iudaeis
1612 1163 1854 1232 GALVINUS.

224 1257 391 1339 incognito
413 1254 542 1337 pendet,
565 1255 641 1335 quia
662 1254 805 1336 percussi
828 1262 905 1316 sunt
923 1252 1040 1333 spiritu
1064 1251 1196 1333 vertigi·
1816 1253 1818 1257 ‘

225 1344 276 1407 nis
304 1352 343 1406 -et
375 1342 545 1404 amentiae.
601 1338 698 1419 Quod
734 1339 887 1402 Christus
920 1335 1006 1401 idem
1039 1345 1091 1400 est
1121 1356 1195 1400 enm
1335 1334 1472 1416 Quaere,
1496 1335 1656 1418 quomodo
1679 1335 1805 1401 ditatur
1829 1336 1967 1419 populus
1989 1336 2092 1402 Israel
2120 1337 2225 1404 fuisse

224 1438 317 1512 patra
345 1428 450 1502 Deus,
485 1446 552 1490 non
584 1425 691 1489 obstat
722 1444 785 1506 quo
819 1423 930 1487 minus
962 1423 1060 1486 homo
1093 1422 1196 1485 fautus
1247 1421 1311 1486 Dei
1339 1422 1559 1500 sanetifioatio,
1588 1421 1666 1485 dum
1693 1443 1734 1485 ex
1765 1424 1913 1506 Aegypta
1942 1422 2133 1506 redemptus
2163 1432 2224 1502 est,

225 1513 389 1577 humanos
411 1512 545 1576 effeetus
567 1510 753 1592 suseeperit
798 1507 964 1573 Distineta
985 1528 1063 1592 ergo
1086 1509 1115 1571 ei
1136 1508 1198 1571 fuit
1248 1510 1275 1573 si
1297 1507 1361 1571 Dei
1383 1508 1540 1572 sanetitaa
1566 1528 1670 1588 neque
1699 1518 1869 1572 mutuatur
1894 1506 2069 1590 quidquam
2098 1508 2141 1573 ab
2165 1509 2225 1574 ho·.

226 1621 247 1664 a
268 1607 362 1680 patre
383 1597 544 1671 voluntas,
567 1597 645 1678 quia
666 1595 748 1660 nihil
772 1617 791 1659 a
814 1616 849 1659 se
874 1595 1017 1658 alienum
1045 1614 1116 1658 esse
1140 1615 1196 1658 vo·
1247 1594 1403 1671 minibus,
1436 1613 1542 1676 neque
1570 1592 1623 1657 vel
1650 1593 1844 1676 principium
1881 1593 1934 1657 vel
1967 1595 2066 1658 finem
2101 1594 2225 1660 habet?

225 1684 297 1761 luit,
320 1683 406 1766 quod
427 1693 513 1747 esset
534 1683 676 1748 hominis
704 1682 879 1764 proprium.
924 1679 964 1744 In
988 1679 1094 1742 Deum
1119 1699 1196 1743 vero
1248 1679 1379 1760 Quaere
1399 1679 1509 1756 etiam,
1530 1700 1587 1743 our
1609 1680 1709 1756 Deus,
1737 1681 1771 1743 in
1795 1681 1888 1744 ouius
1909 1698 2009 1744 manu
2030 1689 2080 1744 est
2110 1701 2224 1747 rerum

226 1789 293 1834 non
325 1769 410 1834 eadit
437 1768 490 1832 vel
525 1789 607 1850 spos,
638 1767 690 1832 vel
716 1778 832 1842 motus,
862 1766 913 1831 voi
941 1764 1114 1848 gaudium,
1144 1765 1196 1829 vel
1248 1765 1394 1829 omnium
1418 1765 1518 1847 eopia,
1542 1764 1661 1830 dieitur
1683 1767 1843 1847 aooepisse
1863 1764 1949 1829 dona
1969 1765 2010 1829 ab
2034 1765 2224 1833 hominibus

226 1856 368 1919 tristitia
391 1855 541 1936 Denique
564 1854 627 1917 nisi
649 1864 746 1934 eaput
766 1852 828 1917 hoo
850 1852 926 1916 fidei
947 1861 1078 1914 nostrae
1102 1872 1196 1915 ever·
1248 1851 1384 1916 devietis
1395 1872 1431 1917 ao
1443 1854 1517 1915 sisa
1531 1851 1673 1916 hostium
1691 1850 1801 1933 spoliis
1813 1850 1949 1915 ditasset
1959 1851 2062 1934 (Psah
2077 1857 2128 1930 68,
2146 1852 2223 1931 1911

226 1949 308 2019 tant,
329 1939 496 2005 Christum
520 1960 590 2004 esso
611 1940 720 2003 Deum
749 1948 781 2002 et
809 1939 984 2012 hominem,
1013 1939 1135 2001 frustra
1163 1945 1197 2001 et
1248 1936 1381 2017 Quaere
1397 1937 1485 2014 item,
1509 1936 1668 2020 quomodo
1685 1938 1718 2000 in
1736 1936 1868 2001 Psalmo
1879 1938 1946 2019 (15,
1965 1936 2007 2086 δὲ
2023 1958 2081 2002 rex
2094 1937 2224 2004 ditatur

226 2024 325 2092 stulte
346 2026 386 2090 de
408 2026 576 2089 voluntate
598 2024 718 2107 duplioi
741 2022 951 2088 oontendunt.
1248 2031 1367 2088 unotus
1382 2024 1480 2088 fuisse
1493 2023 1562 2087 oleo
1580 2022 1722 2087 laetitiae
1745 2042 1823 2104 prae
1843 2025 1984 2089 oonaorti
2007 2046 2044 2089 us
2063 2026 2143 2102 suis,
2169 2026 2223 2107 qui

1248 2117 1360 2259 111ιέθῖ
1380 2108 1500 2173 ibidem
1522 2118 1658 2174 venatur
1679 2108 1825 2177 Elohim.
1853 2110 1964 2193 quiin
1989 2110 2070 2174 solio
2090 2122 2224 2176 aeterno

1249 2215 1283 2259 se
1307 2204 1340 2258 et
1409 2245 1413 2254 .

677 2281 751 2335 xlx.
1334 2278 1433 2345 Certe
1454 2281 1517 2345 nisi
1540 2280 1691 2345 Christus
1712 2301 1788 2345 eum
1815 2282 1955 2347 hominis
1983 2301 2125 2364 persona
2154 2284 2222 2347 ino-

606 2366 820 2434 IUDAEUS.
1249 2366 1336 2451 piam
1358 2377 1502 2431 nostram
1525 2366 1578 2431 vel
1596 2367 1775 2431 nuditatem
1793 2367 1827 2431 in
1840 2368 2088 2449 assumpsisset,
2110 2389 2224 2450 super·

1251 2472 1354 2517 vaona
1371 2462 1456 2516 esset
1477 2452 1541 2517 ista
1559 2452 1697 2528 donatio,
1721 2452 1761 2517 de
1783 2474 1847 2535 qua
1866 2453 2023 2535 loquitur.
2055 2453 2126 2519 Neo
2149 2475 2224 2518 vero

318 2538 450 2620 Quare:
474 2536 512 2601 Si
532 2536 586 2602 tue
605 2539 668 2621 fuit
676 2538 771 2617 Deus,
793 2559 891 2620 quare
910 2538 986 2603 dum
1007 2542 1110 2602 oraret
1118 2536 1201 2600 stat
1251 2538 1381 2603 deitatis
1401 2557 1479 2602 suae
1500 2538 1621 2603 intuitu
1642 2540 1826 2621 precarium
1849 2561 1884 2604 sa
1907 2539 2080 2622 imperium
2103 2539 2223 2604 habere

222 2626 314 2707 patri
334 2644 399 2701 suo,
420 2627 456 2686 ut
474 2622 589 2704 formet
609 2625 793 2689 voluntatem
813 2623 929 2688 suum?
960 2623 1045 2688 Hirro
1068 2626 1200 2704 apparet
1252 2623 1330 2689 dioit
1362 2622 1528 2687 Christus:
1561 2623 1618 2689 sad
1651 2623 1816 2706 praedicat
1854 2645 1917 2707 qua
1954 2625 2081 2706 imperii
2122 2623 2224 2708 gloria

228 2709 312 2793 quod
331 2729 394 2774 noa
413 2707 535 2774 baberet
550 2710 722 2790 potamium
743 2711 778 2773 in
798 2730 896 2774 mona
922 2730 992 2787 aaa,
1019 2729 1084 2790 qua
1110 2707 1200 2789 quid
1253 2718 1386 2774 ornatus
1407 2709 1504 2774 fuerit
1523 2709 1701 2774 seeundum
1720 2710 1894 2789 hominem,
1918 2712 2002 2776 sieut
2018 2710 2108 2777 abbi:
2133 2720 2224 2794 pater

228 2815 323 2878 quom
340 2799 445 2876 posset
464 2795 580 2875 faeere:
608 2796 662 2860 aad
682 2800 803 2860 tontum
821 2795 956 2877 faciebat
981 2814 1020 2859 ea
1048 2793 1201 2859 voluntate
1253 2795 1400 2880 glorifioa
1421 2794 1525 2859 filium
1546 2795 1650 2879 gloria
1673 2816 1770 2879 qnam
1792 2796 1879 2880 apud
1908 2807 1940 2861 te
1966 2797 2108 2861 obtinuit
2134 2807 2224 2861 ante·

225 2883 332 2963 putria
355 2881 417 2958 sut,
439 2900 500 2945 aen
521 2886 624 2945 autem
645 2902 683 2946 ex
698 2883 838 2961 potentio
861 2901 928 2946 auo.
1253 2902 1349 2964 quam
1379 2890 1508 2945 oreatus
1535 2889 1620 2945 esset
1644 2880 1786 2946 mundus
1807 2883 1937 2965 (Ioann.
1964 2886 2011 2960 11,
2031 2881 2079 2967 5);
2109 2881 2224 2964 quibus

1254 2967 1363 3032 verbis
1384 2968 1463 3031 satis
1481 2987 1643 3049 superque
1661 2965 1797 3031 diluitur
1814 2967 1965 3050 putidum
1982 2967 2043 3035 hoo
2055 2967 2225 3034 oavillum:

1254 3054 1330 3135 quia
1356 3052 1502 3136 gloriam,
1530 3073 1613 3135 quae
1636 3054 1727 3135 prins
1755 3053 1945 3120 absoondita
1971 3054 2032 3119 fuit
2058 3052 2100 3117 ab
2127 3053 2226 3119 oeulis

594 3137 837 3205 GALVINUS.
1254 3139 1432 3217 hominum,
1456 3138 1608 3205 mannate
1625 3139 1708 3222 petit
1728 3138 1764 3203 in
1785 3161 1883 3206 earne
1901 3140 2055 3222 patefieri.
2102 3138 2225 3204 Eodem

1253 3224 1500 3307 quoquomodo
1521 3224 1646 3290 Paulus
1668 3227 1787 3307 optime
1813 3224 1992 3310 distinguit,
2020 3224 2099 3308 quia
2122 3246 2157 3290 se
2178 3226 2226 3305 ip·

257 3350 262 3359 -
317 3307 456 3390 Quaere,
479 3330 578 3392 quum
597 3310 734 3394 angelus
751 3310 808 3393 qui
825 3310 1044 3376 adAbraham
1068 3322 1100 3375 ot
1113 3309 1201 3375 Loth
1254 3332 1326 3375 sum
1357 3309 1551 3389 exinanivit,
1580 3310 1693 3375 datum
1726 3313 1754 3376 ei
1782 3312 2028 3377 fuisse-nomen
2057 3308 2146 3394 quod
2178 3317 2226 3374 est

231 3394 413 3470 deseendit,
447 3414 482 3459 se
514 3395 612 3459 faeiat
639 3394 778 3461 iudicem
805 3393 983 3475 Sodomae,
1009 3416 1201 3479 omnemque
1253 3417 1351 3479 super
1384 3416 1479 3460 omne
1511 3417 1646 3474 nomon,
1679 3405 1717 3462 ut
1749 3417 1858 3463 eoram
1882 3419 1921 3462 eo
1949 3399 2101 3463 flaotatur
2133 3415 2226 3461 omne

231 3481 296 3546 Dei
315 3480 497 3563 potentiam
518 3480 580 3546 sibi
597 3481 760 3554 venditet:
779 3481 877 3564 paulo
894 3490 966 3564 post
978 3491 1086 3547 tamen
1103 3490 1203 3567 neget
1254 3503 1341 3566 genu
1366 3481 1467 3564 (Phil.
1487 3486 1515 3560 2,
1536 3487 1553 3544 7
1572 3482 1663 3567 sqq).

232 3587 268 3631 se
290 3564 464 3649 quidquam
486 3586 581 3648 posse
601 3568 715 3644 faeere,
739 3567 839 3632 donee
858 3568 949 3632 Loth
970 3569 1071 3632 fuerit
1093 3589 1200 3652 egres·

232 3672 298 3730 sus,
319 3672 361 3715 an
381 3652 521 3716 hominis
544 3652 678 3717 arbitrio
700 3652 834 3736 alligata
856 3663 926 3717 erat
946 3655 1050 3720 virtus
1074 3652 1147 3733 Dei,
1170 3662 1204 3718 et

231 3736 352 3820 ligatae
374 3738 443 3802 eius
464 3758 581 3803 manus
604 3738 705 3802 donee
729 3739 874 3803 mortalia
901 3739 997 3803 homo
1024 3739 1202 3805 annueret?
1703 3740 1777 3796 XXI·

319 3822 384 3887 Hio
404 3843 484 3888 vero
506 3824 588 3888 nihil
610 3825 703 3889 nobis
726 3824 890 3890 obiectant
906 3825 991 3908 quod
1015 3847 1079 3889 non
1102 3826 1203 3889 intre·
1363 3872 1368 3881 .
1496 3859 1497 3867 1
1632 3824 1847 3894 mutuus.
1892 3876 1893 3879 κ

233 3904 309 3991 pide
338 3907 502 3989 apostolus
530 3910 709 3991 praeditat,
744 3909 915 3975 Christum
944 3933 985 3976 ex
1012 3911 1204 3976 infirmitate

234 3993 342 4059 earnis
364 4000 530 4057 mortuum
548 4017 626 4072 ease,
651 3996 706 4079 qni
725 3997 905 4060 resurrexit
921 3997 1091 4063 invirtute
1110 3997 1204 4080 spiri·
1345 3995 1476 4076 Quaere:
1513 3998 1775 4079 Quemadmodum
1808 4019 1881 4064 aare
1913 4002 1941 4063 'et
1972 4000 2109 4080 spirito
2136 3996 2302 4064 simut

235 4086 288 4144 tua
310 4075 355 4162 (1.
374 4077 445 4143 Pet
465 4083 495 4156 3,
519 4081 577 4157 18).
611 4081 652 4145 In
674 4081 809 4147 Christo
831 4103 902 4147 sem
924 4103 960 4147 er
981 4084 1075 4149 nobis
1095 4082 1205 4149 obser·
1256 4086 1329 4148 sum
1356 4083 1457 4161 homo,
1484 4085 1530 4148 aio
1560 4086 1727 4150 amandam
1754 4085 1846 4150 verbo
1881 4090 1985 4150 oestro
2017 4085 2172 4150 diviuitas
2203 4088 2302 4147 eh

234 4161 388 4262 vandum·
401 4171 451 4227 est
471 4166 657 4232 mediatoris
678 4190 807 4245 munus,
830 4105 923 4250 quod>
942 4177 1109 4251 praestare
1138 4191 1206 4234 non
1256 4168 1436 4234 mmmmm
1460 4170 1556 4234 mmai
1582 4177 1656 4235 aaut
1677 4169 1824 4236 Messius.
1871 4171 1958 4251 Quod
1983 4173 2017 4237 ai
2041 4191 2151 4235 omum
2178 4172 2302 4234 esffl

234 4256 343 4334 potuit
363 4270 434 4314 sine
455 4250 614 4332 obsequio,
636 4255 732 4318 siouti
754 4275 814 4320 neo
836 4252 990 4336 obsequio
1015 4257 1123 4338 potuit
1150 4255 1205 4320 de·
1257 4275 1352 4337 quum
1379 4259 1425 4320 eat
1450 4257 1549 4322 omisa
1576 4256 1764 4335 humanitus,
1792 4257 1892 4322 omisa
1917 4263 1963 4322 est
1989 4258 2101 4323 detur.
2153 4253 2302 4322 disi-31¹

233 4336 338 4419 fungi,
361 4335 441 4417 quin
462 4356 498 4399 ae
520 4336 714 4404 humiliaret.
747 4339 901 4405 Christus
925 4341 1206 4425 ergosecundum
1258 4341 1341 4406 enim
1362 4340 1445 4419 aas,
1467 4342 1636 4409 reundum
1659 4342 1753 4408 verba
1779 4347 1890 4421 oestro,
1911 4342 2003 4409 Deras
2024 4350 2052 4408 et
2080 4343 2176 4421 homo,
2201 4343 2302 4405 e-J

234 4422 402 4486 bominem
435 4441 502 4486 non
534 4423 629 4487 modo
661 4425 812 4490 infirmus
845 4446 916 4491 esse
948 4428 1115 4504 sustinuit,
1148 4428 1205 4492 aad
1258 4428 1376 4492 amisus
1403 4431 1454 4492 ee.
1499 4427 1586 4514 Erqo
1611 4429 1710 4494 omisa
1742 4434 1787 4495 eat
1812 4429 1883 4494 etur
1906 4430 2016 4494 dedus.
2062 4427 2102 4494 Si
2127 4435 2292 4493 maa-nr

235 4514 404 4590 assumpta
425 4506 514 4571 servi
530 4509 636 4577 forma
653 4511 833 4576 exinanivit
851 4532 887 4576 se
904 4511 1021 4594 ipsum,
1044 4534 1109 4577 non
1122 4512 1206 4596 quod
1258 4513 1358 4578 omisa
1379 4513 1514 4578 atreus
1535 4514 1644 4592 deitas,
1667 4517 1697 4581 is
1717 4536 1779 4580 eoo
1792 4516 1867 4597 suit
1890 4514 1986 4580 Dorta.
2033 4514 2120 4582 Nom
2141 4515 2286 4584 Dm

234 4613 276 4658 ex
307 4600 441 4658 aeterna
473 4592 546 4658 eius
578 4594 701 4660 virtuts
732 4596 908 4681 quidquam
933 4598 1131 4676 decesserit,=
1152 4599 1206 4665 vel
1258 4618 1319 4663 aon
1339 4600 1495 4665 omtdittm

234 4678 334 4744 fuerit
365 4680 589 4757 imminutum,
619 4682 676 4745 aad
707 4684 783 4765 quia
815 4685 957 4766 quietam
987 4705 1022 4751 so
1049 4686 1208 4751 eontinuit
1316 4712 1318 4716 ’

235 4764 305 4829 aius
338 4763 501 4843 divinitas,
536 4764 638 4831 donee
670 4768 704 4831 in
726 4767 879 4834 'hominis
912 4790 1050 4852 persona
1076 4771 1206 4855 plenam

235 4846 453 4915 obedientiam
477 4853 562 4934 patri
587 4871 646 4916 sno
674 4861 863 4935 praestaret
908 4855 980 4922 Hoo
1007 4857 1103 4922 modo
1131 4878 1207 4922 oon·
1621 4858 1865 4929 OALVINUS.

235 4934 376 5001 veniunt
398 4933 480 5000 duaa
502 4937 584 5002 istae
606 4939 802 5005 sententiae:
831 4941 904 5024 Ego
925 4963 946 5006 a
966 4964 1019 5007 me
1038 4943 1109 5026 ipso
1138 4943 1207 5008 ani·

236 5039 326 5084 mam
347 5041 455 5086 meam
476 5043 560 5105 pono
577 5031 612 5087 et
627 5025 746 5088 iterum
758 5045 884 5089 sumam
896 5049 977 5106 eam,
1001 5029 1093 5094 item:
1116 5036 1209 5112 pater
1344 5030 1484 5114 Quaere,
1505 5050 1605 5113 quum
1628 5035 1748 5098 mortui
1770 5025 1836 5100 sint
1857 5045 1969 5101 omnes
1988 5037 2091 5100 saneti
2106 5042 2218 5116 patres,

238 5104 383 5189 glorifioa
409 5107 515 5172 filium
542 5117 634 5174 tuum
662 5110 791 5196 (Ioann.
815 5115 862 5189 10,
884 5116 937 5190 11;
960 5113 1073 5179 Ioaun
1097 5119 1143 5194 17,
1166 5115 1207 5198 1).
1259 5137 1301 5183 an
1323 5116 1458 5184 oredant
1478 5135 1592 5182 eorum
1611 5120 1741 5186 ‚animas
1764 5141 1831 5185 una
1857 5139 1934 5188 oum
1958 5119 2137 5204 corporibus
2167 5138 2212 5184 er·
