4748 5798
924 155 1115 225 CHRISTI
1135 156 1186 223 IN
1205 155 1371 223 00st
2085 164 2148 227 4⁷4

142 344 286 428 aperiat.
331 344 460 429 Purgat
481 367 516 412 se
538 354 571 412 et
591 345 694 430 partis
715 366 793 412 suae
821 345 981 423 ecelesias,
1004 344 1123 429 quibus
1174 342 1228 409 Ab
1247 343 1309 410 hac
1330 343 1513 428 suspicione
1533 366 1595 430 quo
1618 366 1652 411 se
1674 351 1802 430 pnrget,
1826 345 1905 411 dicit
1925 367 1991 412 non
2017 355 2149 415 tantum

153 450 298 497 errorem
317 429 357 496 de
378 431 742 498 transsubstantiatione
760 452 780 497 a
801 431 894 497 nobis
915 431 1009 497 obiici
1030 452 1122 496 men·
1173 429 1313 513 proprio,
1337 451 1413 496 vere
1431 438 1465 495 et
1486 431 1627 508 realiter,
1647 431 1813 497 sedetiam
1831 431 2006 512 definitive,
2051 455 2148 500 anem

153 516 243 582 titur.
287 515 402 599 Neque
428 518 518 582 euim
545 517 574 582 si
604 517 710 583 multa
738 524 819 583 sunt
844 517 909 582 illis
937 517 1123 583 communia
1173 534 1244 580 esse
1266 537 1391 599 corpus.
1420 513 1459 581 si
1486 514 1709 601 respondeam,
1736 539 1789 582 me
1816 517 1930 582 mirari
1961 518 2014 600 qui
2067 519 2148 587 baeu
2184 575 2188 584 .

153 622 227 669 oum
248 602 401 686 papistis,
429 601 502 669 ideo
529 603 600 669 sine
627 604 816 687 exceptione
843 602 941 668 simul
968 612 1122 685 utrosque
1173 600 1350 667 sibivelint
1362 603 1543 686 pugnantia
1563 603 1649 668 inter
1671 623 1705 668 sa
1726 610 1886 686 portenta,
1898 603 2050 689 clypeam
2067 605 2147 670 Aia·

152 687 335 753 miscemus.
374 685 463 768 Quin
486 689 595 772 potius
615 688 743 773 pridem
762 687 903 754 ostendi:
925 689 1069 772 papistas
1085 688 1122 752 in
1173 687 1233 764 oie,
1261 687 1315 753 cui
1335 688 1402 752 iam
1424 685 1500 751 boni
1528 687 1576 752 illi
1597 689 1741 770 Luperci
1763 687 1890 754 sodales
1922 688 2147 770 assueverunt,

153 773 221 838 suis
240 772 364 838 deliriis
385 772 551 857 aliquanto
572 795 642 840 esso
663 773 873 840 modestiores
894 781 927 839 et
947 775 1052 857 magis
1070 794 1121 837 so·
1172 782 1321 854 opponet,
1343 773 1502 838 rationem
1519 795 1589 839 esso
1606 772 1681 839 fidei
1703 774 1877 840 inimicam.
1900 774 1942 839 In
1965 795 2029 857 quo
2054 775 2148 842 facile

153 856 248 924 brios.
298 857 388 940 Quid
418 867 528 925 autem
555 859 645 943 ipse?
700 859 789 942 Quia
817 859 914 925 verba
940 861 1121 942 iunguntur
1172 858 1342 937 assentior,
1361 859 1389 924 si
1411 858 1481 942 ipse
1503 857 1625 924 animal
1653 866 1705 924 est
1733 859 1902 925 rationale.
1949 857 2017 926 Sed
2045 882 2147 944 quum

153 952 268 1009 contra
294 952 433 1010 naturae
460 945 621 1024 ordinem,
647 944 680 1008 ri
703 944 786 1029 ῥητὸν
813 951 901 1012 recte
927 943 1121 1023 defenditur,
1171 950 1239 1008 tres
1259 940 1538 1028 rationisgradus
1559 944 1786 1011 considerandi
1807 946 1882 1022 sint
1904 947 2073 1030 praecipiti
2096 948 2148 1012 in-

152 1036 188 1094 ut
209 1030 305 1113 panis
325 1032 455 1115 proprie
472 1032 515 1096 sit
535 1052 661 1115 corpus.
684 1033 774 1115 Ergo
796 1037 833 1096 ιιι
853 1030 954 1096 verba
979 1030 1026 1096 rei
1054 1030 1123 1096 sint
1172 1029 1265 1094 sauia
1287 1042 1400 1095 omnes
1427 1050 1492 1094 ano
1519 1031 1604 1095 saltu
1638 1031 1826 1097 transvolat
1866 1031 1968 1097 Nobis
1999 1032 2148 1118 ingenita

153 1135 309 1192 consona,
337 1125 452 1182 eontra
485 1123 619 1183 naturae
645 1117 794 1182 ordinem
821 1117 960 1199 proferri
986 1122 1120 1198 oportet
1172 1122 1223 1180 est
1243 1115 1438 1180 naturaliter
1457 1115 1556 1196 ratic,
1578 1137 1661 1199 qnae
1681 1117 1751 1182 sine
1771 1117 1836 1181 Dei
1857 1117 1978 1183 iniuria
1998 1118 2148 1184 damnari

152 1199 272 1267 Postea
293 1199 440 1267 diversas
456 1201 610 1286 loquendi
631 1204 751 1269 formas
773 1210 916 1280 excusat,
935 1202 1014 1266 dnm
1035 1222 1122 1267 asse-
1175 1208 1373 1284 nonpotest:
1397 1200 1453 1267 sed
1476 1223 1515 1266 ea
1536 1222 1611 1268 suos
1631 1201 1732 1267 habet
1752 1203 1936 1285 fines,quos
1958 1203 1985 1267 si
2008 1223 2146 1286 exsupe-

151 1292 231 1351 rant
247 1306 364 1369 corpus
383 1287 449 1353 sub·
465 1309 560 1372 pane,
582 1288 634 1355 vel
655 1310 729 1355 cum
751 1309 835 1372 pane
857 1307 937 1354 esse.
982 1285 1050 1353 Sed
1072 1287 1124 1350 cui
1174 1293 1236 1364 rat,
1258 1288 1431 1352 evanescit
1475 1285 1580 1353 Cuius
1603 1288 1649 1352 rei
1667 1288 1760 1352 triste
1780 1287 2010 1360 documentum
2033 1297 2084 1355 est
2110 1289 2147 1355 in

152 1372 359 1455 persuadebit
379 1371 440 1438 sub
467 1394 551 1456 pane
578 1395 658 1454 esse,
691 1376 754 1440 nisi
784 1379 857 1454 [pag.
887 1380 939 1451 ιι]
963 1381 1123 1456 quatenus
1173 1371 1269 1455 lapsu
1288 1372 1390 1438 Adae.
1434 1371 1551 1438 Altera
1573 1373 1656 1438 ratio
1678 1374 1796 1440 vitiosa
1818 1382 1878 1453 est,
1897 1375 2091 1458 praesertim
2110 1375 2147 1440 in

151 1459 244 1540 panis
266 1471 317 1523 est
337 1458 492 1542 signum?
515 1459 578 1526 Cui
601 1460 699 1525 etiam
727 1459 934 1543 persuadebit
961 1480 1026 1523 non
1052 1478 1123 1522 esse
1174 1466 1291 1522 natura
1320 1465 1484 1542 corrupta:
1514 1457 1590 1523 dum
1619 1458 1766 1524 mortalis
1792 1460 1888 1524 homo
1923 1480 1975 1525 res
2008 1458 2146 1540 divinas,

152 1542 352 1609 adorandum
374 1565 503 1628 panom,
531 1547 585 1628 qui
614 1547 743 1629 proprie
770 1545 814 1610 sit
834 1542 1008 1611 Christus?
1037 1543 1122 1608 Nam
1174 1563 1255 1626 quas
1276 1544 1440 1626 suspicere
1462 1543 1627 1625 debuerat,
1650 1565 1708 1609 suo
1731 1544 1849 1611 iudicio
1877 1545 1952 1611 vult
1978 1546 2145 1612 subiicere.

150 1627 356 1712 loquutiones
384 1628 463 1695 dicit
493 1652 564 1696 esse
593 1632 802 1715 improprias:
835 1631 962 1712 Corpus
990 1649 1061 1695 esse
1088 1630 1123 1693 in
1174 1628 1267 1694 Haeo
1288 1630 1371 1694 ratio
1399 1629 1518 1696 mentis
1544 1641 1595 1694 ost
1623 1630 1770 1706 ebrietas,
1797 1630 1849 1695 vol
1877 1630 1980 1697 dulcis
2008 1631 2145 1710 insania,

151 1734 249 1798 pane,
283 1714 337 1780 vel
370 1714 430 1780 snb
457 1736 556 1800 pane:
591 1718 668 1800 qnia
697 1718 834 1782 verbum
869 1714 1084 1781 substantiale
1097 1714 1122 1796 ¹)
1174 1716 1225 1780 cui
1253 1722 1424 1780 aeternum
1452 1721 1503 1780 est
1535 1714 1706 1781 dissidium
1732 1737 1807 1782 cum
1835 1715 2017 1782 obedientia
2053 1717 2144 1782 fidei:

151 1799 317 1883 propriam
349 1808 383 1866 et
414 1803 590 1886 genuinam
614 1802 884 1886 significationem
910 1801 1053 1866 obtineat
1086 1801 1122 1863 in
1174 1799 1304 1883 quando
1325 1800 1419 1866 nobis
1439 1800 1629 1866 stultescere
1656 1800 1743 1884 apud
1774 1822 1833 1866 nos
1860 1823 1990 1870 necesse
2022 1812 2082 1881 est,
2109 1810 2147 1867 nt

152 1887 272 1949 unione
294 1886 388 1968 panis
409 1902 443 1952 et
463 1886 597 1954 Christi
641 1888 783 1953 Frustra
802 1888 903 1972 igitur
923 1906 1122 1968 consequen·
1173 1886 1367 1971 incipiamus
1389 1885 1462 1952 Deo
1483 1907 1606 1970 sapere.
1642 1887 1732 1971 Ergo
1755 1907 1774 1951 a
1801 1887 1995 1952 coelestibus
2021 1894 2146 1974 myste-

151 1971 231 2035 tiam
258 1972 394 2037 refutat:
428 1971 555 2055 Corpus
581 1981 631 2039 est
655 1973 690 2038 in
714 1995 807 2056 pane,
839 1993 916 2057 ergo
946 1973 1039 2055 panis
1072 1977 1123 2036 est
1174 1972 1231 2037 riis
1252 1973 1391 2038 facessat
1410 1972 1492 2037 haoo
1516 1973 1608 2049 ratio,
1641 1993 1724 2056 quae
1745 1971 1830 2037 nihil
1851 1973 1940 2038 aliud
1968 1983 2019 2038 est
2048 1994 2147 2056 quam

153 2055 356 2123 adorandus:
378 2078 475 2140 quam
502 2061 572 2142 ipse
593 2081 634 2125 ex
664 2059 795 2143 proprio
827 2059 958 2124 cerebro
981 2056 1121 2123 excudit
1173 2079 1265 2123 mera
1285 2058 1435 2124 fatuitas:
1457 2057 1643 2142 arrogantia
1663 2078 1744 2124 vero
1761 2059 1880 2124 comite
1901 2057 2066 2141 usquead
2094 2059 2145 2124 in·

153 2139 208 2207 Sic
229 2142 318 2206 enim
338 2164 466 2226 semper
487 2145 672 2211 ratiocinati
682 2166 814 2210 sumus:
838 2142 877 2210 si
898 2142 1051 2210 Christus
1072 2153 1123 2206 est
1171 2144 1299 2209 saniem
1320 2143 1548 2208 transscendit
1595 2143 1707 2208 Tertia
1727 2150 1837 2209 autem
1859 2145 1941 2209 ratio
1959 2150 2017 2222 est
2046 2164 2146 2226 quam

151 2227 302 2310 inpane,
325 2249 395 2295 esse
417 2229 477 2295 sub
498 2251 582 2313 pane
603 2228 813 2297 adorandum.
835 2230 1020 2295 Nuncvero
1037 2227 1122 2292 mul·
1173 2242 1206 2294 st
1227 2229 1360 2313 spiritus
1379 2229 1444 2294 Dei
1466 2239 1499 2294 et
1519 2228 1681 2311 scriptura
1702 2228 1794 2295 nobis
1816 2228 1924 2295 dictat
1969 2227 2070 2295 Omni
2086 2251 2145 2295 aa·

151 2324 184 2377 to
204 2313 311 2397 magis
331 2315 516 2380 ratiocinari
538 2315 632 2382 lieet:
655 2315 867 2381 Adorandum
885 2335 965 2380 esse
991 2333 1121 2396 panem,
1174 2324 1240 2380 tem
1267 2315 1409 2397 proiecto
1433 2313 1632 2393 discrimine,
1660 2315 1846 2381 Hcshusius
1877 2312 1938 2380 sub
1971 2322 2145 2398 praetextu

49 2399 57 2405 ’
151 2398 278 2464 sivero
310 2409 343 2464 et
374 2401 505 2485 proprie
529 2408 580 2467 est
601 2400 761 2469 Christus.
809 2400 906 2467 Elabi
933 2399 1063 2483 quidem
1087 2419 1122 2463 se
1173 2399 1337 2466 hnmanae
1358 2400 1494 2466 rationis
1516 2421 1629 2467 secure
1657 2400 1791 2466 damnat
1822 2398 1978 2484 quidquid
2004 2400 2146 2484 phreno-

149 2490 254 2567 putat‚
274 2483 361 2567 quod
381 2506 446 2551 non
467 2487 511 2552 sit
532 2487 735 2573 hypostatica
756 2486 843 2552 unio.
866 2484 935 2552 Sed
955 2485 1028 2569 quis
1049 2492 1122 2549 tan·
1173 2486 1237 2551 tioo
1263 2487 1382 2551 mentis
1409 2505 1487 2551 suae
1519 2485 1644 2552 somnio
1676 2484 1851 2552 adversum
1882 2495 1940 2552 est
1982 2490 2056 2565 [pag.
2090 2489 2144 2566 aa]

149 2577 219 2634 tum
243 2569 324 2636 iuris
345 2571 500 2638 concedet
520 2581 651 2639 centum
673 2573 724 2639 vel
752 2571 842 2637 mille
868 2571 1053 2647 Heshnsiis‚
1086 2576 1124 2634 nt
1172 2571 1360 2654 Exprobrat
1379 2571 1498 2637 rationi
1519 2590 1581 2637 nos
1601 2571 1676 2654 plus
1697 2570 1940 2655 dolerre'quam
1950 2572 2015 2639 Dei
2035 2570 2145 2638 verbo.

149 2653 370 2721 adorationem
392 2657 528 2742 alligent
546 2657 663 2758 quibus
695 2659 802 2724 visum
833 2658 933 2723 fuant
959 2653 1121 2722 vinculis?
1174 2655 1272 2738 Quid,
1294 2659 1323 2722 si
1343 2656 1467 2721 nullam
1488 2657 1649 2722 rationem
1671 2656 1874 2737 adducimus,
1895 2658 1959 2723 nisi
1981 2678 2021 2722 ex
2045 2657 2145 2723 verbo

148 2738 249 2806 Certe
269 2749 338 2806 tam
359 2743 475 2808 ffivolo
497 2744 615 2809 cavillo
632 2743 754 2809 nullius
775 2744 846 2809 sani
872 2743 1014 2808 bominis
1046 2761 1122 2806 oon-
1173 2741 1238 2807 Dei
1256 2751 1421 2827 sumptam
1442 2749 1476 2808 et
1502 2743 1536 2807 in
1557 2764 1595 2808 eo
1621 2739 1812 2808 fundatam?
1846 2741 2008 2810 Ostendat
2027 2763 2087 2808 nos
2107 2743 2145 2807 iu

146 2825 286 2892 scientia
307 2829 497 2911 acquiescet,
518 2850 645 2914 panem,
668 2829 818 2913 quamvis
839 2828 881 2894 sit
897 2849 974 2894 vere
994 2837 1029 2893 et
1047 2846 1124 2921 pro·
1173 2828 1237 2895 Dei
1268 2828 1435 2913 mysteriis
1460 2827 1595 2912 profano
1626 2848 1717 2894 mure
1753 2827 1983 2912 philosophari,
2007 2827 2146 2894 cooleste

138 2910 394 3061 yrieChristns
416 2935 483 2979 uon
505 2913 795 2981 esseadoraudum
816 2915 979 2998 quianon
1003 2912 1123 2978 situas
1172 2935 1209 2979 re
1255 2936 1312 2981 um
1333 2913 1443 2979 metiri
1463 2922 1573 2979 nostra
1595 2935 1701 2992 sensu,
1722 2913 1858 2996 spiritus
1889 2913 1993 2980 sancti
2014 2913 2147 2979 oracula

169 2999 346 3082 ypostasis.
390 2997 512 3066 Statim
533 3000 621 3065 enim
642 3008 789 3067 occurrat
809 2998 966 3082 exceptio,
984 2997 1121 3064 eandem
1173 3022 1212 3066 su
1235 3000 1332 3066 iicere
1370 3000 1476 3065 earnis
1510 2997 1638 3078 iudicio,
1682 3020 1748 3065 uon
1775 2999 1948 3065 admittere
1970 2998 2036 3065 nisi
2059 2996 2146 3082 quod

132 3103 219 3148 rom
242 3103 313 3150 esse
334 3085 391 3150 nbi
412 3106 517 3150 unum
549 3088 590 3152 de
615 3085 717 3152 altero
745 3084 1002 3151 substantialiter
1028 3102 1122 3166 prae-
1196 3085 1365 3151 rudentiae
1386 3094 1519 3150 nostrae
1543 3084 1673 3150 arridet
1719 3085 1822 3168 Atqui
1846 3085 1945 3168 longe
1971 3083 2067 3149 aliter
2092 3103 2146 3148 res

133 3166 287 3234 dicatur.
341 3169 456 3253 Neque
482 3171 569 3236 enim
598 3169 730 3236 docetur
751 3170 876 3237 Christi
907 3169 1016 3235 verbis
1043 3165 1122 3252 quid
1172 3106 1280 3237 habet
1314 3168 1404 3251 Quid
1422 3170 1511 3235 enim
1531 3170 1650 3234 rationi
1660 3169 1824 3235 humanae
1844 3171 1950 3254 magis
1971 3175 2144 3268 repugnat,

165 3253 226 3318 ani
249 3252 385 3321 accidat:
407 3255 466 3322 sed
486 3277 591 3409 ysaiae,
614 3258 641 3323 si
670 3256 835 3322 Heshnsic
864 3256 998 3339 eiusque
1029 3252 1122 3321 seda·
1172 3256 1418 3341 quamanimae
1449 3255 1612 3321 creatione
1640 3255 1839 3321 immortales
1869 3256 1972 3319 vitam
1997 3264 2145 3319 mutuari

167 3337 235 3404 bus
252 3339 490 3421 ereditur,ota
529 3364 592 3427 que
602 3343 822 3428 ambiguitate,
834 3341 992 3408 asseritur
1001 3360 1121 3424 panem
1172 3363 1317 3408 acarna
1343 3338 1495 3406 mortali?
1545 3339 1619 3406 Hoc
1646 3342 1831 3407 asserimus.
1878 3338 1968 3422 Quid
1995 3347 2145 3406 terrenae

68 3463 72 3497 ι
128 3445 219 3491 esse
249 3443 365 3510 corpus
393 3427 527 3505 Christi,
561 3435 596 3494 et
632 3429 768 3512 proinde
794 3427 965 3495 Christum
1003 3428 1119 3509 ipsum.
1171 3427 1364 3512 prudentiae
1375 3427 1485 3493 minus
1496 3434 1866 3512 consentaneum,quam
1877 3446 2009 3493 carnem
2020 3424 2145 3491 Christi

71 3506 74 3544 ¹
126 3508 222 3578 Ima
247 3509 287 3576 de
298 3532 383 3662 ysne
393 3513 467 3596 plus
486 3514 652 3579 affirmant
682 3536 759 3579 uam
782 3513 977 3579 dehumana
994 3511 1121 3579 Christi
1171 3515 1240 3579 vim
1261 3534 1355 3580 suam
1377 3513 1540 3578 vivificam
1562 3534 1581 3577 e
1606 3511 1693 3578 coelo
1727 3511 1769 3578 ad
1800 3532 1860 3577 uos
1889 3533 1991 3594 usque
2023 3510 2145 3576 diffun-

78 3606 84 3697 l
120 3602 283 3748 {tta
313 3598 407 3767 ,tl
421 3597 564 3751 seih?
578 3600 823 3768 ,tmtttt
850 3598 1121 3751 &risibili
1171 3596 2030 3770 tittitttttt,Ctttrtttttattt
2045 3617 2145 3749 tt

88 3769 104 3855 l
122 3767 212 3836 (lui
240 3775 328 3835 raotc
355 3791 421 3835 non
448 3772 619 3837 conveniet
645 3769 730 3854 qnod
755 3770 796 3835 de
824 3791 908 3854 pane
933 3769 1033 3852 recipi
1061 3771 1120 3834 fla·
1171 3770 1344 3837 indubium
1368 3790 1439 3835 esse
1473 3768 1613 3853 pignus?
1641 3766 1730 3849 Quid
1754 3768 1860 3853 magis
1892 3790 1912 3834 a
1939 3767 2146 3851 philosophia

97 3854 271 3940 agitant:
293 3875 369 3919 nem
393 3875 412 3920 e
433 3863 472 3920 nt
492 3856 622 3940 proprie
643 3855 686 3920 sit
708 3855 869 3922 Christus.
916 3856 1023 3939 Neget
1042 3855 1122 3922 licet
1172 3867 1344 3934 remotum,
1366 3876 1464 3938 quam
1485 3855 1590 3920 filium
1622 3853 1697 3933 Dei,
1729 3854 1785 3938 qai
1818 3853 1998 3920 secundum
2026 3853 2142 3920 huma-

98 3921 175 4024 lffse
187 3875 393 4026 pumturh
416 3942 551 4025 fingere,
574 3941 635 4009 hoc
646 3949 756 4007 tamen
768 3958 897 4025 semper
908 3940 1119 4024 extorquebo:
1172 3964 1249 4008 nam
1270 3949 1422 4007 naturam
1444 3940 1586 4006 incaelo
1607 3945 1665 4018 est,
1686 3940 1733 4006 sio
1752 3937 1902 4005 habitare
1922 3939 1959 4004 in
1979 3937 2082 4017 nobis,
2104 3948 2143 4005 ut

104 4020 180 4093 'Ei
215 4025 347 4110 proprie
374 4027 469 4110 panis
497 4034 548 4092 ast
581 4047 712 4110 eorpus,
740 4048 844 4091 nuum
872 4027 1022 4108 idemque
1050 4047 1121 4093 esse
1171 4025 1329 4112 quidquid
1351 4027 1381 4092 ei
1403 4035 1537 4109 epatre
1558 4025 1671 4091 datam
1692 4034 1752 4104 est,
1774 4026 1868 4091 nobis
1889 4026 1933 4091 sit
1961 4045 2140 4102 commune,

109 4089 224 4194 boum
246 4129 388 4195 corpore.
421 4112 555 4178 Interea
575 4112 660 4196 quod
682 4111 816 4178 Irenaeo
833 4112 1016 4191 subscribit,
1039 4110 1120 4180 duas
1172 4112 1317 4196 adeoque
1337 4119 1377 4176 ιιι
1397 4110 1633 4190 immortalitas,
1672 4131 1715 4175 ua
1736 4110 1857 4177 donata
1877 4119 1929 4176 est
1959 4111 2028 4177 eins
2057 4128 2141 4188 caro,

207 4201 313 4269 coena
342 4218 396 4264 res
425 4219 495 4264 esse
519 4197 675 4278 diversas,
702 4206 864 4263 terrenam
892 4203 966 4278 [pag.
995 4202 1049 4279 22]
1087 4205 1121 4265 et
1168 4207 1283 4277 ¹nostra
1304 4195 1372 4262 sit?
1395 4196 1488 4262 Haec
1509 4197 1619 4261 omnia
1638 4132 1725 4263 clare
1744 4204 1917 4263 testamur:
1938 4217 2037 4280 quum
2055 4194 2142 4260 Hes-

202 4287 332 4362 lestem,
350 4304 467 4367 nempe
487 4304 608 4368 panem
630 4293 664 4348 et
684 4302 815 4366 corpus:
847 4305 914 4350 non
942 4283 1036 4349 video
1064 4285 1120 4368 qui
1171 4285 1287 4363 husius
1314 4303 1381 4348 non
1409 4283 1473 4348 nisi
1506 4303 1603 4348 snum
1640 4280 1790 4348 delirium
1828 4290 1958 4368 urgeat:
1997 4280 2141 4347 Carnem

175 4368 305 4443 nvenit
324 4390 398 4435 eam
419 4370 482 4436 hac
502 4371 616 4436 fictitia
636 4368 814 4450 identitate,
824 4390 922 4453 quam
942 4371 1004 4451 etei
1018 4371 1121 4438 verbo
1171 4369 1296 4437 Christi
1317 4367 1443 4435 comedi
1464 4366 1505 4433 ab
1526 4365 1711 4448 incredulis,
1738 4388 1798 4434 neo
1819 4376 1929 4434 tamen
1961 4386 2034 4432 esse
2055 4364 2140 4431 vivi·

140 4468 213 4531 '0n
237 4454 401 4538 exprimit,
425 4464 533 4521 tamen
555 4455 701 4521 obtrudit
722 4475 758 4521 re
779 4456 865 4540 ipsa:
883 4456 960 4538 quia
986 4457 1051 4522 nisi
1079 4456 1120 4521 de
1170 4457 1274 4522 ficam.
1318 4452 1414 4535 Quod
1435 4453 1463 4519 si
1485 4452 1577 4518 nulla
1597 4453 1639 4518 ab
1660 4473 1699 4518 eo
1721 4452 1864 4520 ereditur
1885 4472 1956 4520 esse
1977 4451 2060 4517 ratio
2081 4470 2139 4516 ex·

149 4562 154 4623 χ
205 4564 265 4610 em
286 4539 349 4607 dici
373 4561 439 4606 non
467 4550 588 4642 potest:
616 4541 689 4642 Hoo
710 4552 761 4641 est
781 4541 852 4642 hoo,
873 4540 944 4641 rel:
970 4541 1045 4608 Hoc
1070 4550 1120 4608 est
1170 4549 1223 4607 tra
1243 4538 1489 4625 philosophiam,
1511 4559 1552 4604 ex
1573 4537 1665 4605 brevi
1686 4539 1875 4624 syllogismo
1894 4537 2010 4604 diseat:

162 4725 164 4727 ’
203 4713 324 4782 udiare
348 4711 481 4778 simulat
507 4712 705 4781 Hcshusius:
733 4712 811 4796 quia
834 4732 894 4778 nco
918 4711 989 4780 loco
1017 4713 1119 4779 conti·
1212 4727 1334 4795 anama
1352 4728 1619 4808 estimandum,
1640 4728 1790 4811 “apulam
1810 4746 1870 4792 non
1889 4723 2020 4807 findens,

270 4798 432 4878 Christus,
453 4807 487 4865 et
506 4797 656 4882 pluribus
681 4797 760 4866 locis
780 4798 879 4865 dmul
906 4819 977 4866 esse
1002 4805 1117 4882 potest
1173 4815 1236 4898 Qua·
1251 4833 1368 4896 pam
1387 4814 1501 4879 asserit
1520 4833 1588 4879 aare
1608 4818 1638 4879 et
1656 4813 1784 4897 proprie
1799 4831 1864 4878 esec
1882 4809 1999 4877 meista·
2018 4827 2138 4892 ωψιιι,

164 4930 355 4985 ιῑ---
1213 4899 1390 4983 onalopiom
1409 4899 1495 4983 eipns'
1515 4904 1544 4966 et
1563 4899 1613 4964 rcs'
1632 4899 1772 4983 ιίριιιιιι
1792 4897 1912 4962 martit:

182 5116 183 5121 ,
372 5110 381 5140 ,
1466 5120 1475 5153 ‚

187 5294 194 5394 i

196 5428 214 5587 ι
