4776 5844
191 255 258 322 aa
351 301 358 316 .
975 257 1037 324 aa
1059 256 1405 329 amoenantis
2129 273 2195 361 apa

189 443 273 517 wSuis
293 445 466 515 mummia
486 446 514 512 si
536 467 590 511 ma
611 444 788 528 implieeet
808 444 906 524 satis,
934 444 1065 528 opinor,
1090 466 1170 512 oon·
1221 448 1429 514 memoriam:
1457 449 1534 531 quia
1555 449 1725 519 Christum
1755 453 1892 521 diuimus
1920 455 2100 525 secundum
2126 480 2197 528 οη.

196 532 282 598 vieta
297 538 348 597 eat
374 552 487 597 eorum
502 529 713 615 improbitas.
763 529 840 612 Quo
866 531 974 596 minus
997 529 1170 596 ferendum
1221 553 1297 598 nem
1328 532 1442 600 relieta
1469 541 1559 599 terra
1593 534 1628 600 in
1656 538 1761 604 aoelos
1796 548 1961 623 reooptum
1990 531 2070 610 esse
2121 546 2196 612 Etsi

195 624 244 683 est
264 617 449 683 versadam
470 637 526 684 eos
558 617 652 683 nobis
680 615 828 696 obiiaere,
859 638 934 701 qua,
950 617 1020 683 sola
1046 617 1185 700 plausi·¹
1220 618 1307 683 enim
1325 617 1408 683 ,dum
1429 618 1630 704 petulantiae
1652 643 1730 688 suae
1752 624 1881 707 quidvis
1902 627 2025 694 lieitum
2048 634 2119 697 esse
2140 653 2197 697 vo·

194 703 293 770 bilem
316 707 390 782 [pag.
408 709 485 783 8⁰8]
507 724 601 769 enam
622 722 754 778 musam
775 704 883 770 faeere
906 709 1081 769 coutantur:
1105 702 1168 768 nisi
1220 703 1303 781 lunt,
1324 704 1550 771 verbauostra
1568 705 1764 791 depravant:
1788 710 1923 777 rabiosis
1939 720 2050 779 tamen
2072 719 2197 800 spumis

188 789 280 873 quod
301 789 440 855 erassior
461 797 512 855 est
532 808 646 856 eorum
666 789 880 872 impudentia,
901 810 1002 872 quam
1023 795 1061 853 ut
1079 795 1167 871 post-
1220 809 1285 853 non
1314 788 1469 871 effioient,
1498 793 1577 874 quin
1606 814 1735 877 semper
1762 794 1905 863 dilucida
1932 808 2065 865 maneat
2085 809 2197 868 nostra

194 875 256 942 hae
276 891 473 958 quemquam
494 895 593 941 sanae
616 875 736 941 mentis
758 872 906 958 deripiat
1220 873 1381 953 doctrina,
1409 878 1559 959 quamvis
1588 876 1742 947 Christus
1769 880 1849 948 deus
1875 892 1909 947 et
1931 883 2043 964 homo,
2072 887 2134 952 Dei
2164 898 2197 955 et

278 961 376 1027 Nune
404 961 523 1044 quibua
550 960 660 1027 verbis
687 983 740 1026 me
767 970 959 1044 oppugnent
980 958 1166 1025 videndum.
1219 960 1389 1026 homiuum
1411 962 1579 1042 mediator,
1602 973 1690 1031 totus
1711 966 1919 1033 etindiaisus
1941 970 2067 1036 eoelum
2087 979 2196 1042 otter-

192 1047 402 1131 Blasphema,
436 1047 603 1131 inquiunt,
642 1046 761 1114 derisio
800 1056 865 1122 est,
906 1045 1012 1111 dieere
1049 1065 1168 1128 eorpus
1218 1065 1290 1110 ram
1314 1050 1388 1126 [pag.
1412 1053 1488 1128 311]
1510 1049 1654 1132 impleat,
1677 1052 1786 1118 earnis
1812 1060 1923 1120 tamen
1945 1076 2023 1121 suae
2045 1068 2195 1142 respeotu

184 1131 317 1199 vChristi
339 1133 459 1210 vorari,
476 1132 565 1199 ooelo
583 1133 665 1212 elioi,
687 1134 764 1217 pani
782 1134 880 1216 affigi.
926 1130 963 1198 Si
982 1131 1023 1196 de
1041 1130 1168 1198 Christi
1218 1153 1284 1197 non
1306 1133 1371 1198 nisi
1392 1134 1427 1198 in
1450 1133 1537 1200 ooelo
1557 1155 1637 1202 esse.

190 1219 397 1284 institutione
419 1239 527 1284 sermo
550 1228 644 1297 esset,
670 1219 779 1302 impia,
807 1219 926 1295 fateor,
954 1215 1166 1284 subsannatio
1305 1219 1392 1284 Alibi
1414 1220 1549 1286 reoitavi
1577 1220 1712 1306 vulgare
1741 1223 1824 1289 illud
1852 1223 2036 1292 scholarum
2063 1250 2195 1312 prover·

181 1312 278 1370 esset
298 1303 407 1370 inhia
427 1305 551 1371 verbis:
570 1304 626 1370 sod
645 1306 678 1369 in
697 1302 848 1369 notandis
866 1305 983 1370 eraasis
1001 1303 1166 1368 erroribus
1217 1303 1323 1381 bium,
1351 1302 1436 1388 quod
1458 1305 1612 1386 Christus
1640 1308 1760 1392 ubique
1783 1319 1870 1375 totus
1892 1312 1949 1388 sit,
1978 1312 2034 1378 sed
2056 1334 2123 1379 non
2147 1323 2195 1381 to·

188 1391 269 1474 quid
294 1392 475 1473 reperietur
499 1390 743 1474 blasphemiae?
796 1389 930 1455 Carnali
957 1409 1013 1455 ere
1041 1388 1167 1455 eomedi
1218 1396 1298 1454 tum.
1312 1392 1336 1465 ¹)
1381 1390 1478 1471 Quod
1500 1392 1527 1458 ai
1549 1402 1663 1458 notum
1681 1395 1798 1461 fuisset
1819 1395 1913 1461 bonis
1934 1398 2006 1464 istis
2022 1399 2193 1485 theologis,

189 1477 316 1556 volunt,
345 1485 380 1542 et
406 1475 560 1543 dentibus
588 1476 684 1542 atteri
718 1475 843 1542 Christi
876 1496 1016 1540 earnem.
1072 1474 1166 1540 Idem
1217 1495 1421 1559 oompesoere
1448 1487 1578 1560 poterat
1609 1499 1723 1544 eorum
1754 1482 1888 1547 rabiem.
1945 1481 2062 1564 Qualis
2095 1489 2193 1566 enim,

187 1570 307 1646 eorpus
340 1571 374 1628 et
406 1563 605 1628 immensum
636 1584 717 1640 esse,
745 1572 778 1627 et
803 1559 967 1627 invisibile
996 1560 1057 1626 sub
1081 1580 1165 1643 pane
1216 1561 1362 1640 obseoro,
1392 1562 1529 1628 affertur
1551 1564 1684 1630 Christo
1711 1567 1907 1650 ignominia,
1936 1569 1962 1634 si
1992 1591 2067 1635 earo
2096 1592 2194 1655 quam

182 1648 294 1715 latere
315 1649 496 1714 innumeris
514 1648 613 1714 simul
623 1648 704 1714 loois
715 1646 930 1714 contendunt:
952 1667 1072 1730 panem
1090 1667 1166 1711 vere
1215 1646 1332 1723 induit,
1356 1657 1390 1712 et
1412 1648 1445 1712 in
1468 1670 1534 1733 qua
1554 1671 1672 1734 passus
1694 1660 1761 1729 est,
1790 1655 1823 1717 in
1844 1653 1949 1719 eoelos
1972 1655 2102 1722 sublata
2124 1678 2195 1725 esee

162 1744 220 1800 -et
242 1735 373 1818 proprie
395 1755 512 1818 eorpus
533 1755 605 1800 esse
626 1735 751 1800 volunt.
795 1734 879 1797 Tam
896 1731 1096 1816 prodigiosos
1114 1754 1165 1796 er·
1217 1731 1349 1814 dieitur,
1378 1734 1475 1800 aienti
1498 1736 1532 1800 in
1555 1736 1702 1820 sepulero
1730 1738 1859 1804 inclusa
1879 1738 1962 1804 fuit?
2012 1743 2116 1825 Atqui
2137 1765 2196 1809 ns-

182 1841 281 1887 rorea
302 1820 765 1904 sineblasphemiaattiugera·
780 1820 827 1885 ias
845 1818 1018 1884 nouerit?
1053 1816 1165 1898 Quare
1216 1838 1279 1901 que
1301 1840 1321 1885 a
1341 1820 1482 1900 Iudaeis,
1503 1843 1609 1906 nequo
1631 1820 1834 1889 aSaracenis
1856 1824 2031 1908 quidquam
2054 1830 2195 1896 atrocius

163 1926 255 1971 =uon
279 1913 331 1972 est
351 1907 509 1990 quodnos
525 1906 747 1989 impudentiae
764 1904 964 1981 insimulent,
987 1904 1015 1970 si
1038 1924 1164 1970 saoram
1215 1926 1310 1989 possa
1334 1905 1396 1971 diei
1418 1906 1596 1973 clamitant.
1647 1907 1716 1973 Cur
1738 1930 1803 1973 non
1825 1930 1902 1993 ergo
1924 1918 2038 1977 eontra
2060 1915 2194 1997 angelos

179 1991 314 2058 Christi
336 1992 576 2058 institutionem
600 1992 640 2058 ab
662 1991 796 2058 insulsis
813 1991 1026 2074 absurdisque
1050 2010 1163 2055 eorum
1216 2002 1373 2057 exserunt
1392 2013 1486 2078 suam
1508 1995 1786 2077 saevitiamque
1808 1995 1992 2061 ratiocinari
2016 2000 2087 2063 ausi
2105 2002 2192 2078 sunt,

173 2080 355 2163 figmentis
388 2087 465 2144 uota
491 2078 602 2161 aliqua
629 2077 854 2153 dissernimus.
909 2077 995 2142 Nam
1025 2075 1065 2141 de
1092 2076 1164 2159 ipso
1216 2076 1385 2142 Christum
1394 2099 1536 2143 nonesse
1547 2078 1582 2144 in
1594 2079 1752 2161 sepulcro,
1765 2086 2192 2164 postquamresurrexeratl

171 2166 345 2249 mysterio
362 2164 419 2247 qui
439 2173 508 2228 tam
528 2171 719 2228 reverenter
739 2164 921 2246 loquantur,
944 2163 979 2227 in
1007 2170 1077 2227 tota
1104 2183 1164 2228 sua
1216 2160 1254 2228 Si
1276 2161 1395 2245 ubique
1416 2172 1466 2228 est
1488 2162 1642 2229 Christus
1669 2165 1847 2231 seeundum
1876 2188 2007 2232 earnem
2052 2190 2088 2235 ro
2110 2169 2193 2236 divi-

168 2252 328 2318 saetione
357 2270 429 2315 non·
453 2250 624 2332 reperiant.
675 2247 743 2315 Sed
775 2253 849 2327 [pag.
878 2252 954 2327 309]
986 2247 1075 2313 unde
1104 2269 1163 2313 nos
1215 2248 1329 2312 nitatis
1351 2257 1477 2329 natura,
1501 2250 1604 2314 stulta
1620 2251 1683 2316 fuit
1704 2251 1786 2318 haee
1809 2254 1991 2336 responsio:
2027 2190 2191 2336 Correxit,

174 2338 331 2422 probant
349 2335 558 2420 blasphemos
579 2334 672 2400 esse?
716 2333 804 2416 Quia
823 2333 950 2399 Paulus
967 2346 1064 2398 voeat
1081 2341 1163 2399 tem-
1214 2355 1281 2399 non
1306 2343 1359 2400 eat
1385 2334 1447 2400 hie.
1500 2336 1631 2420 Dignus
1660 2338 1758 2402 etiam
1786 2337 1907 2403 Petrus
1939 2339 1994 2422 qui
2027 2341 2192 2409 erudelius

170 2423 240 2508 pla
268 2422 348 2502 Dei,
377 2432 411 2488 et
436 2421 622 2487 inhabitare
651 2420 822 2486 Christum
849 2419 945 2486 dooet
971 2420 1007 2485 in
1033 2420 1162 2502 piorum
1214 2420 1365 2485 omnibus
1387 2420 1553 2506 saerilegis
1574 2420 1750 2504 plectatur,
1779 2424 1835 2506 qui
1863 2422 2101 2508 blasphemiam
2122 2449 2190 2492 om-

146 2507 339 2577 eordibus
358 2529 420 2592 per
441 2506 540 2573 iidem
561 2511 593 2584 (2
617 2506 692 2572 Cor.
717 2510 745 2582 6,
767 2510 829 2586 16).
875 2508 925 2571 Ao
946 2506 973 2571 si
995 2506 1051 2571 ubi
1068 2503 1162 2579 Deus
1212 2506 1305 2570 nium
1327 2506 1535 2572 deterrimam
1560 2507 1705 2592 protulit,
1728 2518 1878 2592 oportere
1901 2508 2070 2577 Christum
2093 2513 2191 2578 eoelis

199 2602 279 2662 ater
301 2603 337 2659 et
356 2593 509 2660 Christus
526 2614 587 2658 noa
605 2594 668 2658 sibi
685 2593 721 2657 in
739 2592 902 2658 domicilia
919 2591 1026 2675 elegit,
1045 2591 1160 2656 modus
1213 2592 1445 2675 eomprehendi
1467 2595 1553 2676 (Aet.
1573 2597 1602 2673 3,
1622 2597 1687 2678 21).
1732 2593 1820 2676 Quid
1844 2594 1884 2660 de
1906 2604 1975 2660 tota
1996 2598 2191 2681 antiquitate

200 2680 397 2749 abitationis
416 2700 482 2745 non
504 2679 685 2764 spiritualis
711 2679 810 2744 foret:
840 2677 881 2743 de
908 2699 972 2760 quo
1000 2677 1028 2741 ei
1057 2677 1160 2742 ambi-
1213 2675 1340 2742 diuam?
1363 2685 1492 2743 constat
1508 2681 1597 2744 enim
1618 2685 1693 2760 [pag.
1706 2684 1782 2761 312]
1801 2687 1946 2747 vetustos
1965 2687 2192 2768 omnesserip-

147 2770 284 2855 gitur,
307 2766 352 2832 sit
372 2766 444 2849 ipse
464 2764 591 2832 Paulus
615 2764 691 2830 dieti
709 2765 759 2830 sui
786 2765 956 2846 interpres.
1006 2763 1087 2844 Vos,
1109 2764 1161 2829 in-
1213 2770 1309 2842 tores,
1332 2765 1386 2847 qui
1409 2764 1485 2830 totis
1507 2765 1801 2848 quinquesaeeuhs
1822 2776 1896 2849 post
1918 2770 2081 2851 apostolos
2099 2771 2190 2836 vixe-

156 2855 262 2939 qnit,
287 2853 410 2936 templa
430 2850 494 2918 Dei
517 2851 604 2929 estis,
628 2851 704 2934 quia
726 2849 860 2933 spiritus
882 2849 954 2915 eius
976 2847 1104 2915 habitat
1124 2852 1159 2915 in
1212 2857 1299 2927 runt,
1322 2871 1396 2914 uuo¹
1411 2851 1788 2936 orenobiapatrooinari.
1823 2853 1868 2917 Et
1889 2852 1942 2919 hio
1964 2853 2190 2921 nobisOsian·

154 2941 276 3007 vobis
301 2940 334 3020 (l
358 2938 433 3004 Cor.
458 2943 486 3019 3,
512 2938 593 3021 16).
620 2935 752 3001 Tertius
774 2934 864 3001 loeus
885 2932 1028 3012 ostendit
1054 2937 1160 3019 qualis
1213 2935 1263 3001 dri
1284 2938 1335 3002 sui
1358 2945 1503 3002 stercora
1519 2943 1714 3021 aspargunt:
1736 2938 1830 3021 quasi
1852 2938 1920 3002 ulla
1936 2960 2081 3022 unquam
2103 2940 2191 3008 inter

153 3024 270 3112 apud
292 3046 347 3091 eoa
368 3025 480 3108 vigeat
501 3025 536 3089 in
557 3022 729 3106 seripturis
751 3020 891 3087 aitandis
908 3021 1032 3105 religio.
1066 3023 1160 3107 Mys·
1212 3042 1273 3087 nos
1306 3021 1450 3087 affinitas
1483 3022 1591 3087 fuerit
1643 3022 1887 3107 Contempserit
1919 3044 1997 3090 sane
2025 3023 2190 3093 Oaiander

157 3113 305 3179 teriam
334 3110 461 3177 Paulus
488 3130 508 3173 a
536 3103 675 3174 saeeulis
701 3106 904 3173 reoonditum
930 3114 1042 3187 voeat,
1074 3108 1160 3190 quod
1212 3129 1271 3190 pro
1289 3129 1360 3173 ,suo
1389 3128 1510 3173 vesano
1537 3109 1624 3173 fastu
1657 3108 1865 3174 humiliatum
1896 3108 2083 3190 Christum,
2111 3112 2188 3196 quid

156 3199 338 3267 (lhriatus
369 3197 413 3262 sit
445 3192 691 3262 Colossensibus
703 3195 728 3278 ¹)
761 3214 834 3277 spes
866 3192 990 3344 blm
1017 3192 1100 3279 (Col.
1133 3200 1159 3273 l,
1212 3194 1275 3260 hoe
1296 3192 1338 3258 ad
1360 3192 1441 3258 nos?
1497 3192 1648 3274 Quorum
1675 3195 1779 3277 pietas
1808 3196 1917 3260 notior
1939 3206 2003 3273 est,
2033 3217 2130 3279 quam
2152 3209 2189 3262 ut

152 3290 216 3352 26
243 3283 339 3366 seq).
384 3283 434 3348 Ae
455 3281 483 3346 si
505 3280 723 3346 substantiam
741 3280 848 3346 earnis
900 3279 997 3346 bristi
1012 3279 1049 3344 in
1068 3281 1161 3347 nobis
1212 3280 1274 3345 hae
1295 3279 1540 3344 mendaeiorum
1561 3277 1635 3344 labe
1657 3279 1780 3344 foedari
1802 3291 1909 3363 queat.
1955 3279 2044 3361 Quin
2066 3283 2188 3365 optimo

148 3367 374 3439 includeret.
418 3367 489 3434 Neo
518 3387 596 3432 vero
625 3365 679 3431 vel
705 3366 773 3434 ima
798 3365 950 3444 natione,
980 3365 1030 3430 vel
1061 3388 1160 3450 gene·
1211 3366 1284 3430 iure
1305 3365 1339 3430 in
1362 3384 1474 3429 eorum
1496 3365 1606 3447 capita
1626 3365 1759 3430 inanem
1780 3367 1880 3431 istum
1902 3366 2062 3449 garritum
2084 3375 2188 3432 retor-

144 3457 241 3526 nli
264 3455 413 3540 potentia
433 3461 565 3518 tantum
585 3450 658 3525 ideo
681 3452 715 3516 in
736 3472 779 3516 no
801 3453 830 3517 is
852 3450 1006 3517 Christus
1030 3451 1159 3518 inhabi-
1211 3473 1306 3534 queo:
1331 3452 1408 3534 quia
1429 3448 1598 3516 Christum
1621 3450 1832 3516 humihatum
1855 3461 1986 3536 negant,
2010 3472 2064 3516 eos
2087 3460 2188 3518 totam

147 3552 235 3624 tat,
257 3540 338 3625 quia
357 3539 577 3610 substantiam
600 3538 709 3605 earnis
735 3538 805 3604 eius
838 3557 894 3602 ora
922 3558 987 3602 non
1017 3538 1156 3605 eomedi-
1211 3537 1327 3602 salutis
1349 3544 1479 3602 nostrae
1502 3558 1665 3602 summam
1688 3538 1906 3622 exstinguere,
1935 3546 1969 3601 et
1990 3538 2089 3621 impie
2110 3538 2186 3605 abo·

145 3649 263 3698 mua
310 3626 397 3692 Nam
419 3624 477 3689 illa
497 3624 669 3708 paeni-iaris
690 3625 773 3689 ratio
801 3625 880 3689 satis
907 3643 1071 3707 superque
1092 3646 1158 3689 non
1210 3622 1277 3688 lere
1300 3621 1555 3707 incomparabile
1566 3623 1669 3687 divini
1687 3623 1721 3687 in
1743 3624 1936 3688 nosamoris
1951 3624 2080 3708 pignus.
2113 3624 2185 3691 Nisi

143 3713 278 3783 :nodo
302 3734 323 3776 a
343 3712 448 3777 brutis
468 3709 648 3793 peoudibus
669 3716 766 3791 (quas
786 3729 846 3792 pro
874 3708 969 3774 solito
997 3730 1055 3776 suo
1082 3729 1158 3775 oan-
1210 3710 1298 3774 enim
1321 3708 1508 3774 exinanitus
1529 3707 1792 3774 fueritChrist-us
1814 3729 1916 3792 qaum
1937 3709 1972 3773 in
1995 3730 2091 3776 oruee
2106 3730 2187 3792 pen·

132 3803 259 3869 dure
282 3795 377 3863 nobis
396 3796 555 3862 obiiciunt
575 3794 735 3879 Cyelopes
755 3796 826 3871 isti)
855 3792 923 3865 sed,
940 3795 982 3861 ab
1009 3797 1159 3862 omnibus
1211 3794 1309 3862 debat
1329 3808 1363 3861 et
1384 3795 1510 3860 iaoebat
1530 3796 1563 3859 in
1587 3794 1743 3877 aepulare,
1768 3793 1822 3859 ubi
1844 3793 2050 3859 humiliatio?
2083 3797 2186 3880 Atqui

139 3885 328 3975 profanis
357 3881 521 3961 disoernit,
555 3880 635 3947 dum
664 3901 725 3946 nos
758 3881 849 3946 Dens
879 3881 940 3947 sibi
973 3882 1008 3946 in
1037 3883 1159 3966 templa
1210 3892 1289 3947 tune
1311 3879 1654 3947 eoelestibeatitudine
1675 3881 1814 3963 potitum
1837 3879 1939 3946 fuisse
1960 3882 2105 3964 fingunt:
2128 3903 2186 3947 ne·

138 3970 366 4044 eanotiiioat
385 3973 460 4047 [pag.
484 3974 569 4047 810]‚
592 3975 627 4030 et
637 3965 789 4032 Christus
809 3967 844 4032 in
854 3969 999 4050 eorporis
1021 3969 1071 4033 sui
1084 3969 1159 4033 uni·
1210 3988 1274 4051 que
1294 3965 1329 4031 id
1353 3965 1457 4045 modo,
1486 3965 1542 4032 sed
1563 3987 1694 4031 earnem
1716 3964 1823 4044 illam,
1851 3965 1887 4030 in
1909 3986 1973 4050 qua
1995 3965 2186 4048 patiebatur,

146 4068 285 4127 tatem
313 4055 445 4131 inserit,
468 4059 506 4118 ut
533 4073 645 4120 seeum
670 4052 765 4118 nobis
793 4053 837 4118 sit
870 4055 1052 4119 eommunis
1081 4054 1157 4119 vita.
1211 4052 1428 4118 immortalem
1461 4052 1527 4117 iam
1554 4052 1589 4116 in
1618 4049 1716 4117 eoelis
1744 4050 1874 4117 sedisse.
1924 4050 2021 4118 Unde
2043 4060 2186 4135 apparet,

143 4141 349 4214 Confidis
362 4141 398 4205 ai
420 4139 521 4204 libeat
537 4147 672 4215 oertare,
689 4157 757 4202 non
775 4137 926 4204 deessent
944 4139 1027 4204 forte
1048 4140 1157 4218 verba,
1211 4137 1293 4204 nihil
1316 4138 1404 4221 ipsis·
1417 4158 1489 4204 esse
1508 4137 1718 4220 propositum,
1741 4137 1803 4203 nisi
1827 4144 1864 4201 ut
1884 4137 2017 4218 tonitru,
2037 4138 2089 4204 vel
2118 4159 2188 4206 ore-

140 4230 235 4300 sod
267 4231 433 4310 repugnat
460 4231 653 4300 naturast
678 4224 808 4290 animus
835 4225 966 4307 penitus
993 4225 1157 4291 abhorret.
1211 4225 1282 4308 pitu
1310 4225 1447 4289 miseras
1475 4222 1660 4307 plebeculas
1687 4222 1884 4288 dementent.
1936 4227 2010 4304 [pag.
2034 4228 2108 4303 313]
2129 4225 2188 4289 Fi·

134 4312 220 4385 Et
245 4313 347 4396 longe
366 4310 479 4376 malim
508 4310 649 4394 elinguis
677 4330 763 4389 ease,
791 4331 890 4393 quam
917 4330 1033 4376 eorum
1058 4311 1159 4376 male·
1209 4310 1378 4396 liumDei
1400 4309 1531 4376 unioam
1553 4307 1690 4392 gloriam
1713 4317 1746 4373 et
1767 4307 1905 4374 salutem
1924 4309 2038 4375 dieunt
2058 4309 2092 4374 in
2114 4328 2188 4376 ooo·

131 4398 360 4471 ¹dissentiam
382 4396 549 4463 aemulari.
592 4394 638 4462 Se
659 4394 794 4480 pudicas
815 4402 849 4461 et
865 4397 1073 4480 ineorruptas
1090 4398 1159 4464 vir-
1210 4396 1253 4462 lis
1274 4415 1422 4480 regnare,
1444 4395 1648 4460 liberrimum
1671 4414 1751 4473 esee,
1770 4415 1830 4460 neo
1852 4395 1928 4477 pani
1952 4396 2097 4472 affixum,
2126 4414 2187 4475 neo

129 4492 276 4577 ginon
298 4483 435 4563 faoiunt,
456 4481 642 4548 nossoortis
663 4481 880 4564 aimilesquae
903 4481 1043 4548 scabiem
1064 4503 1159 4548 suam
1211 4483 1360 4565 sphaeris
1381 4482 1560 4565 alligatum.
1604 4479 1698 4546 Haeo
1719 4500 1798 4546 vero
1820 4490 1933 4546 nostra
1954 4479 2036 4545 fides
2058 4485 2092 4543 et
2113 4500 2187 4562 pro·

287 4570 294 4584 ‘
361 4576 386 4634 t:
409 4567 645 4653 indignosesse
663 4567 844 4645 clamitant,
867 4588 947 4651 quos
974 4577 1063 4635 terra
1084 4589 1158 4634 sus·
1212 4569 1308 4634 fessio
1327 4576 1391 4634 est:
1421 4564 1517 4632 modo
1539 4565 1721 4632 oonoedant
1745 4565 1868 4631 Christi
1898 4586 2029 4632 earnem
2056 4565 2185 4630 coelesti

131 4664 301 4729 tineat:
328 4654 414 4739 quod
442 4655 505 4721 nisi
533 4662 668 4737 repente
696 4654 952 4720 exterminemur
977 4676 996 4725 e
1023 4653 1158 4734 mundo,
1210 4654 1314 4739 gloria
1335 4653 1497 4727 vestitam,
1518 4672 1586 4717 non
1608 4672 1667 4718 sua
1688 4660 1806 4717 natura
1828 4660 1961 4718 exutam
1979 4672 2058 4716 esse.
2091 4649 2184 4721 Idem

130 4763 248 4815 tion
270 4762 368 4826 posse
388 4740 563 4811 nobiseum¹
578 4740 690 4806 mitius
711 4740 774 4824 agi,
785 4759 885 4823 quam
902 4748 940 4803 ut
961 4738 1003 4804 ad
1014 4738 1159 4824 Scythas
1209 4741 1312 4824 igitur
1334 4739 1431 4804 homo
1452 4737 1614 4817 Christus,
1636 4739 1693 4822 qui
1712 4736 1868 4804 horribile
1886 4747 1919 4801 et
1941 4735 2185 4804 acerbissimum

137 4832 231 4901 vel
255 4827 360 4894 Indos
387 4824 585 4911 ablegamur.
636 4827 803 4894 Aeousant
834 4825 1018 4910 principum
1047 4827 1158 4910 segni·
1210 4826 1325 4891 mertia
1347 4845 1450 4909 genus
1471 4843 1530 4908 pro
1552 4822 1647 4890 nobis
1668 4824 1705 4889 in
1726 4845 1822 4891 oruoe
1844 4821 1990 4905 pertulit,
2020 4841 2109 4887 nano
2129 4818 2185 4886 ob-

135 4922 270 4995 taism,
294 4913 381 4998 quod
402 4911 730 4996 nonexsertogladio
751 4909 1158 4996 protinusdeleautnostri
1211 4911 1295 4977 tinet
1315 4930 1436 4976 nomen
1458 4930 1558 4994 super
1578 4931 1675 4976 omne
1696 4930 1831 4985 nomen,
1859 4916 1898 4971 nt
1919 4927 2028 4973 eoram
2050 4925 2089 4971 eo
2107 4907 2184 4972 flee-

151 5088 199 5101 χ,
220 5089 387 5100 ...αα-ι..-

251 5188 282 5256 1)
301 5202 355 5242 aaa
373 5186 551 5243 Corinthiam
1279 5185 1310 5252 1)
1328 5185 1388 5241 Lib.
1406 5184 1425 5239 b
1440 5183 1513 5240 Sent.
1531 5185 1646 5241 diednot
1663 5181 1705 5237 22.
1928 5265 1980 5317 w
