4620 5828
621 264 684 329 AD
707 259 1042 329 VERSIPELLEM
1064 259 1386 329 Manlavonaat.
1939 273 2000 335 542

82 452 174 521 lum?
198 460 247 518 66
272 452 379 520 adbuc
407 451 552 518 vPaulina
586 458 659 532 [pag.
684 456 737 530 57]
769 448 980 518 traditionum
1004 451 1008 555 l
1030 457 1165 546 occupat
1185 449 1387 532 quorundam
1411 461 1536 520 mentes
1555 476 1620 520 non
1639 456 1768 523 obstare
1788 457 1901 535 166666,
1921 480 2001 541 quc·

82 559 200 605 eonem
222 539 346 617 citabis,
367 560 432 622 quo
452 537 651 605 inviolabilis
677 537 721 603 sit
748 556 861 601 earum
887 543 979 600 auto-
1030 554 1141 604 minus
1161 533 1246 600 bcuo
1266 537 1349 602 beno
1372 544 1506 604 utantur
1527 540 1583 623 qui
1606 549 1693 608 recte
1714 542 1874 609 sentiunt:
1904 544 2000 611 166616

82 625 100 687 il
124 624 216 689 Alios
237 624 387 707 antiquos
409 626 502 701 ritus,
523 643 660 705 quorum
672 621 811 704 vestigia
823 628 857 684 et
878 619 979 685 linea-
1031 641 1072 684 ne
1093 621 1273 685 communis
1297 623 1340 687 sit
1366 645 1465 702 errcr,
1494 646 1588 706 quem
1617 647 1695 692 usus
1723 627 1795 710 ipse
1821 629 1998 695 confirmet.

82 717 117 773 ta
137 717 305 793 apparent,
327 711 476 791 quamvis
497 729 592 774 asuc
612 709 677 773 fine
700 714 733 772 et
751 726 812 771 usu
830 703 980 771 nonnihil
1030 704 1146 771 Multis
1167 706 1255 770 euim
1277 710 1486 776 caeremoniis
1508 732 1565 792 per
1593 733 1628 777 se
1641 733 1713 777 666
1738 711 1931 781 damnandis
1952 715 2001 782 ita

82 795 208 873 6666166,
231 795 319 879 pacis
341 806 374 859 et
394 794 530 859 unitatis
552 793 658 858 studio
669 791 887 858 observandos
909 790 978 857 exi·
1030 789 1187 855 adhaeret
1197 795 1391 874 superstitio,
1415 804 1450 859 ut
1463 796 1672 878 quisquiseas
1685 805 1828 881 usurpat,
1850 801 2000 883 exemplo

82 888 128 957 at,
162 879 262 947 donec
296 879 443 963 legitima
475 881 648 948 autoritate
677 886 735 942 aut
763 876 979 941 restituantur
1014 883 1169 941 vtestetur
1192 900 1226 941 66
1254 899 1356 942 unum
1385 901 1455 945 esse
1477 904 1517 945 cx
1540 883 1720 949 errantium
1749 906 1892 950 numero.
1925 891 1999 966 [pag.

82 986 113 1031 co
134 987 192 1030 suo
214 966 282 1044 tini,
305 973 363 1030 aut
384 987 425 1030 ex
448 987 510 1030 usu
533 972 770 1030 removeantur.
814 959 978 1041 Quoniam
1032 965 1085 1040 62]
1107 960 1160 1026 166
1180 983 1275 1044 saepe
1297 963 1379 1029 falsa
1390 966 1499 1047 opinio
1510 987 1592 1048 quae
1609 969 1707 1053 vulgo
1719 979 1872 1053 concepta
1888 971 1997 1054 fuerit,

82 1057 113 1116 te
136 1050 213 1133 quid
236 1051 315 1116 velit
335 1050 529 1127 dissimulat,
556 1048 709 1114 monendi
732 1055 811 1112 sunt
832 1047 977 1124 lectores,
1030 1046 1132 1111 abusu
1154 1047 1355 1114 contaminat
1378 1051 1459 1117 ritus
1476 1051 1595 1135 alioqui
1612 1076 1722 1138 puros:
1746 1066 1859 1121 utnon
1869 1064 1998 1124 tantum

82 1149 156 1201 tanc
176 1135 311 1202 61666661
339 1138 452 1200 referri
481 1157 592 1202 omnes
621 1133 828 1199 histrionicos
856 1144 977 1216 gestus,
1030 1133 1156 1213 privata
1177 1133 1325 1199 66661666
1339 1135 1462 1202 vitandi
1471 1139 1544 1214 sint,
1567 1139 1728 1204 sedetiam
1743 1141 1842 1208 libere
1854 1142 1997 1223 notandi,

92 1221 197 1286 simiis
228 1221 333 1305 magis
359 1222 564 1287 conveniunt
597 1240 693 1302 quam
723 1218 918 1296 hominibus,
946 1225 979 1281 et
1029 1239 1071 1281 uc
1099 1217 1261 1300 simplices
1287 1223 1393 1303 magis
1420 1242 1455 1287 ae
1487 1225 1591 1307 magis
1619 1223 1840 1292 obdurescant
1883 1228 1998 1312 Neque

86 1307 121 1371 in
144 1306 269 1372 6661666
290 1308 425 1388 profana
443 1314 553 1373 essent
577 1304 767 1371 tolerabiles.
804 1303 978 1386 Utcunque
1030 1304 1117 1367 enim
1139 1303 1308 1369 christiani
1332 1306 1391 1371 zeli
1415 1321 1472 1386 est,
1495 1331 1652 1393 quemque
1667 1312 1734 1378 sibi
1757 1333 1903 1379 seorsum
1920 1335 1997 1379 oon-

81 1401 135 1456 ute
157 1413 225 1457 non
246 1392 362 1458 vitioso
384 1394 557 1470 manarint,
579 1400 705 1456 constat
730 1389 812 1454 nihil
834 1395 906 1467 [pag.
926 1394 978 1466 66]
1030 1387 1146 1467 eulere,
1169 1390 1231 1455 nisi
1253 1401 1455 1457 moneantur.
1468 1393 1522 1458 alii
1544 1417 1671 1479 quoque
1701 1405 1738 1462 ut
1764 1398 1824 1464 sibi
1852 1408 1996 1478 caveant

81 1475 95 1540 1
115 1476 211 1541 hodie
233 1496 303 1542 esse
320 1498 417 1559 quam
436 1499 602 1543 sacrorum
619 1476 875 1559 inquinamenta
904 1475 978 1539 Pax
1028 1473 1145 1557 Itaque
1166 1474 1251 1556 quod
1273 1500 1312 1540 ex
1336 1479 1492 1562 scriptore
1513 1480 1621 1547 italico
1641 1481 1780 1562 adducit,
1804 1482 1906 1550 abusu
1931 1506 1997 1550 non

81 1584 107 1626 rr
136 1569 204 1640 tua,
231 1571 387 1646 nugator,
416 1564 507 1628 cuius
541 1561 648 1628 studio
681 1559 815 1643 quaevis
847 1560 977 1643 pietatis
1029 1558 1100 1624 tolli
1123 1560 1243 1625 bouum
1272 1584 1377 1639 usum,
1405 1564 1433 1630 si
1461 1566 1581 1648 absque
1608 1569 1796 1651 exceptione
1821 1569 1996 1654 intelligas,

81 1647 149 1713 bria
170 1646 305 1731 obtegis,
328 1647 457 1730 quando
479 1659 531 1713 ter
552 1645 727 1730 proditoria
752 1655 810 1723 est,
839 1664 858 1709 a
886 1645 978 1711 uobis
1028 1644 1163 1709 minime
1190 1668 1302 1712 verum
1330 1650 1404 1714 erit:
1437 1651 1567 1733 quando
1595 1674 1660 1718 non
1687 1655 1796 1720 minus
1822 1656 1997 1737 prudenter

81 1731 285 1798 6116666666.
330 1732 426 1814 Quod
448 1735 531 1799 ritus
555 1732 707 1815 quosdam
727 1730 977 1814 antiquissimos,
1030 1730 1198 1796 attendere
1236 1732 1385 1799 iubemur
1420 1759 1460 1808 ne
1491 1737 1637 1809 infirmos
1673 1739 1789 1805 fratres
1829 1740 1997 1808 laedamus

89 1817 239 1901 religiose
266 1818 344 1883 olim
378 1819 511 1883 fuerunt
543 1819 719 1894 observati,
754 1824 785 1882 et
818 1816 977 1899 paulatim
1030 1823 1140 1881 nostro
1161 1818 1318 1899 exemplo,
1348 1841 1443 1902 quam
1473 1845 1514 1886 ne
1541 1822 1618 1904 quid
1648 1832 1809 1891 tentemus
1836 1825 1995 1892 illicit-um.

81 1903 250 1981 taverunt,
290 1925 404 1970 rursus
442 1905 476 1967 in
512 1926 606 1969 usum
639 1903 765 1968 restitui
799 1904 889 1985 cupit
920 1922 979 1984 per
1028 1901 1103 1966 Etsi
1125 1902 1211 1966 euim
1234 1904 1286 1969 ubi
1310 1905 1434 1971 Paulus
1456 1908 1498 1991 (1.
1518 1907 1592 1983 Cor.
1616 1915 1663 1988 10,
1682 1908 1736 1995 28)
1758 1920 1845 1976 vetat
1865 1933 1996 1978 carnem

81 1989 186 2053 imam
209 1990 425 2066 autoritatem,
446 1999 479 2054 et
500 2011 597 2072 quam
619 1989 755 2052 minima
777 1989 849 2053 tieri
876 1989 979 2071 possit
1029 1987 1199 2069 gustando,
1222 2009 1303 2071 quae
1318 1989 1419 2057 idolis
1441 1994 1538 2057 luerit
1559 1999 1629 2072 [pag.
1649 2002 1700 2072 63]
1726 1996 1901 2074 immolata,
1930 1998 1995 2063 fra-

80 2074 266 2153 urbatione,
293 2075 450 2157 sipalam
472 2075 597 2141 fecisset
620 2073 796 2156 dequibus
818 2074 978 2157 loquatur,
1029 2082 1095 2137 tres
1128 2073 1299 2150 offendere,
1332 2075 1371 2142 de
1402 2099 1468 2142 una
1494 2081 1600 2161 specie
1626 2079 1771 2160 disserit,
1807 2082 1994 2165 generalem

82 2179 139 2223 um
161 2158 289 2243 aliquod
312 2160 523 2244 ingenuitatis
546 2159 694 2226 dedisset.
743 2155 845 2226 Usum
868 2158 978 2229 calicis
1029 2165 1138 2223 666166
1150 2160 1339 2242 praeseribit
1350 2163 1505 2246 regulam,
1523 2187 1564 2229 ue
1576 2165 1660 2229 melo
1670 2177 1727 2230 aut
1738 2167 1836 2233 nexio
1846 2167 1996 2251 exemplo

81 2264 153 2310 aera
173 2265 274 2311 coena
295 2246 423 2329 populo,
447 2246 499 2312 661
510 2245 643 2330 indigne
654 2256 785 2327 ereptus
807 2253 865 2323 est,
886 2242 978 2310 reddi
1029 2244 1197 2308 turbemus
1219 2244 1339 2311 debiles
1361 2250 1582 2315 conscientias.
1610 2251 1663 2316 Ita
1684 2251 1803 2317 rectius
1824 2272 1861 2318 ae
1884 2254 1996 2318 sanius

98 2329 195 2395 modo
222 2339 347 2397 rectum
374 2332 472 2409 foret,
500 2331 556 2396 sed
584 2332 716 2395 omnino
747 2332 975 2396 necessarium.
1028 2327 1165 2395 dicetur:
1184 2351 1274 2413 quae
1299 2332 1392 2398 Deus
1417 2334 1486 2418 ipse
1513 2335 1665 2416 instituit,
1691 2337 1781 2411 nullo
1809 2339 1911 2407 abusu
1938 2346 1996 2404 aut

87 2414 209 2480 'dubito
231 2416 311 2498 quin
334 2421 408 2495 [pag.
429 2422 482 2496 59]
507 2417 568 2482 hoe
595 2415 767 2482 inserendo
781 2418 805 2498 1)
832 2416 975 2482 laveram
1028 2414 1108 2478 vitio
1130 2435 1224 2497 posse
1246 2415 1381 2484 aboleri:
1413 2441 1494 2502 quae
1521 2429 1630 2487 autem
1657 2421 1848 2488 humanitus
1876 2423 1997 2490 tradita

81 2500 195 2565 averit.
251 2499 316 2567 Sed
350 2523 447 2583 quam
484 2501 585 2566 diluto
618 2502 858 2566 restitutionem
890 2501 982 2585 hanc
1027 2516 1112 2581 sunt,
1134 2511 1305 2585 postquam
1332 2525 1442 2570 errore
1470 2515 1547 2570 suut
1574 2509 1696 2585 vitiata,
1727 2509 1753 2574 si
1778 2529 1890 2574 eorum
1917 2505 1997 2576 usus

81 2585 177 2650 urat?
205 2586 351 2651 Dimidia
374 2594 501 2667 tantum
523 2608 641 2657 666666
662 2609 739 2670 pars
766 2587 897 2653 residua
924 2595 976 2652 est
1026 2592 1149 2663 noceat,
1173 2596 1207 2651 et
1227 2589 1333 2669 pariat
1354 2590 1581 2657 offendiculum
1606 2593 1770 2673 fratribus,
1799 2617 1869 2661 esse
1896 2595 1996 2660 absti-

81 2678 193 2754 apatu.
216 2671 308 2738 Haeo
330 2672 492 2750 1666166616,
515 2694 556 2738 66
576 2673 616 2737 ad
628 2680 830 2738 momentum
843 2671 975 2738 ferenda
1025 2670 1178 2736 neudum.
1223 2673 1272 2739 Ac
1294 2675 1394 2743 miror
1415 2696 1590 2757 censorem,
1619 2680 1673 2744 ubi
1695 2680 1827 2749 tandem
1849 2680 1996 2748 66666616

80 2755 109 2820 61
143 2756 188 2820 116
215 2757 271 2839 qni
297 2756 373 2824 lieet
400 2758 452 2823 vel
485 2757 525 2822 ad
561 2766 761 2824 momentum
793 2755 974 2841 discerpere
1026 2756 1191 2821 interdum
1224 2780 1261 2823 eo
1297 2781 1399 2843 usque
1432 2762 1630 2830 invalescere
1668 2766 1925 2847 superstitiones,
1958 2775 1996 2831 ut

80 2840 254 2909 sUhristus
270 2841 439 2909 individuo
457 2864 544 2908 nexu
563 2842 751 2911 coniunxit?
785 2842 932 2927 Nugatur
955 2865 975 2908 a
1025 2839 1155 2925 publica
1177 2845 1348 2910 6666616666
1370 2845 1530 2912 tollendae
1552 2850 1620 2914 sint
1645 2871 1698 2915 res
1725 2851 1813 2934 ipsae
1842 2873 1860 2916 e
1887 2850 1994 2916 medio

80 2926 210 2995 dicleri
231 2935 316 2994 nutu
336 2929 478 3012 pendere
498 2950 558 2994 nos
577 2928 676 3008 iubet,
705 2938 737 2994 et
780 2929 852 2993 6661
875 2929 910 2993 16
939 2951 975 2994 rc
1027 2928 1135 3010 (sicuti
1164 2926 1204 3003 de
1235 2938 1386 3013 serpente
1417 2951 1515 2998 aeneo
1550 2954 1569 2997 a
1601 2956 1678 3019 rege
1705 2936 1848 3002 Ezechia
1874 2936 1995 3002 factum

80 3013 144 3081 aula
164 3035 279 3080 cavere
302 3035 431 3081 omnem
454 2950 830 3099 perturbationem.,ded
842 3015 975 3082 minime
1026 3013 1180 3096 legimus)
1202 3036 1268 3080 non
1289 3017 1470 3100 perspicere
1493 3040 1585 3083 suam
1607 3020 1783 3086 6616661661
1805 3020 1898 3086 bonis
1921 3027 1995 3101 [pag.

80 3120 177 3163 urum
199 3106 257 3177 est,
278 3103 357 3183 quin
378 3101 490 3166 eadem
513 3121 576 3183 qua
593 3101 684 3185 prius
694 3101 828 3178 malitia,
851 3102 974 3185 species
1028 3104 1081 3178 64]
1107 3099 1266 3165 omnibns
1299 3122 1429 3168 exosam
1456 3103 1536 3168 lore:
1566 3104 1649 3187 quod
1677 3105 1717 3181 de
1746 3128 1809 3172 666
1835 3106 1995 3172 tolerabili

80 3204 118 3250 cs
141 3185 314 3265 subticens,
337 3207 422 3252 nova
443 3208 579 3252 onerum
602 3185 686 3252 mole
703 3185 974 3269 opprimereten-
1026 3182 1188 3249 subtiliter
1209 3184 1404 3268 disputando
1426 3190 1642 3256 crassissimas
1667 3211 1809 3274 quasque
1837 3191 1999 3274 supersti-⁴

80 3270 206 3335 miseras
229 3271 364 3337 animas.
1025 3270 1130 3337 tiones
1151 3269 1279 3353 oblique
1301 3272 1408 3339 salvas
1431 3281 1464 3338 et
1484 3274 1622 3340 intactas
1639 3296 1772 3342 manere
1790 3275 1877 3341 velit.
1905 3274 1994 3357 Quid

89 3353 260 3437 Quantum
299 3356 341 3425 ad
373 3358 456 3424 ritus
487 3357 715 3441 particulares,
754 3357 864 3442 vigeat
894 3379 974 3423 saue
1026 3355 1112 3453 66161
1134 3356 1169 3422 16
1190 3366 1313 3503 papatu
1337 3379 1401 3422 nou
1430 3358 1535 3425 simile
1560 3361 1703 3444 serpenti
1729 3381 1839 3439 aeneo,
1865 3371 1995 3444 praeter

80 3441 182 3506 666161
210 3444 387 3510 666666616;
414 3449 487 3523 [pag.
506 3449 561 3524 6ο]
590 3450 626 3508 66
659 3443 798 3528 singulis
831 3443 973 3510 ecclesiis
1025 3441 1185 3523 orlgincm
1229 3441 1327 3508 Iussu
1348 3443 1412 3509 Dei
1433 3446 1590 3510 conflatus
1613 3448 1718 3523 luerat
1734 3447 1858 3512 aMnse
1880 3446 1993 3529 (Num.

80 3547 141 3592 um
174 3526 217 3593 sit
250 3549 373 3594 morem
406 3552 500 3596 suum
539 3536 667 3595 tacuere:
705 3534 771 3594 imo
808 3528 973 3594 interdum
1025 3530 1077 3605 2¹1,
1096 3531 1143 3600 9);
1168 3537 1316 3593 servatus
1337 3529 1444 3595 inerat
1464 3530 1500 3595 in
1522 3531 1669 3597 beneficii
1677 3531 1876 3598 memoriam.
1901 3532 1996 3599 Inter

80 3635 84 3673 ι
106 3619 165 3691 666,
196 3634 239 3678 ne
267 3615 410 3680 externis
431 3615 641 3681 caeremoniis
669 3614 820 3698 alligetur
848 3613 972 3698 religio,
1024 3611 1184 3678 Ezechiae
1205 3614 1343 3679 virtutes
1355 3624 1554 3693 numeratur,
1577 3616 1669 3681 111616
1681 3617 1780 3683 fuisse
1792 3617 1994 3684 confractum

80 3695 125 3762 rid
158 3718 229 3764 esse
257 3700 435 3766 varietatis:
470 3698 564 3766 modo
591 3700 676 3766 absit
702 3699 885 3779 aemulatio,
914 3722 973 3767 nec
1024 3705 1057 3760 et
1079 3697 1113 3761 in
1135 3698 1259 3764 6166666
1281 3697 1446 3766 redactum
1470 3701 1513 3784 (2.
1537 3701 1618 3786 Reg.
1641 3706 1689 3781 18,
1707 3703 1751 3786 4).
1774 3703 1897 3786 Magna
1918 3722 1995 3786 pars

81 3781 121 3848 ab
141 3782 214 3850 aliis
235 3785 379 3851 novitate
399 3785 499 3852 illecti
520 3786 686 3852 diversum
709 3783 831 3869 aliquid
852 3785 973 3852 habere
1024 3784 1301 3865 superstitionum,
1321 3785 1512 3867 quibuscum
1528 3786 1629 3852 vhodie
1646 3786 1902 3871 bellum-gerunt
1923 3791 1993 3854 veri

80 3876 164 3935 6666
187 3867 385 3954 Quanquam
405 3880 442 3936 ut
459 3871 644 3955 intelligant
662 3872 797 3937 lectores
808 3871 974 3937 sincerum
1024 3868 1087 3933 Dei
1109 3867 1259 3947 cultores,
1283 3870 1441 3936 elaeonis
1453 3873 1559 3938 666616
1570 3871 1687 3955 quibus
1704 3873 1864 3938 manavit:
1881 3894 1994 3941 omues

80 3955 86 4019 1
117 3955 157 4021 ab
191 3955 252 4021 boc
283 3955 414 4021 bomine
455 3955 602 4040 prodire,
642 3956 799 4022 memoria
828 3964 972 4037 teneant,
1023 3953 1134 4036 impiis
1154 3954 1318 4021 erroribus
1338 3956 1515 4040 implicitae
1536 3965 1621 4035 sunt,
1646 3957 1711 4022 imo
1738 3957 1909 4038 delibutae,
1937 3960 1993 4043 qui

80 4061 99 4106 6
119 4040 216 4105 aliam
233 4041 334 4107 fuisse
355 4041 509 4124 temporis
529 4041 619 4107 illius
641 4042 798 4107 rationem
811 4061 847 4106 ao
860 4043 972 4121 nostri,
1024 4060 1193 4122 nunquam
1215 4039 1279 4105 elui
1301 4041 1436 4123 possint,
1458 4042 1519 4106 nisi
1529 4043 1683 4126 abrogato
1694 4048 1767 4122 [pag.
1787 4048 1839 4122 66]
1862 4044 1992 4110 illarum

80 4146 129 4209 quc
150 4128 318 4192 turmatim
339 4128 512 4193 innumera
526 4127 793 4210 superstitionum
804 4126 972 4210 congeries
1024 4144 1093 4189 usu.
1143 4125 1211 4190 Cur
1243 4147 1307 4191 non
1341 4146 1419 4210 erge
1458 4128 1647 4210 simpliciter
1680 4126 1765 4211 quod
1784 4151 1912 4194 'verum
1943 4139 1994 4196 666

80 4210 278 4277 obruendum
304 4212 368 4277 Dei
396 4212 519 4278 cultum
546 4210 732 4278 exundavit
776 4211 973 4294 Expendens
1023 4210 1237 4294 agnoscimus,
1260 4213 1477 4278 necessarium
1500 4200 1562 4278 boc
1585 4233 1656 4279 esse
1673 4212 1861 4297 purgandae
1882 4236 1902 4280 6
1923 4238 1991 4281 sor-

80 4319 101 4361 6
133 4297 286 4362 convenit
319 4296 397 4381 quid
429 4298 552 4377 valeat,
586 4319 691 4381 neque
723 4305 836 4364 contra
862 4296 970 4376 fidem,
1023 4293 1117 4364 dibus
1139 4295 1291 4360 ecelesiae
1312 4296 1513 4362 remedium?
1575 4344 1577 4350 ·

80 4403 108 4446 ι6
129 4393 242 4447 contra
262 4382 362 4450 bonos
385 4405 491 4448 mores
509 4385 599 4449 iuinn
626 4384 642 4447 '.
666 4383 869 4464 Numquam
892 4383 972 4449 velit
1109 4379 1204 4461 Quod
1231 4381 1320 4446 addit
1348 4384 1596 4448 constitutiones
1621 4383 1811 4463 nonnullas,
1843 4385 1990 4468 quamvis

80 4488 94 4532 s
122 4473 193 4546 [pag.
218 4472 272 4546 61]
296 4490 340 4534 ex
373 4472 572 4554 praescripto
618 4470 687 4553 egis
721 4489 797 4534 suae
823 4468 900 4547 coli,
934 4491 971 4534 ac
1023 4465 1344 4551 exiguumbabeant
1370 4489 1475 4547 usum,
1504 4478 1613 4533 tamen
1642 4470 1775 4534 unitatis
1802 4468 1991 4536 retinendae

80 4551 136 4618 ude
160 4554 290 4619 fictitios
312 4554 419 4620 cultus
442 4553 629 4634 detestetur,
649 4554 727 4620 fidei
746 4561 834 4619 certe
851 4575 970 4638 repug-
1023 4561 1056 4615 et
1078 4551 1222 4617 scandali
1246 4551 1370 4618 vitandi
1398 4572 1496 4618 causa
1522 4553 1698 4630 servandas
1726 4576 1804 4632 esse,
1832 4555 1892 4620 etsi
1923 4555 1990 4620 veri

91 4635 264 4720 quidquam
287 4639 356 4705 eius
371 4640 534 4706 mandatis
553 4638 628 4706 addi
641 4639 809 4705 hominum
823 4639 971 4704 arbitrio:
1022 4637 1128 4720 specie
1149 4660 1213 4703 nou
1235 4653 1332 4717 caret,
1356 4638 1465 4703 dolum
1487 4647 1596 4705 661666
1618 4640 1750 4706 subesse
1773 4662 1814 4705 ex
1836 4648 1990 4706 contextu

83 4724 178 4789 bonis
199 4724 343 4790 moribus
353 4733 600 4792 consentaneae
623 4734 703 4792 sunt
720 4724 862 4790 ludicrae
880 4726 970 4808 iuep-
1022 4722 1157 4804 planum
1185 4723 1288 4788 faciet.
1336 4723 1416 4788 Mox
1445 4725 1532 4789 enim
1560 4725 1782 4808 exceptionem
1809 4723 1910 4788 addit:
1951 4723 1989 4790 Si

95 4809 213 4892 quibus
233 4818 303 4874 tota
329 4810 442 4895 religio
467 4812 594 4877 foedata
621 4820 677 4877 est·
696 4811 731 4876 in
759 4820 886 4894 papatu.
931 4809 970 4876 Si
1022 4829 1104 4890 quae
1125 4808 1221 4873 utiles
1243 4808 1432 4891 plerumque
1455 4811 1530 4888 sint,
1553 4818 1662 4876 661666
1674 4831 1786 4876 aarum
1808 4808 1989 4876 observatio

87 4897 171 4960 ritus
196 4916 254 4978 per
282 4918 316 4962 se
344 4897 417 4962 boni
446 4898 511 4962 sint
538 4918 575 4964 ac
606 4898 717 4975 utiles,
746 4916 888 4962 errorem
914 4895 968 4978 qui
1021 4893 1174 4976 privatim
1198 4893 1249 4964 vel
1273 4895 1435 4965 66616616
1458 4895 1509 4961 vel
1535 4895 1750 4980 impossibilis,
1779 4893 1820 4963 ad
1847 4905 1990 4960 mentem

1021 4978 1214 5064 legislatoris
1235 4979 1486 5064 mufirgiendum
1508 5002 1586 5047 esse.
1608 4982 1698 5064 Ergo
1713 4979 1767 5044 lex
1783 4979 1824 5044 de
1845 4979 1990 5046 ciborum

80 5106 99 5168 .)
120 5100 167 5154 Sic
190 5102 316 5169 66166666
338 5109 362 5156 et
382 5101 479 5154 061166
498 5104 689 5170 (6666166666)
709 5103 784 5155 Besa
806 5100 971 5154 evvrendcoit:
994 5067 997 5203 ἱ
1021 5064 1167 5214 ῗθιξθωὶ
1180 5085 1243 5213 {aa
1254 5066 1457 5167 10Ψῶθῇῃῖ
1468 5073 1546 5166 [9²83
1559 5072 1610 5143 ⁶⁶]
1628 5085 1703 5130 ⁰⁸u⁸
1715 5065 1831 5164 08111196
1844 5086 1989 5147 ⁰V⁰mmr

80 5169 147 5225 ndo.
955 5194 960 5204 ·
1034 5170 1071 5215 ac
1097 5173 1112 5214 6
1134 5172 1152 5213 6
1208 5157 1306 5234 utyrr,
1327 5152 1453 5235 pubbce
1472 5172 1569 5217 noxia
1586 5171 1651 5215 non
1674 5150 1865 5216 censebitur.
1894 5151 1990 5221 Unde
