4620 5828
198 234 263 293 ⁵75
1057 223 1319 293 RESPONSIO
2133 225 2195 288 b'lb

198 417 285 481 iocos
306 415 384 482 hine
405 414 482 489 inde
503 415 740 499 consmcinans,
759 413 875 498 quibus
893 434 1006 480 secure
1025 434 1061 479 se
1078 413 1171 481 fabae
1223 413 1531 479 imitentur.cmnes
1553 412 1724 478 christiani
1744 412 1918 496 principes.
1948 411 2134 489 Vanitatis,
2147 410 2198 475 fu-

198 500 261 566 lari
288 508 438 568 ostentet.
486 501 577 585 Ergo
604 500 632 565 si
661 521 713 587 me
741 501 988 582 contempserit,
1020 498 1172 589 protinus
1225 498 1362 577 tilitatis,
1386 499 1576 577 calumniae,
1598 496 1844 564 maledicentiae
1865 508 2021 582 magnam
2044 503 2199 562 assetur·

198 586 328 671 schlam
346 586 437 669 feriet
457 587 564 654 adea
584 585 702 651 amice.
742 583 816 666 Quo
839 585 1030 652 consiliose
1053 585 1172 669 nugari
1224 582 1531 668 pitudinemlateor.
1557 583 1644 650 ·0ur
1666 604 1745 668 ergo
1774 580 1826 650 his'
1850 583 2003 656 omnibus
2031 582 2121 649 vitiis
2150 583 2199 645 in·

197 673 372 756 magnifice
393 671 569 757 praedicat,
592 670 708 737 frivola
726 671 835 737 neseio
858 693 941 754 quae
972 670 1108 736 dicteria
1134 669 1171 733 in
1224 670 1414 736 lamiam·.et
1435 670 1547 735 odium
1568 671 1716 735 omnium
1744 669 1807 735 sibi
1839 669 1996 736 accersit?
2041 667 2097 734 Sit
2122 686 2200 733 sane

197 779 251 835 me
283 757 440 825 iaciendo.
485 754 575 839 Quid
607 757 695 821 enim
730 755 819 821 aliud
853 756 1017 822 facerem?
1052 755 1170 838 inquit.
1223 777 1380 840 magnum
1414 754 1526 838 odium
1547 755 1703 821 saevitiae
1725 755 1884 820 adversus
1904 755 2051 820 insontes
2071 755 2201 817 inflam-

198 843 326 928 Nempe
338 864 478 928 magnus
490 844 544 909 vir
561 843 755 920 censebitur,
779 843 807 908 si
841 863 877 908 er
898 842 1007 908 lusum
1019 850 1053 907 et
1064 842 1171 907 iocum
1223 850 1345 906 matae:
1369 843 1413 907 sit
1434 841 1532 907 etiam
1553 862 1676 925 magno
1697 841 1877 906 dictaturae
1899 845 1974 919 [pag.
1999 844 2053 919 30]
2074 837 2201 904 invidia

198 928 289 994 nullo
310 928 441 1014 negotio
468 950 521 998 me
548 928 699 1013 exagitet
744 865 840 1009 Quid
861 949 939 1013 ergo
967 928 1029 993 sibi
1056 927 1173 993 volunt
1225 927 1328 992 bonos
1346 928 1433 992 cives
1453 928 1699 1011 proscribentis:
1723 927 1936 992 intolerabilis
1954 946 2007 991 res
2029 924 2128 991 sitin
2149 944 2200 989 ee-

83 1053 87 1060 ·
198 1023 248 1080 tot
269 1016 412 1100 tragicae
429 1013 690 1093 exclamationes,
711 1014 830 1098 quibus
851 1014 978 1079 coelum
994 1022 1029 1078 et
1049 1021 1172 1077 terram
1225 1013 1323 1079 alesia
1341 1015 1507 1096 tyrannis:
1530 1012 1660 1096 quando
1677 1012 1761 1077 nihil
1782 1013 1900 1077 horum
1918 1013 1954 1076 in
1970 1032 2024 1088 me
2034 1000 2199 1093 competit,

199 1100 350 1167 invocat?
379 1100 539 1185 Nugatur,
561 1094 647 1182 qued
670 1120 790 1164 nomen
813 1121 891 1165 vere
913 1100 974 1180 tibi⁴
991 1099 1171 1181 sumpsisti,
1225 1099 1364 1164 libenter
1375 1096 1520 1163 admitto.
1551 1098 1589 1164 si
1604 1120 1657 1163 me
1669 1098 1825 1182 sugillare
1847 1099 1977 1180 impuro
1988 1096 2200 1162 conviciatori

199 1187 228 1251 si
248 1192 283 1251 te
300 1187 427 1271 poetica
448 1184 589 1251 melodia
610 1184 757 1263 delectat,
780 1184 1015 1268 quomodonon
1033 1185 1069 1248 in
1080 1205 1172 1247 men·
1225 1186 1427 1268 propositum
1455 1191 1518 1264 est,
1548 1199 1621 1250 sota
1650 1186 1805 1250 saevitiae
1837 1204 1931 1248 meae
1957 1193 2199 1257 commemoret,

198 1279 266 1337 tem
287 1273 382 1338 venit
400 1270 483 1337 illud
509 1269 654 1336 Horatii:
679 1269 717 1336 a·
740 1272 791 1335 cis
817 1292 865 1336 me
889 1271 979 1350 flere,
1008 1269 1189 1347 dolendam.
1224 1271 1372 1336 insontes
1400 1271 1546 1335 nominet
1569 1291 1589 1335 a
1610 1290 1663 1334 me
1690 1270 1843 1348 afflictos,
1878 1269 2007 1334 tabulas
2040 1269 2200 1351 proscrip-

198 1357 267 1423 est?
310 1357 426 1441 Neque
447 1358 536 1421 enim
558 1356 637 1422 satis
659 1357 822 1432 convenit,
844 1378 920 1421 eum
943 1357 998 1439 qui
1015 1377 1050 1420 se
1072 1375 1173 1438 prope
1225 1355 1325 1421 tionis
1337 1355 1504 1420 ostendat:
1527 1355 1666 1437 denique
1679 1357 1852 1439 tyrannica
1864 1363 1937 1420 acta
1954 1356 2109 1437 proferat,
2121 1373 2201 1436 quae

198 1443 341 1509 nefando
362 1441 537 1527 parricidio
558 1439 746 1526 impetitum
773 1442 874 1508 fuisse
903 1441 1064 1525 deplorat,
1092 1439 1173 1505 deli·
1226 1441 1429 1507 exercuerim
1452 1440 1514 1522 sub
1542 1440 1710 1524 religionis
1739 1443 1854 1523 specie.
1898 1441 1945 1512 Et
1974 1448 2085 1505 tamen
2114 1447 2200 1522 post·

199 1531 262 1595 tias
284 1529 347 1596 sibi
368 1530 483 1607 facere,
516 1534 549 1592 et
579 1527 615 1592 in
647 1549 707 1592 sua
723 1528 868 1611 pernicie
896 1528 1044 1593 suaviter
1061 1524 1189 1592 iocari·
1226 1549 1324 1612 quam
1357 1526 1488 1591 libidini
1523 1548 1601 1592 suae
1634 1525 1715 1595 adeo
1758 1528 2016 1608 intemperanter
2054 1523 2200 1601 indulsit,

200 1615 274 1682 Hac
297 1615 338 1689 de
359 1635 457 1681 causa
479 1612 673 1678 etiam'mihi
694 1613 840 1691 insultat,
863 1612 950 1698 quod
972 1634 1040 1677 non
1059 1632 1173 1677 omnes
1226 1612 1329 1678 multo
1342 1613 1512 1695 atrociora
1533 1614 1568 1677 iu
1585 1621 1754 1695 posterum
1765 1611 1956 1686 denunciat:
1979 1620 2014 1675 et
2035 1611 2202 1695 prosclita

200 1703 306 1767 sciant
327 1721 391 1784 qua
411 1707 503 1783 parte
524 1720 578 1764 me
599 1710 729 1782 premat
750 1700 887 1781 pulcher
903 1699 1039 1765 calceus.
1070 1696 1175 1778 Quasi
1228 1698 1414 1764 urbanitate
1446 1719 1534 1764 nunc
1566 1698 1600 1764 s'e
1619 1698 1715 1763 vmihi
1747 1716 1882 1781 parcere
1915 1698 2049 1774 iocatur.
2100 1696 2203 1778 Atqui

199 1787 331 1871 vulgari
351 1785 526 1869 proverbio
543 1785 580 1849 in
601 1784 768 1849 hominem
790 1786 830 1851 ab
852 1786 941 1849 omni
958 1784 1174 1849 ostentatione
1228 1784 1313 1849 nihil
1333 1785 1451 1849 melius
1473 1806 1568 1867 quam
1589 1805 1751 1863 yesanum
1781 1784 1868 1850 hunc
1897 1784 2049 1859 furorem,
2078 1783 2135 1865 qui
2161 1779 2203 1846 ad

200 1873 297 1956 lenge
318 1878 483 1938 remotum
495 1880 619 1935 temere
640 1866 784 1952 proiecto
806 1871 946 1954 opprimi
966 1877 1064 1953 queat
1085 1890 1173 1934 com·
1227 1892 1280 1939 me
1302 1892 1367 1934 non
1390 1871 1558 1954 pertingit,
1582 1879 1682 1949 etuto
1695 1869 1872 1951 despicere:
1896 1871 1974 1952 quia
1995 1867 2051 1933 ubi
2062 1868 2201 1933 latratus

200 1969 294 2042 perta
314 1956 465 2023 omnibus
486 1955 687 2039 simplicitas.
732 1953 913 2039 Postquam
935 1977 1014 2024 vero
1042 1977 1077 2020 se
1106 1963 1174 2018 tam
1227 1976 1341 2021 omnes
1362 1958 1706 2039 sucsocnsumpserit,
1729 1954 1815 2019 idem
1837 1954 1983 2019 manebit
2000 1955 2054 2036 qui
2073 1974 2202 2036 semper

201 2043 296 2110 bellis
324 2042 466 2108 dicteriis
500 2042 646 2118 satiavit,
681 2041 744 2106 sibi
773 2042 901 2107 asciscit
932 2042 1040 2108 severi
1068 2041 1173 2104 moni·
1226 2042 1289 2107 suit
1309 2043 1486 2108 obscoenus
1508 2042 1607 2106 canis.
1653 2041 1826 2108 Gloriatur
1846 2061 1881 2105 se
1901 2040 1982 2104 mihi
2004 2061 2070 2105 non
2088 2038 2202 2105 cedere

201 2131 282 2195 toris
304 2137 337 2194 et
357 2127 507 2212 magistri
527 2134 655 2211 partes:
674 2128 859 2208 uerecunde
877 2135 1006 2193 tamen:
1031 2132 1105 2208 [pag.
1118 2131 1172 2205 28]
1226 2129 1262 2192 in
1284 2127 1482 2211 reipublicae
1504 2135 1538 2192 et
1564 2127 1719 2193 ecclesiae
1746 2125 1927 2192 servandae
1954 2124 2077 2190 studio:
2108 2124 2203 2190 modo

199 2216 276 2299 quia
307 2214 414 2279 malus
442 2213 615 2279 comoedus
645 2221 854 2296 praepostere
885 2213 985 2279 tahas
1017 2232 1174 2295 personas
1225 2214 1316 2279 inani
1334 2214 1422 2282 fastu
1440 2222 1628 2296 crepantem
1647 2213 1881 2296 pueriquoque
1894 2212 2106 2277 subsannent.
2135 2210 2204 2277 Nec

199 2299 335 2367 inducit.
379 2299 464 2364 Mihi
483 2318 563 2364 vero
580 2297 665 2362 nihil
686 2319 768 2382 opus
797 2307 848 2364 est
872 2299 1049 2376 Bucerum,
1082 2298 1174 2363 ouius
1226 2319 1306 2365 vero
1328 2298 1457 2364 Galliae
1475 2298 1585 2364 oculos
1606 2300 1769 2383 configere
1790 2319 1923 2364 necesse
1945 2305 2004 2375 est,
2027 2308 2065 2360 ut
2076 2296 2117 2361 de
2129 2317 2204 2380 per-

199 2387 333 2452 nomine
350 2406 418 2449 non
439 2384 548 2449 minus
568 2383 739 2468 pueriliter
750 2405 849 2466 quam
860 2383 1004 2467 improbe
1016 2384 1173 2462 abutitur,
1227 2392 1326 2468 petua
1347 2406 1422 2465 mea
1443 2383 1516 2457 fide,
1539 2384 1718 2469 diligentia,
1742 2385 1940 2468 integritate,
1962 2381 2135 2460 modestia,
2155 2390 2204 2446 to-

198 2495 219 2538 e
240 2471 331 2538 coelo
353 2470 478 2548 elicere,
501 2469 556 2552 qui
579 2491 726 2535 scurram
737 2470 879 2534 refellat:
902 2469 1032 2553 quando
1053 2469 1173 2534 mortui
1226 2471 1374 2548 larentia,
1397 2480 1431 2534 et
1452 2469 1591 2535 assiduis
1612 2491 1672 2553 pro
1695 2470 1833 2542 ecclesia
1852 2468 2034 2547 laboribus,
2064 2466 2203 2533 iudicet:

199 2557 393 2640 superstites
415 2563 495 2620 sunt
526 2554 656 2633 literae,
688 2563 784 2638 atque
810 2557 911 2620 etiam
942 2555 1017 2621 libri
1046 2553 1174 2638 publice
1217 2556 1312 2639 ,quod
1337 2564 1387 2620 tot
1415 2556 1599 2639 insignibus
1625 2554 1828 2621 documentis
1856 2557 1922 2619 iam
1948 2574 2054 2637 usque
2083 2575 2104 2619 a
2132 2575 2211 2618 mea

200 2641 295 2722 editi,
330 2664 372 2706 ex
400 2640 519 2724 quibus
555 2660 750 2725 cognoscere
777 2649 965 2724 promptum
999 2649 1049 2706 est
1075 2661 1174 2722 quam
1207 2641 1449 2708 ‘adulescentia
1476 2642 1652 2725 probatum
1681 2649 1739 2706 est.
1783 2641 1857 2705 Hac
1882 2640 2002 2705 fiducia
2028 2641 2064 2704 in
2098 2639 2211 2724 gradu

200 2727 317 2794 stolide
338 2726 523 2793 Balduiuus
545 2727 615 2791 eius
637 2747 810 2809 personam
832 2727 985 2805 induerit,
1007 2734 1045 2792 ut
1073 2725 1173 2791 licen·
1228 2734 1302 2810 [pag.
1329 2732 1383 2806 31]
1410 2747 1483 2792 mee
1516 2727 1558 2792 ad
1586 2735 1772 2792 extremum
1804 2748 1906 2811 usque
1939 2734 2089 2808 perstare
2123 2725 2211 2790 mihi

200 2815 282 2880 tiose
313 2815 349 2879 in
381 2833 441 2878 sua
457 2812 640 2895 ,protervia
672 2812 854 2878 insultaret
909 2811 1018 2879 Saevo
1051 2811 1087 2876 in
1120 2831 1174 2875 me
1226 2814 1307 2879 satis
1329 2815 1398 2878 erit.
1444 2813 1529 2878 Nam
1550 2812 1637 2896 quod
1654 2834 1707 2878 me
1728 2832 1839 2883 errare
1860 2812 2021 2889 clamitat,
2052 2813 2082 2877 si
2108 2813 2147 2876 in
2170 2833 2211 2876 oo

223 2900 321 2968 robro
347 2900 415 2964 iam
442 2898 591 2975 invectus
618 2899 739 2978 fuerat,
773 2920 875 2983 quum
909 2913 1040 2981 rogaret
1073 2917 1174 2979 ecquo
1226 2921 1280 2964 me
1300 2900 1368 2964 iam
1389 2898 1469 2966 solio
1489 2906 1571 2982 pute
1592 2899 1744 2976 locatum,
1764 2908 1802 2962 ut
1822 2898 1905 2963 mihi
1920 2896 2089 2980 quodlibet
2099 2897 2210 2975 liceat,

200 2921 336 3052 lbertas
356 2984 538 3050 communis
560 2983 722 3062 reciderit,
745 2983 774 3049 si
793 3006 860 3049 non
882 2984 957 3050 lieet
977 2983 1081 3066 loqui,
1110 2981 1175 3062 nisi
1227 2986 1379 3051 omnibus
1400 2983 1565 3061 insultem,
1588 2984 1739 3050 omnibus
1759 2983 1902 3049 indicam
1919 2983 2100 3063 silentium,
2119 2985 2207 3050 solus

196 3078 242 3139 'ex
264 3069 397 3141 arbitrio
415 3077 449 3136 et
468 3070 610 3139 formula
630 3063 728 3135 unius
751 3069 890 3136 ubouius
917 3070 996 3136 novi
1024 3067 1174 3134 doctoris.
1226 3073 1385 3154 imperem
1407 3082 1442 3136 et
1464 3070 1653 3151 fulminem,
1681 3071 1828 3136 eiusdem
1853 3079 1903 3135 est
1929 3067 2097 3135 firtilitatis
2126 3089 2206 3154 quae

200 3156 328 3224 Omitto
356 3153 443 3239 quod
469 3177 591 3222 novum
621 3154 764 3240 appellat
791 3155 970 3234 doctorem,
1003 3155 1095 3221 ouius
1121 3174 1174 3218 re·
1226 3157 1294 3222 iam
1316 3157 1350 3221 in
1373 3157 1444 3221 aliis
1463 3157 1589 3239 spurcis
1607 3155 1762 3232 conviciis
1781 3155 1946 3239 ,patefacta
1967 3164 2026 3220 est.

199 3264 321 3327 sponsa
342 3241 422 3307 olim
443 3241 506 3306 sibi
536 3262 607 3307 esse
634 3262 694 3325 pro
718 3243 857 3308 oraculis
884 3240 1055 3308 scribebat.
1106 3238 1174 3306 Sed
1312 3242 1364 3308 Ne
1385 3242 1463 3325 quid
1481 3251 1592 3308 tamen
1614 3243 1800 3324 proterviae
1821 3241 1984 3325 reliquum
2003 3242 2114 3320 faeiat,
2133 3242 2201 3324 quia

199 3337 300 3413 quam
320 3326 403 3394 falso
420 3326 690 3414 comminisoatur'
707 3326 793 3393 hanc
813 3348 867 3392 me
889 3328 1083 3401 servitutem
1108 3324 1174 3390 illis
1228 3327 1416 3412 aliquando
1431 3349 1474 3392 ne
1502 3327 1579 3411 quid
1608 3328 1722 3394 amieis
1757 3337 1885 3392 crearet
1918 3326 2059 3412 periculi
2087 3348 2199 3396 nomen

199 3417 384 3497 imponere,
412 3420 451 3477 ut
477 3433 518 3477 ex
543 3433 615 3477 mec
645 3420 729 3477 nutu
749 3412 930 3496 pendeant,
963 3419 1064 3478 testes
1097 3418 1175 3477 sunt
1227 3435 1347 3492 meum,
1366 3413 1521 3497 privatim
1543 3435 1645 3498 quum
1668 3412 1711 3479 ad
1728 3433 1785 3478 ecs
1812 3413 1988 3478 scriberem
2018 3414 2199 3479 Lucanium

223 3502 273 3579 ui,
300 3498 431 3565 tametsi
463 3497 566 3563 libere
598 3519 696 3563 ame
732 3497 942 3577 dissentiant,
971 3519 1038 3563 non
1063 3503 1174 3562 taum
1227 3521 1280 3565 me
1301 3499 1446 3566 inversis
1468 3499 1572 3565 literis
1593 3500 1718 3577 vocavi,
1747 3498 1852 3564 trahit
1879 3498 1983 3565 bonus
2011 3497 2067 3565 hio
2095 3499 2198 3583 reipu-

200 3523 357 3655 desinunt
389 3605 459 3650 esse
492 3584 599 3649 amici.
654 3583 853 3650 Invidiosius
892 3583 977 3668 quod
1011 3585 1173 3667 sequitur:
1226 3586 1333 3651 blieae
1351 3585 1501 3650 defensor
1518 3585 1554 3649 in
1577 3586 1716 3649 crimen:
1747 3592 1781 3649 et
1802 3581 1898 3650 simul
1921 3584 2062 3649 Luciani
2085 3605 2198 3649 nomen

200 3671 274 3737 Nisi
295 3671 377 3736 meis
401 3669 547 3738 consiliis
575 3670 704 3734 obviam
732 3670 816 3734 itum
843 3670 959 3749 fuerit,
982 3691 1051 3734 non
1077 3668 1174 3734 modo
1226 3672 1436 3756 permiscens,
1459 3670 1629 3735 infamiam
1651 3691 1825 3755 aspergere
1852 3669 1936 3734 mihi
1957 3679 2108 3748 conatur,
2130 3669 2197 3736 oal-

201 3777 310 3834 causa,
331 3756 389 3822 sed
411 3763 445 3819 et
465 3755 534 3821 vita
551 3754 734 3820 cadendum
756 3776 836 3834 csse,
859 3757 1056 3838 omninoque
1081 3776 1174 3837 pere·
1227 3758 1341 3823 vinum
1362 3756 1399 3820 in
1421 3756 1606 3821 Luciannm
1628 3757 1795 3822 venando.
1839 3755 1967 3836 Nempe
1988 3754 2053 3822 hoc
2070 3755 2199 3821 dicterio

202 3840 341 3920 undum,
369 3843 397 3906 si
424 3840 503 3924 quid
531 3840 692 3907 exciderit
720 3840 806 3924 quod
834 3841 915 3905 mihi
943 3861 1011 3906 non
1037 3840 1173 3922 placeat
1228 3866 1263 3910 se
1290 3841 1481 3926 religiosum
1500 3843 1640 3925 probare
1662 3842 1782 3919 voluit,
1808 3841 1863 3906 vel
1890 3841 2006 3905 saltem
2033 3861 2198 3924 occupare,

201 3928 303 3992 Forte
323 3926 357 3992 id
379 3927 421 4027 ab
441 3928 511 4010 ipso
531 3926 721 4010 impetravit
741 3925 901 4004 Castalio,
931 3935 1090 4009 tanquam
1119 3928 1175 3990 iir-
1229 3949 1270 3995 ne
1312 3926 1354 4000 ad
1383 3927 1589 4016 ¹magistrum
1624 3949 1720 3993 suum
1760 3927 1945 4000 Lucianum
1986 3927 2199 4011 ablegaretur.

202 4034 294 4077 mum
327 4012 488 4078 amicitiae
518 4012 652 4096 pignus,
687 4019 726 4077 ut
763 4017 836 4092 [pag.
869 4018 922 4092 29]
958 4012 1176 4095 patrocinium
1228 4015 1277 4079 Hi
1298 4013 1423 4089 scilicet
1445 4013 1523 4078 salsi
1552 4010 1640 4078 sunt'
1663 4012 1791 4097 lepores
1823 4013 1898 4079 boni
1931 4012 2091 4078 rhetoris:
2126 4032 2199 4096 prae

202 4117 320 4166 causae
342 4094 472 4163 Servati
495 4099 681 4181 susciperet.
710 4098 820 4164 Iustas
831 4098 963 4182 quidem
985 4097 1176 4180 illepoenas
1228 4100 1346 4185 quibus
1368 4099 1544 4179 tolerabile
1563 4092 1652 4164 es'set
1680 4099 1853 4176 cavillum,
1880 4100 1907 4164 si
1935 4098 2009 4182 quie
2037 4098 2200 4163 Badinum

203 4182 309 4249 dedit:
336 4181 394 4247 sed
416 4204 459 4248 an
486 4203 558 4248 meo
586 4180 740 4249 arbitrio?
769 4180 867 4248 Oerte
892 4183 1083 4267 arrogantia
1109 4205 1176 4248 nou
1228 4206 1288 4270 pro
1317 4184 1482 4251 Balduine
1515 4183 1650 4250 diceret:
1684 4185 1770 4269 quod
1805 4192 1915 4249 umen
1952 4183 2088 4267 putidae
2121 4191 2201 4249 esset

202 4270 317 4335 minus
333 4287 432 4351 quam
453 4268 605 4351 impietas
626 4269 771 4352 perdidit
781 4269 955 4335 hominem.
988 4267 1056 4335 Sed
1074 4266 1175 4353 quod·
1229 4271 1453 4337 affectationis.
1497 4269 1563 4335 Sed
1585 4271 1671 4336 nihil
1692 4271 1812 4335 mirum
1835 4271 1881 4336 sio
1898 4268 2067 4334 hominem
2096 4280 2201 4336 mente
2303 4338 2305 4352 ,

202 4377 282 4421 nam
303 4374 415 4420 meum
435 4354 568 4434 crimen,
591 4355 620 4418 si
637 4352 781 4420 Senatus
803 4363 915 4429 noster
936 4357 1010 4435 mec
1033 4354 1175 4433 hortatu,
1228 4357 1408 4422 alienatum
1429 4356 1592 4439 desipere,
1621 4360 1676 4439 qui
1709 4357 1834 4422 crimen
1864 4355 2024 4440 ἀστοργίας
2053 4357 2118 4421 sibi
2148 4355 2200 4420 ob

202 4462 245 4508 ex
266 4440 412 4526 plurium
429 4448 539 4504 tamen
551 4440 760 4506 ecclesiarum
774 4441 945 4521 sententia,
960 4440 1177 4508 exsecrabiles
1228 4444 1351 4508 iactum
1363 4441 1487 4507 diluere
1498 4442 1624 4519 volens,
1647 4443 1821 4514 orbitatem
1832 4442 1914 4506 mihi
1925 4439 2115 4524 exprobrat
2139 4443 2201 4506 De-
2303 4510 2305 4523 ἰ

203 4525 423 4611 blasphemias
443 4524 531 4590 ultus
549 4524 620 4591 est?
1229 4528 1323 4594 derat
1345 4528 1426 4592 mihi
1448 4528 1541 4593 Deus
1570 4532 1644 4607 [pag.
1674 4532 1729 4606 32]
1755 4527 1910 4606 filiolum:
1942 4526 2088 4592 abstulit
2110 4528 2202 4598 ,Hoc

235 4622 238 4629 '
289 4612 466 4695 Vituperet
498 4632 551 4676 me
579 4626 658 4675 sane
690 4612 752 4679 hae
787 4613 824 4691 in
858 4620 951 4695 parte
981 4607 1177 4677 Francisous
1229 4634 1357 4698 quoque
1390 4623 1544 4680 recenset
1572 4614 1659 4678 inter
1672 4679 1677 4692 ,‚
1690 4614 1810 4696 probra
1841 4613 1952 4679 liberis
1985 4633 2040 4677 me
2083 4634 2202 4680 carere
2309 4650 2310 4655 κ

204 4696 402 4777 Balduiuus,
438 4696 536 4762 modo
569 4696 717 4780 Philippi
756 4697 1023 4773 Melanchthpnis
1057 4696 1177 4763 iudicio
1229 4699 1332 4783 Atqui
1361 4698 1443 4763 mihi
1473 4699 1617 4784 filiorum
1650 4707 1728 4763 sunt
1770 4696 1935 4782 myriades
1967 4699 2002 4764 in
2030 4706 2103 4763 toto
2129 4699 2206 4773 orbe

203 4785 378 4868 posteritas
399 4783 481 4848 mihi
503 4781 737 4868 gratitudinem
766 4783 891 4864 debeat,
919 4783 996 4867 quia
1023 4789 1092 4848 tam
1120 4803 1177 4848 ex·
1229 4785 1417 4852 christiano.
1462 4783 1498 4850 Si
1523 4805 1601 4851 vero
1623 4784 1724 4849 fibula
1752 4793 1824 4862 tua,
1853 4805 1965 4868 qnam·
1980 4783 2144 4864 celebras,
2173 4795 2207 4850 et

204 4869 288 4935 itiali
298 4877 445 4935 monstro
461 4869 863 5016 ecclesiampurgaverim.
896 4868 1177 4970 ‘Senatume'tiam
1230 4892 1294 4956 qua
1315 4870 1479 4970 superbis,
1513 4869 1691 4969 adolescat,
1723 4872 1840 4935 merito
1872 4892 1946 4941 eam
1980 4868 2116 4952 pudebit
2141 4871 2208 4970 'tali
2307 4928 2308 4933 ,

204 4962 362 5053 noenum,
375 4955 436 5020 sub
449 4976 541 5021 curus
554 4954 675 5053 ditione
686 4975 706 5018 a
719 4954 965 5056 iquandovrrrt,
978 4960 1180 5054 perstrmgat
1229 4966 1324 5108 patre
1351 4958 1452 5055 fuisse
1479 4963 1694 5056 progemtam.
1714 5041 1721 5055 ·
1739 4954 1907 5064 Quorsum
1935 4964 2046 5020 tarum
2058 4957 2210 5059 ‘'mllrgat

205 5037 745 5210 tattoetttltgttt
771 5039 1179 5210 tltlttttttttt
1202 5112 1207 5192 i
1231 5040 1876 5211 nttttttlttlt,:atttriti
1897 5060 2210 5214 &dimisi-l}
