4748 5798
211 168 274 293 asc
399 147 401 152 ³
854 249 881 289 „
969 202 1231 271 nuspousm
1252 204 1441 292 saunas
1928 255 1931 259 .
2142 203 2214 297 ιιι

211 397 341 467 mittere
363 392 566 469 hominibus,
595 393 741 476 ipsorum
763 399 922 477 respectu,
945 414 1046 475 quum
1068 413 1181 459 severe
1232 392 1306 476 pria
1327 393 1451 469 ratione
1468 393 1576 461 metiri
1599 413 1707 477 queas
1753 390 1920 473 Quorsum
1940 391 2044 492 igitur
2065 390 2124 457 illa
2145 390 2204 456 ad·

211 481 383 564 prohibere
413 488 446 543 et
474 488 585 542 votare
613 486 754 568 constet,
791 478 946 562 quidquid
980 479 1181 544 contrarium
1233 478 1368 549 monitio
1392 478 1502 555 Pauli,
1532 478 1595 563 uti,
1616 477 1656 544 do
1682 499 1781 545 causa
1799 486 1968 628 graesentr
1990 477 2138 567 ffissent
2172 475 2203 543 O

211 577 267 647 est
282 568 352 630 eius
374 564 546 629 mandatis.
592 562 662 629 Cur
683 573 792 629 autern
814 564 928 629 volens
950 585 1060 629 errare
1082 565 1179 641 sinat,
1232 564 1398 650 homc,tu
1421 564 1572 647 quises?
1600 563 1764 651 Deinde:
1853 563 1991 629 altitudo
2010 571 2047 635 ,et
2068 565 2205 647 profon-

210 653 276 716 imo
298 671 417 732 arcano
438 654 566 715 decreto
589 649 931 735 erroreaddicatquos
952 659 1072 716 rectam
1093 649 1180 714 mam
1233 648 1498 731 ditas(Rom.ll,
1522 650 1734 734 20.11,33)l
1780 649 1898 716 Mirari
1919 648 2010 715 iubet
2032 667 2070 715 ac
2092 649 2206 715 obstu-

210 748 322 803 tenerc
339 735 438 813 iubet,
462 733 589 800 sobriae
600 734 777 801 modestiae
788 746 838 801 est
854 736 993 803 nescire:
1040 745 1179 812 roterve,
1233 755 1378 818 pascere:
1412 737 1488 818 quia
1517 733 1571 800 ubi
1601 734 1641 800 ad
1661 735 1990 819 incomprehensibile
2011 734 2077 800 Dei
2098 733 2205 801 oonsi-

211 831 247 888 ut
268 823 362 898 facis,
390 822 563 895 sciscitari,
593 841 731 885 vesanae
760 822 963 887 temeritatis.
986 876 989 882 .
1009 756 1180 886 duriatum
1231 820 1313 886 lium
1334 821 1482 899 venitur,
1516 820 1669 887 deliciunt
1697 842 1810 887 omnes
1834 843 1958 887 sensua
2008 821 2060 886 uu
2091 829 2204 886 autem

210 910 400 992 permittere
412 906 579 989 discipulis
597 919 636 987 ut
657 905 776 971 abeant
798 907 925 988 (Ioann.
947 914 974 983 b’,
995 909 1060 982 67l,
1083 928 1179 989 quam
1231 906 1314 971 nihil
1337 908 1401 973 nisi
1422 907 1523 974 oculis
1545 909 1611 990 tuis
1633 907 1815 973 subiectum
1837 907 2014 974 admittes?

210 993 325 1060 dextre
346 991 569 1075 interpreteris
579 991 656 1056 inde
677 991 802 1076 collige,
820 991 905 1076 quod
917 994 1082 1076 proposita
1100 992 1179 1076 alio7
1622 990 1625 995 ’
1687 1043 1739 1110 Ν

211 1102 285 1145 rum
314 1078 512 1156 defectione,
545 1099 600 1142 eos
633 1077 673 1140 ad
707 1079 985 1161 perseverantiam
1017 1079 1177 1144 hortatur.
1459 1135 1461 1140 .
1740 1094 1748 1110 ·

211 1165 369 1232 Dolenter
390 1165 478 1229 enim
500 1185 659 1246 quaerens
681 1161 940 1249 an'ipsiquoque
957 1162 1063 1228 velint
1080 1165 1178 1239 abire,
1316 1164 1357 1228 In
1380 1172 1495 1246 quarto
1524 1165 1622 1229 etiam
1650 1164 1789 1230 articulo
1809 1164 1961 1235 misenus
1983 1186 2055 1230 esse
2076 1165 2203 1250 pergis:

210 1253 306 1335 quasi.
334 1252 481 1316 fraenum
514 1250 632 1326 inlicit,
667 1271 708 1314 ne
737 1270 805 1317 una
832 1273 907 1316 cum
932 1250 1089 1332 apostatis
1118 1248 1178 1314 dif-
1231 1249 1325 1315 cuius
1353 1250 1402 1314 rei
1428 1251 1567 1315 monitos
1602 1249 1664 1315 hac
1696 1258 1828 1315 tantum
1860 1249 1900 1315 de
1933 1271 2032 1316 causa
2052 1250 2203 1324 ,lectores

210 1339 320 1403 fluant
654 1404 658 1416 .
927 1412 930 1420 .
1231 1334 1319 1415 volo,
1353 1346 1390 1403 ut
1420 1334 1558 1401 candido
1591 1357 1632 1400 ex
1665 1337 1807 1420 reipsa
1834 1337 1941 1419 potius
1974 1357 2073 1418 quam
2115 1337 2203 1419 puti-

295 1423 460 1489 Haeocine
479 1422 560 1487 ratio
582 1420 733 1505 loquendi
756 1422 925 1505 pemissio
944 1420 1002 1486 tibi
1026 1420 1177 1486 videtur?
1231 1419 1281 1485 dis
1303 1421 1474 1486 calumniis
1495 1421 1649 1486 iudicent.
1695 1421 1808 1507 Neque
1830 1431 1941 1486 tamen
1964 1421 2090 1505 refugio
2114 1422 2203 1507 quod

211 1509 323 1591 Dictat
340 1508 480 1592 quidem,
503 1509 615 1585 fateor,
635 1529 755 1574 sensus
773 1508 954 1574 communis
974 1508 1086 1573 iubere
1108 1528 1179 1571 csse
1230 1504 1357 1571 obiicis:
1388 1515 1516 1572 tantum
1543 1507 1630 1590 quod
1658 1508 1752 1572 aliter
1780 1507 1901 1573 dictum
1931 1512 2006 1586 [pag.
2030 1513 2084 1588 68]
2108 1529 2128 1572 a
2150 1529 2204 1572 me

212 1594 301 1661 aliud
323 1615 419 1678 quam
441 1594 645 1677 permittere:
670 1597 812 1674 [pcata]
830 1615 935 1677 neque
957 1615 1036 1659 vero
1059 1593 1120 1659 hac
1138 1591 1178 1659 de
1230 1592 1346 1668 fuerat,
1368 1593 1503 1658 mutatis
1521 1592 1639 1670 verbis,
1661 1592 1807 1677 maligne
1824 1593 2035 1658 adinvidiam
2057 1595 2204 1676 torqueri

210 1702 248 1745 re
268 1682 355 1745 inter
377 1701 437 1744 nos
455 1679 644 1762 disceptatio
663 1688 727 1743 est:
751 1681 817 1755 sed,
839 1701 880 1744 an
895 1680 984 1744 Deus
1006 1679 1178 1761 parotium
1230 1699 1355 1759 queror.
1400 1679 1543 1758 Perinde
1564 1700 1695 1744 mecum
1716 1678 1825 1764 litigas
1842 1680 1926 1746 acsi
1948 1678 2104 1744 dixissem
2128 1701 2205 1762 pec-

210 1767 397 1853 speculetur
420 1786 500 1848 quae
520 1766 604 1830 fiunt
626 1767 659 1828 in
683 1776 780 1843 terra,
803 1788 845 1831 on
868 1785 946 1830 vero
969 1778 1029 1853 prq
1050 1785 1178 1831 summo
1230 1774 1344 1830 catum,
1370 1785 1440 1829 esse
1463 1765 1595 1848 iustum
1633 1763 1696 1828 Dei
1731 1775 1826 1846 opus:
1866 1764 1952 1848 quod
1986 1765 2021 1829 in
2049 1765 2202 1832 omnibus

210 1853 346 1935 imperio
367 1851 514 1935 singulas
537 1851 707 1918 hominum
729 1852 873 1917 actiones
895 1852 1064 1935 gubernet
1109 1851 1179 1914 Aut
1230 1850 1361 1932 scriptis
1382 1851 1464 1916 meis
1486 1853 1609 1934 passim
1629 1849 1780 1930 detestor.
1831 1851 1921 1934 Ergo
1943 1872 2005 1933 quo
2028 1851 2087 1934 tibi
2110 1850 2202 1916 vido-

211 1938 241 2004 si
262 1939 320 2002 tibi
343 1947 512 2019 tantopere
550 1936 672 2000 arridet
702 1937 837 2003 verbum
870 1934 1098 2021 permittendi,
1128 1957 1178 2000 re·
1229 1935 1275 2000 ris
1297 1937 1453 2022 argutior,
1474 1958 1509 2002 m
1554 1936 1576 2023 ’Ἰ
1603 1935 1740 2005 ridicula
1762 1936 2066 2022 esttuapuerihtas
2102 1936 2205 2001 Iusti·

209 2023 346 2107 sponde,
379 2022 535 2108 volensne
562 2023 745 2105 permittat,
773 2045 816 2088 an
844 2023 969 2088 nolens.
1013 2022 1102 2088 Huic
1129 2043 1180 2086 se·
1231 2023 1311 2085 tiam
1332 2021 1457 2105 colligis
1478 2043 1533 2088 ma
1547 2043 1604 2096 um
1616 2043 1696 2098 esse,
1716 2021 1910 2087 iniustitiam
1932 2016 2067 2087 bonum:
2089 2018 2204 2087 Deum

209 2109 316 2175 cundo
344 2106 490 2173 membro
519 2109 675 2174 reclamat
701 2108 788 2191 quod
805 2109 847 2174 ‚le
870 2110 938 2174 itur
967 2108 1003 2176 in
1031 2107 1177 2172 Psalmo:
1230 2128 1301 2171 esse
1332 2129 1463 2172 servum
1502 2109 1638 2190 peccati,
1673 2108 1801 2179 iniuste
1828 2107 1945 2192 punire
1978 2128 2059 2189 opus
2093 2129 2203 2174 snum.

208 2194 319 2260 Deum
352 2195 457 2260 facere
485 2214 696 2277 quaecunque
723 2194 804 2260 vult.
848 2131 894 2260 gSi
927 2203 1036 2259 autern
1064 2193 1178 2258 volens
1230 2192 1356 2275 Nempe
1379 2192 1459 2277 haec
1479 2203 1724 2259 monstrarunt
1744 2191 1935 2274 in-oerebro
1957 2202 2013 2273 tuo
2032 2192 2203 2271 fabricatu,

207 2281 384 2365 permittit,
412 2283 552 2354 otiosum
573 2281 697 2362 fingere
719 2280 809 2346 nolas
832 2281 902 2345 erit
947 2279 1043 2346 Unde
1071 2278 1179 2360 sequi·
1230 2299 1313 2361 quae
1336 2277 1509 2362 diligenter
1530 2301 1551 2344 a
1571 2300 1624 2343 me
1646 2300 1717 2344 esse
1738 2280 1881 2344 refutata
1902 2289 2002 2344 testes
2024 2288 2104 2345 sunt
2125 2278 2204 2345 libri

208 2375 273 2439 tur,
296 2387 354 2431 suo
374 2365 508 2431 consilio
536 2364 697 2430 moderari
723 2365 809 2448 quod
834 2367 907 2430 fiori
935 2365 1017 2429 vult.
1062 2365 1178 2432 Oacte-
1230 2364 1304 2429 mei.
1319 2434 1321 2439 ,
1338 2362 1388 2428 uu
1411 2365 1589 2429 vero'olim
1610 2366 1736 2431 senties
1752 2385 1850 2449 quam
1863 2364 2053 2431 detestabile
2076 2367 2204 2434 crimen

209 2474 284 2516 rum
311 2458 379 2516 tam
406 2450 544 2516 sublime
557 2517 558 2521 ,
572 2448 637 2515 Dei
665 2452 858 2534 mysterium
886 2452 985 2529 nimis
1011 2450 1180 2533 pueriliter
1231 2451 1272 2515 sit
1294 2450 1328 2514 in
1350 2451 1477 2516 arcanis
1499 2449 1563 2514 Dei
1590 2451 1756 2534 mysteriis
1785 2449 1938 2516 dicaciter
1959 2461 2015 2515 tuo
2036 2471 2129 2515 more
2151 2450 2205 2515 lu·

210 2537 315 2620 exigis
343 2535 385 2601 ad
416 2535 565 2620 regulam
592 2537 773 2603 communis
800 2542 925 2603 sensus.
976 2537 1062 2601 Nam
1092 2533 1179 2618 quod
1230 2534 1315 2600 dere.
1352 2538 1461 2623 Atque
1483 2548 1519 2600 ut
1539 2535 1646 2601 intelli
1727 2557 1795 2602 non
1816 2557 1945 2608 mecum
1961 2535 2021 2600 tihi
2033 2536 2209 2620 negotium

210 2623 331 2700 obiicis,
354 2620 532 2698 Christum,
550 2621 705 2705 quidquid
717 2621 851 2687 tradidit
872 2623 912 2687 do
929 2622 1026 2688 rebus
1048 2621 1181 2705 divinis,
1230 2642 1300 2687 esse
1322 2621 1376 2687 vel
1402 2628 1583 2699 certamen,
1612 2642 1646 2686 se
1698 2643 1773 2687 eum
1794 2621 1906 2689 iudice
1932 2622 2079 2701 coelesti,
2108 2623 2205 2690 ouius

210 2707 470 2776 accommodasse
490 2706 680 2775 adsensum
693 2725 908 2794 communem,
929 2710 999 2790 ipsc
1019 2729 1096 2774 vero
1114 2708 1178 2772 for-
1230 2705 1374 2772 tribunal
1395 2727 1461 2771 non
1483 2707 1634 2791 effugies:
1657 2720 1744 2773 certe
1766 2728 1833 2773 non
1855 2707 1919 2773 alio
1941 2728 2039 2790 quam
2062 2709 2206 2791 spiritus

210 2795 287 2862 titer
308 2801 416 2876 negat,
438 2803 533 2876 teque
555 2800 589 2859 et
609 2792 770 2872 mendacii
791 2802 830 2864 et³
845 2793 1067 2878 impudentiae
1088 2814 1178 2859 coar-
1210 2793 1384 2859 ‚instinctu
1399 2793 1596 2880 pronunciat
1605 2791 1675 2871 Iob,
1695 2793 1759 2860 Dei
1780 2815 1851 2860 esse
1872 2814 1963 2876 opus,
1985 2793 2073 2877 quod
2094 2792 2203 2862 etSa·

258 2881 289 2944 't
334 2878 408 2944 Non
433 2879 525 2945 audis
546 2887 585 2946 ut
602 2879 799 2964 pronunciet
818 2901 853 2946 se
875 2879 962 2964 loqui
984 2881 1028 2965 in
1041 2879 1177 2962 parabo·
1229 2887 1327 2944 tanae
1357 2887 1391 2944 et
1412 2879 1577 2943 latronum
1605 2887 1676 2944 erat
1710 2878 1923 2963 (10b1,21):
1953 2899 2059 2962 neque
2087 2889 2208 2949 tamen

209 2901 322 3045 hdlut
342 2964 399 3030 vul
478 2965 647 3030 hominum
660 2963 822 3030 audiendo
832 2986 900 3030 non
918 2965 1030 3030 audiat
1041 2963 1177 3045 (Matth.
1228 2963 1397 3030 insimulat
1416 2962 1528 3049 Deum
1550 2966 1687 3046 peccati:
1710 2961 1951 3031 sed-benedicit
1973 2969 2047 3043 [pag.
2070 2970 2126 3044 69]
2150 2988 2201 3031 sa·

176 3129 177 3135 *
213 3053 359 3135 13,13)?
426 3072 518 3116 erum
540 3049 671 3134 quidem
690 3058 748 3130 est,
769 3051 919 3134 spiritum
937 3059 1087 3116 sonetum
1105 3049 1177 3115 ubi·
1228 3071 1322 3117 orum
1342 3050 1412 3115 eius
1440 3071 1570 3116 nomon.
1608 3047 1718 3132 ¹(guod
1739 3051 1863 3134 Ioseph
1887 3051 2058 3117 innoxium
2084 3052 2206 3130 rendi·¹

209 3158 272 3222 que
298 3145 412 3202 nostra
440 3140 513 3216 [pag.
533 3142 588 3216 66]
616 3157 734 3203 causa.
751 3134 987 3220 quodammodo
1015 3131 1184 3207 balbutire¹
1229 3136 1346 3201 derant
1372 3136 1490 3201 fratres
1517 3136 1582 3216 sui,
1611 3135 1772 3208 ,scelerate
1804 3137 1927 3202 lactum
1959 3158 2030 3202 esse
2058 3146 2198 3204 constet:

209 3223 347 3300 nutricis
357 3222 548 3287 instarzsed
565 3221 706 3288 multum
717 3221 809 3309 abest
820 3223 899 3306 quin
910 3221 981 3288 eius
999 3221 1175 3309 doctrinae,
1227 3221 1316 3287 idem
1343 3231 1460 3302 tamen
1478 3221 1703 3305 opusIoseph
1723 3220 1797 3287 Deo
1825 3219 2027 3301 adscribens,
2058 3224 2199 3288 immen-

208 3329 290 3393 quae
313 3307 505 3392 angelorum
525 3314 655 3391 captum
677 3316 824 3391 superat,
854 3308 994 3374 idoneus.
1013 3307 1113 3383 iudex
1135 3307 1178 3390 sit
1228 3328 1298 3373 sam
1320 3308 1391 3372 eius
1411 3307 1592 3373 bonitatem
1616 3306 1807 3386 considerat,
1830 3308 1916 3390 quod
1938 3308 2000 3374 hoc
2021 3308 2119 3375 modo
2142 3309 2199 3374 da·

208 3393 392 3462 communis
414 3415 537 3473 sensus.
582 3390 712 3459 Clamat
728 3391 853 3473 Paulus
875 3393 1049 3461 animalem
1071 3393 1176 3458 homi·
1228 3406 1281 3458 tus
1309 3395 1364 3478 sit,
1379 3393 1481 3476 patris
1509 3393 1559 3458 sui
1591 3392 1741 3459 familiae
1760 3393 1917 3459 nutritius
1951 3392 2050 3476 (Gen.
2076 3399 2130 3474 45,
2156 3397 2198 3479 t).

208 3502 284 3559 nem
313 3501 380 3544 non
414 3481 580 3563 percipere
605 3500 687 3561 quae
715 3479 778 3559 Dei
807 3489 885 3544 sunt
911 3480 943 3563 (l
967 3478 1042 3545 Gor.
1060 3483 1092 3559 2,
1113 3479 1175 3561 14).
1228 3479 1331 3554 Isaiae
1341 3479 1516 3562 Assyrium
1538 3481 1760 3561 pronuncians
1782 3479 1934 3561 baculum
1956 3499 2027 3548 esse
2044 3479 2080 3546 in
2098 3502 2201 3548 manu

207 3566 324 3648 Itaque
346 3565 437 3631 iubet
458 3564 656 3640 stultescere,
679 3566 874 3648 proprioque
896 3587 995 3631 sensu
1013 3564 1177 3634 exinaniri
1228 3564 1301 3642 Dei,
1324 3563 1505 3629 horrendae
1527 3565 1646 3648 stragis
1667 3585 1748 3646 quae
1768 3586 1826 3647 per
1844 3566 1957 3648 ipsum.
1970 3565 2099 3632 edenda
2119 3577 2200 3646 erat,

209 3653 393 3735 quicunque
415 3652 451 3715 in
473 3650 603 3716 coelesti
624 3650 736 3716 schola
756 3652 912 3750 proficere
930 3651 1076 3741 cupiunt⁷
1108 3648 1176 3738 De-
1228 3650 1338 3715 Deum
1359 3650 1436 3715 facit
1456 3658 1618 3739 autorem,
1647 3649 1704 3714 sed
1731 3650 1852 3734 absque
1872 3653 1997 3732 peccati
2018 3662 2099 3717 nota
2121 3653 2199 3735 (Isa

209 3737 308 3818 nique
330 3735 437 3814 lucem
457 3735 693 3820 intelligentiae
711 3736 829 3820 ubique
841 3735 902 3801 sihi
913 3733 1066 3808 vendicat
1076 3736 1175 3800 Deus.
1233 3741 1279 3814 10,
1300 3734 1342 3820 5).
1387 3734 1542 3801 Ieremias
1571 3735 1769 3801 maledicens
1797 3737 1862 3820 qui‘
1883 3737 2006 3802 iaciunt
2027 3758 2110 3821 opus
2134 3739 2200 3804 Dei

209 3822 259 3887 Ac
282 3842 334 3886 me
355 3821 423 3887 dies
445 3832 478 3887 et
497 3821 791 3900 ,charudeficicna
806 3823 835 3888 si
852 3821 1039 3892 testimonia
1060 3841 1176 3904 conge·
1229 3822 1442 3906 negligenter,
1471 3841 1531 3903 per
1550 3842 1631 3903 opus
1654 3820 1718 3887 Dei
1739 3822 1894 3906 intelligit
1915 3821 2071 3906 quidquid
2093 3825 2201 3890 saeri-

209 3928 282 3977 rero
303 3905 416 3984 libeat,
445 3928 528 3990 quae
554 3929 687 3987 sensum
715 3929 921 3973 communem
940 3907 988 3971 ita
1014 3907 1177 3973 caecitatis
1229 3908 1293 3972 tiae
1315 3907 1602 3990 exercuitimpius
1624 3907 1727 3984 hostis
1751 3919 1864 3974 contra
1884 3907 2025 3974 Iudaeos
2048 3908 2128 3988 (Ier.
2147 3914 2199 3988 48,

209 3991 376 4074 damnant,
397 4002 523 4057 utnon
544 3994 608 4058 nisi
630 4014 650 4058 a
672 3992 768 4060 coelis
790 3993 850 4059 lux
870 4000 1010 4078 petatur,
1038 4014 1076 4058 ac
1096 4013 1176 4057 suae
1234 3994 1295 4076 10).
1345 3992 1447 4058 Nunc
1470 4013 1546 4058 cum
1572 4013 1609 4058 eo
1635 3992 1833 4075 expostula,
1848 4015 1886 4060 ac
1901 3995 1945 4081 ,si
1978 3992 2090 4059 Deum
2124 4014 2200 4078 pec·

209 4077 426 4163 perspicaciae
458 4080 652 4156 renunciare
680 4089 829 4162 oporteat
861 4079 1007 4162 quisquis
1027 4079 1099 4144 Deo
1124 4101 1176 4143 sa·
1228 4098 1302 4145 care
1322 4075 1450 4143 dixerit.
1494 4079 1646 4162 Denique
1673 4086 1798 4143 norunt
1819 4100 1944 4165 ,omnes
1971 4078 2008 4159 in
2035 4081 2202 4164 scriptura

208 4183 287 4247 pore
319 4165 417 4244 cupit.
473 4163 548 4229 Uno
579 4166 688 4247 itaque
720 4164 869 4247 exemplo
900 4171 1072 4230 contentus
1110 4184 1175 4229 ero.
1227 4165 1397 4229 exercitati
1428 4185 1470 4229 ex
1508 4164 1668 4229 eiusmodi
1703 4164 1896 4231 testimoniis
1939 4166 2086 4232 breviter
2127 4168 2195 4233 col-

208 4248 305 4332 Quod
330 4247 493 4330 evangelii
513 4249 696 4315 doctrinam
716 4250 869 4334 gentibus
895 4249 1096 4334 promulgari
1118 4271 1177 4314 no·
1227 4249 1319 4325 lectis
1347 4270 1448 4332 posse·
1464 4251 1579 4316 confici
1610 4251 1775 4334 integrum
1804 4251 1966 4317 volumen.
2022 4249 2093 4318 Sed
2121 4252 2200 4336 quid

208 4336 272 4402 luit
289 4335 381 4399 Deus
404 4355 506 4416 usquo
528 4334 706 4414 adChristi
728 4335 915 4414 adventum,
937 4335 1065 4401 Paulus
1086 4344 1190 4419 mys-g
1228 4336 1337 4400 verbis
1355 4356 1447 4417 ,opus
1477 4348 1541 4416 est,
1571 4334 1626 4400 ubi
1656 4357 1709 4401 res
1735 4337 1807 4418 ipsa
1834 4358 1893 4420 per
1914 4357 1949 4402 se
1971 4336 2096 4420 liquet?
2142 4342 2204 4416 Aa·
2310 4368 2322 4375 “

208 4422 329 4488 terium
352 4425 449 4486 vocat
476 4420 701 4485 absconditum
726 4443 747 4486 a
771 4422 926 4499 saeculis,
958 4423 1024 4485 imo
1050 4420 1176 4504 angelis
1227 4441 1294 4487 nou
1316 4419 1378 4485 hoc
1398 4422 1524 4504 gratiae
1547 4419 1612 4486 Dei
1632 4422 1762 4505 insigne
1779 4431 1829 4487 est
1850 4421 2091 4501 documentum,
2114 4423 2199 4507 quod

208 4507 288 4592 ipsis
310 4505 501 4572 coelestibus
522 4506 725 4589 incognitum
747 4507 883 4592 (Ephes.
903 4502 934 4585 3,
952 4508 996 4588 9).
1024 4506 1080 4572 'uu
1102 4527 1175 4571 sen-
1227 4505 1294 4572 filio
1308 4527 1444 4572 suonon
1456 4506 1622 4590 pepercit?
1656 4507 1782 4573 Christi
1793 4507 1914 4587 etiam„
1923 4508 2011 4592 quod
2031 4530 2066 4574 se
2088 4511 2196 4593 ipsum
2300 4522 2362 4568 st

208 4615 283 4660 snm
305 4612 510 4657 communem
532 4588 693 4671 obtrudis,
723 4594 780 4674 qui
806 4594 942 4658 arbitrio
970 4613 1030 4657 suo
1057 4589 1175 4658 doctri·
1228 4590 1382 4659 tradidit?
1416 4596 1491 4672 [pag.
1505 4597 1558 4672 70]
1571 4593 1822 4676 Hiotuimpuro
1840 4594 2195 4681 otsacrilegoorepeo·
2290 4625 2359 4642 ‹-

209 4700 288 4745 nam
315 4678 401 4744 hane
428 4683 569 4742 evertat:
603 4679 680 4759 quia
705 4673 788 4743 nihil
821 4678 988 4762 probabile
1022 4682 1096 4757 [pag.
1119 4683 1174 4757 67]
1227 4696 1317 4743 casse
1328 4678 1437 4744 Deum
1459 4678 1614 4755 affirmas,
1636 4678 1664 4743 si
1684 4680 1755 4744 cius
1776 4700 1859 4762 opus
1880 4680 1932 4759 sit,
1955 4682 2118 4765 unigeniti
2139 4681 2196 4746 filii
2258 4677 2354 4742 fut·

209 4786 280 4831 esse
301 4763 461 4838 concedis,
484 4762 548 4829 nisi
569 4762 662 4829 cuius
680 4762 738 4828 ille
760 4765 802 4829 sit
824 4765 1014 4830 aestimator
1033 4783 1071 4830 ac
1089 4763 1175 4829 arbi·
1227 4763 1413 4829 immolatio.
1433 4765 1536 4847 Atqui
1547 4762 1669 4829 nodum
1680 4763 1769 4830 hunc
1779 4764 1874 4831 lacile
1885 4768 2160 4852 cumdugustino
2173 4770 2195 4846 Ι)
2244 4768 2305 4846 <
2324 4769 2343 4847 ·)

209 4857 268 4916 ter.
298 4849 472 4915 Exclamat
489 4849 658 4933 propheta,
676 4847 716 4914 de
732 4849 939 4931 providentia
949 4849 1012 4915 Dei
1023 4848 1175 4933 loquens:
1225 4849 1271 4931 pii
1292 4871 1406 4935 omnes
1423 4849 1612 4934 expediunt
1646 4849 1759 4931 Quum
1776 4861 1869 4933 pater
1887 4851 2061 4919 tradiderit
2079 4854 2191 4929 filium,
2238 4877 2328 4931 «ι,

210 4934 319 5016 Quam
346 4935 556 5019 magnificata
581 4943 659 5000 sunt
690 4955 789 5018 opera
822 4943 880 5000 tna
905 4935 1046 5023 Iehova!
1080 4934 1183 5001 valde.

209 5020 388 5101 profundae
410 5023 512 5088 factae
534 5028 613 5087 sunt
622 5018 835 5106 cogitationes
856 5029 933 5085 tuae
951 5019 1053 5097 (Psal.
1066 5025 1117 5096 92,
1130 5024 1175 5103 6).
1259 5091 1261 5094 ,

210 5105 267 5169 Tu
283 5105 459 5190 quidquam
482 5106 633 5174 divinum
662 5127 733 5172 esse
755 5126 870 5189 negas,
898 5106 963 5174 nisi
989 5105 1076 5189 quod
1101 5127 1176 5190 pro·
1296 5125 1322 5190 1)
1341 5124 1427 5193 Epist
1445 5121 1481 5176 48
1498 5123 1726 5180 adtinccnuum.

1056 5314 1085 5375 ‘a
