4724 5886
240 309 271 377 6
763 287 1586 381 661661666611666661611666666.

395 504 591 617 Epistola
636 501 805 587 Ioannis
828 500 839 609 Ι
866 514 1070 595 GALVINI,
1093 513 1190 597 QVA
1211 515 1276 581 ΕΙ·
1295 481 1399 600 111661
1428 512 1673 580 Admonitionis
1700 511 1741 579 ab
1768 533 1806 580 eo
1834 512 1964 597 nuper!
1988 513 2107 594 editae,
2135 515 2225 599 apud

240 617 384 685 Polouos
405 620 585 686 confirmat.
605 617 611 701 1
632 624 799 692 (11661666)
819 621 826 701 1
844 626 1028 698 GENEVAE,
1046 621 1052 696 Ι
1070 619 1125 683 Ex
1143 616 1272 684 officina
1292 615 1462 683 Francisci
1482 615 1621 682 Perrini.
1642 623 1704 693 111.
1727 627 1760 681 D.
1782 626 1880 681 Lxlll.

392 730 514 796 Forma
535 727 702 811 utriusque
724 729 896 795 octonaria.
941 728 1025 814 Typi
1047 729 1247 813 grandiores.
1289 728 1462 795 Emblema
1482 727 1621 793 duamm
1648 739 1815 812 portamm
1843 747 1918 793 cum
1945 727 2076 813 adagio:
2108 736 2225 794 1666116

229 842 1588 918 ι6611661116661111666661661161666166616616661166161666661616166111666111661.
1622 846 1721 902 Matth.
1738 845 1762 900 ’1.
1782 845 1843 919 161
1863 839 2008 923 Uterque
2044 840 2142 906 unius
2174 849 2225 908 est

241 953 462 1037 quaternionis
484 950 554 1038 (A),
573 952 662 1034 prior
683 948 783 1016 habet
804 952 941 1035 paginas
963 948 1102 1016 sedecim
1124 963 1322 1029 numeratae,
1339 950 1500 1033 posterior
1520 949 1763 1035 quatuordeeim
1784 951 1905 1035 absque
1925 952 2071 1019 numeris
2091 959 2125 1018 et
2145 952 2224 1018 ulti·

240 1046 331 1130 mum
351 1062 467 1129 folium
488 1083 635 1127 vacuum.
1613 1060 1615 1063 ’
1807 1072 1808 1076 ’

390 1174 510 1240 1166661
532 1173 879 1239 suntinI'ractatibus
902 1171 949 1238 ed.
974 1174 1053 1235 1576
1076 1194 1149 1257 pag.
1170 1176 1354 1252 erl-9473
1377 1173 1427 1240 ed.
1453 1176 1533 1238 1597
1556 1194 1628 1260 pag.
1642 1176 1825 1254 tea-7963
1848 1173 1897 1239 ed.
1919 1177 1996 1239 1611
2021 1194 2094 1260 pag.
2118 1178 2223 1242 666-

241 1290 317 1363 687;
346 1284 395 1350 ed.
417 1284 523 1350 Amet
551 1304 624 1368 pag.
649 1287 827 1349 eae-592.
878 1280 1004 1349 Gallice
1032 1283 1067 1348 in
1090 1282 1265 1368 Opusculis
1294 1283 1342 1350 ed.
1370 1289 1449 1349 1566
1472 1305 1543 1368 pag.
1568 1287 1792 1365 1964-19743
1820 1284 1870 1350 ed.
1895 1290 1974 1351 1611
1998 1307 2071 1372 pag.
2096 1290 2222 1353 2289-

240 1399 332 1461 2300.
377 1396 430 1462 De
452 1397 517 1461 alia
539 1375 679 1460 editione
701 1416 729 1460 a.
755 1398 834 1459 1567
857 1416 877 1460 a
898 1395 986 1460 Bera
1007 1404 1178 1477 procurata
1200 1395 1343 1462 diximus
1366 1416 1465 1479 supra
1484 1395 1563 1479 Cap.
1584 1394 1660 1462 XL.
1964 1428 1967 1434 ·

255 1598 257 1600 .
393 1506 567 1573 Caeterum
587 1509 617 1573 si
638 1507 733 1591 plura
754 1492 931 1590 quaesieris
953 1505 992 1571 de
1014 1506 1141 1588 placitis
1159 1507 1295 1573 istorum
1307 1507 1543 1573 Tritheitarum
1565 1515 1599 1572 et
1620 1506 1762 1572 maxime
1784 1505 1825 1572 de
1845 1507 1950 1591 ipsius
1963 1507 2114 1593 Gregorii
2123 1509 2222 1576 Pauli

242 1616 363 1684 Tabala
384 1639 448 1701 que
470 1616 637 1683 Christum
666 1626 698 1683 et
721 1615 882 1701 Spiritum
904 1626 1054 1683 sanctum
1075 1617 1155 1684 61166
1178 1640 1197 1683 6
1218 1619 1317 1684 Patre
1344 1619 1421 1685 deos
1442 1619 1592 1698 faciebat,
1620 1638 1782 1703 quamque
1802 1617 1923 1685 Noster
1948 1626 2096 1703 utroque
2112 1619 2223 1687 libello

237 1730 409 1813 praecipue
431 1729 637 1795 refutandam
658 1728 718 1795 sibi
741 1728 890 1813 sumpsit,
919 1728 1016 1795 adeas
1039 1740 1168 1794 autores
1188 1730 1485 1813 praestantissimos
1511 1730 1567 1814 qui
1593 1728 1633 1796 de
1656 1729 1908 1796 Antitrinitariis
1929 1729 2063 1797 Polonis
2083 1731 2223 1816 seripse-

237 1848 330 1919 runt,
364 1842 449 1906 inter
481 1862 559 1923 quos
592 1840 698 1908 denuo
730 1830 789 1907 tibi
822 1839 961 1906 eundem
988 1839 1181 1906 Heberlium
1209 1838 1250 1905 V.
1277 1840 1320 1905 D.
1351 1838 1614 1906 commendamus
1644 1861 1739 1924 quem
1761 1841 1826 1906 iam
1860 1861 1958 1925 supra
1989 1843 2024 1907 in
2056 1843 2121 1909 fine
2151 1864 2221 1928 cap.

237 1951 430 2018 XXXVIII
453 1951 666 2018 laudavimus.

1026 2349 1229 2433 OAPU'I
1272 2349 1434 2433 XLVI.
1670 2417 1675 2420 ,

602 2533 1849 2639 16661661166661661616666611616.
1894 2492 1897 2498 ’

386 2737 485 2804 Η666
509 2745 682 2805 tractatum
704 2738 793 2805 Bere
820 2740 855 2829 in
876 2760 971 2804 suum
995 2737 1120 2821 Corpus
1142 2759 1208 2802 non
1229 2739 1352 2822 recepit
1377 2738 1435 2804 sed
1460 2737 1620 2804 volumini
1648 2730 1872 2821 Epistularum
1898 2736 2052 2815 inseruit,
2081 2738 2222 2806 fortasse

235 2850 310 2933 quia
331 2851 504 2933 separatim
526 2871 692 2932 nunquam
714 2851 811 2914 antee
833 2871 972 2916 excusus
999 2850 1114 2914 fuerat.
1163 2848 1304 2932 Legitur
1324 2849 1360 2913 in
1382 2833 1523 2914 editione
1544 2851 1691 2932 principe
1719 2870 1792 2934 pag.
1817 2849 1893 2930 3063
1925 2850 2024 2915 Laus.
2047 2872 2120 2935 pag.
2143 2854 2220 2932 6053

233 2962 361 3029 Hanov.
382 2983 454 3052 pag.
478 2964 535 3025 681
547 2985 555 3041 ;
579 2960 714 3027 Ohouet.
736 2983 812 3046 pag.
834 2965 912 3040 420;
948 2964 1052 3027 Amst.
1075 2981 1149 3045 pag.
1174 2964 1244 3026 192.
1288 2959 1401 3026 Alium
1422 2967 1548 3027 textum
1575 2982 1641 3026 non
1673 2958 1846 3027 habuimus
1868 2959 1909 3026 ad
1937 2982 2088 3041 manum,
2116 2984 2223 3047 neque

233 3079 362 3139 exstare
390 3073 614 3155 comperimus.
665 3075 783 3139 Annus
812 3072 930 3139 natalis
957 3071 1055 3138 huius
1083 3071 1350 3167 elucubrationis,
1378 3093 1476 3156 quem
1501 3073 1581 3139 satis
1609 3071 1730 3139 exilem
1756 3093 1794 3138 ac
1821 3071 1954 3139 ’1666661
1976 3071 2111 3153 dixeris,
2140 3072 2223 3139 defi·

232 3184 297 3249 niri
317 3185 439 3268 nequit.
1304 3175 1305 3178 ¹
1516 3171 1521 3186 ⁹
1821 3175 1823 3180 ’

385 3293 522 3362 Obiecta
540 3293 654 3360 Iudaei
674 3295 761 3361 levia
781 3294 976 3380 plerumque
998 3303 1130 3360 suntet
1151 3294 1295 3361 ridicula.
1340 3292 1469 3376 Quibus
1490 3302 1586 3360 autor
1608 3292 1726 3377 ubique
1747 3292 1868 3377 duplici
1889 3294 2014 3360 ratione
2036 3290 2221 3378 respondet,

231 3406 374 3491 primum
395 3407 441 3471 ita
462 3415 500 3471 ut
518 3405 704 3472 adversario
727 3405 829 3473 nodos
850 3406 925 3491 plus
946 3406 1055 3473 minus
1077 3407 1246 3474 intricatos
1268 3415 1428 3490 proponat
1454 3405 1636 3486 solvendos,
1663 3406 1928 3490 quaestionesque
1956 3404 2100 3472 eiusdem
2123 3395 2220 3473 natu·
2355 3423 2358 3427 ’

230 3539 286 3584 rae
307 3517 515 3586 scholasticas
536 3525 569 3583 et
583 3508 691 3601 'aeque
718 3516 892 3598 absurdas,
926 3517 1038 3601 quales
1060 3518 1184 3585 scilicet
1205 3518 1244 3584 iis
1266 3518 1321 3601 qui
1350 3517 1457 3584 nudae
1489 3518 1605 3584 literae
1627 3515 1798 3582 inhaerent
1826 3516 1920 3583 facile
1940 3517 2079 3584 turbatis
2100 3501 2232 3584 moles·v

232 3628 312 3695 tiam
341 3629 509 3711 exhibent;
537 3637 608 3695 tum
625 3621 715 3721 ''vero
745 3629 839 3696 docta
866 3637 900 3695 et
926 3637 1004 3715 apta
1024 3631 1072 3695 rei
1101 3629 1328 3712 explanatione
1350 3629 1554 3720 potissimum
1582 3649 1601 3695 e
1627 3628 1790 3711 scriptura
1815 3647 1908 3694 sacra
1928 3631 2031 3712 petita
2051 3637 2086 3695 et
2107 3627 2220 3696 solidis

232 3740 421 3826 theologicis
440 3742 642 3826 argumentis
665 3743 804 3807 firmata.
981 3732 986 3743 ’
1402 3721 1403 3727 ¹
1933 3730 1934 3733 ¹
2147 3736 2149 3742 ’

268 3864 275 3877 ’
384 3852 436 3918 Dc
457 3861 550 3919 textu
567 3852 666 3919 semel
690 3853 751 3919 hoc
772 3851 967 3920 notandum:
989 3851 1146 3919 editiones
1167 3852 1374 3936 antiquiores,
1395 3850 1634 3932 Genevensem,
1656 3852 1937 3931 Lausannensem,
1963 3853 2220 3932 Hanoviensem,

235 3960 353 4067 ubique
375 3972 443 4028 tam
464 3963 577 4030 ludaei
600 3965 804 4048 quaestiones
827 3985 924 4047 quam
946 3963 1078 4032 (lairini
1100 3964 1296 4030 retorsiones
1317 3985 1377 4048 per
1397 3963 1570 4030 formulam
1595 3963 1837 4046 imperativam:
1864 3964 1983 4046 Quaere
2002 3963 2218 4043 introducere,

234 4072 336 4141 solam
358 4073 692 4141 dmstelodamensem
715 4073 941 4142 indicativam:
968 4074 1087 4158 thero
1108 4075 1156 4140 illi
1177 4076 1380 4142 substituere.
1425 4071 1512 4141 Sane
1534 4074 1615 4141 haee
1637 4074 1797 4159 posterior
1807 4075 1947 4140 formida
1968 4081 2001 4140 et
2022 4074 2222 4141 commodior

236 4193 268 4272 61
288 4186 524 4251 ratiocinationi
545 4188 648 4271 magis
670 4192 747 4270 apta
768 4186 908 4267 videtur,
931 4207 1046 4253 verum
1073 4187 1150 4272 quie
1175 4206 1284 4253 merae
1313 4186 1473 4253 editorum
1500 4187 1704 4255 coniecturae
1726 4185 1876 4266 debetur,
1904 4187 1939 4250 in
1961 4194 2088 4252 textum
2109 4188 2219 4271 ipsum

235 4297 378 4382 recipere
400 4317 471 4362 eam
492 4297 663 4363 noluimus.
922 4280 926 4287 ’
1501 4318 1503 4322 ·
