4724 5886
146 270 181 331 ιι
785 266 1057 335 neormam
1079 267 1144 334 ιι
1167 269 1506 338 ιιιιιιιιιιι.
1669 216 1673 226 ’
1774 220 1775 223 ¹
2108 277 2150 339 eo

226 452 326 535 Quod
346 455 463 522 deinde
474 459 709 541 prosequimur,
732 457 885 524 fidelibus
902 456 1122 540 spiritualium
1173 459 1242 540 pio:
1259 460 1285 542 ¹)
1318 459 1469 541 quamvis
1501 459 1614 524 statim
1647 466 1832 541 praetereat
1863 460 2001 526 visibilis
2032 463 2149 546 figura,

146 541 303 606 bonorum
323 542 488 621 effectum,
518 563 600 626 quae
622 545 769 626 figurant
791 552 1004 622 sacramenta,
1027 554 1122 608 extra
1173 565 1307 609 manere
1328 556 1441 609 tamen
1462 566 1560 627 quam
1589 553 1730 610 testatur
1758 546 1916 629 grat-iam,
1944 568 2051 630 neque
2079 567 2149 612 mo·

147 646 255 692 corum
282 648 380 692 usum
408 637 574 707 constare,
607 628 736 712 quando
769 643 804 693 ιι
829 629 973 711 quotidie
1005 649 1121 693 verum
1173 638 1286 694 mento
1313 652 1387 697 eum
1413 630 1536 697 oculari
1566 631 1750 712 spectaculo
1779 652 1982 697 evanescere.
2032 632 2150 715 Neque

147 732 214 778 ease
235 713 442 795 experimur,
471 720 505 779 et
531 713 689 796 probatur
713 716 894 797 scripturae
916 714 1120 792 testimoniis,
1173 715 1263 780 enim
1291 737 1404 780 eorum
1434 716 1661 798 superstitioni
1692 717 1804 782 favere
1833 719 1963 782 animus
1991 724 2057 794 ιιι,
2092 718 2150 801 qni

146 799 264 863 mirum
285 808 337 863 est
355 799 384 863 si
401 799 455 864 eui
472 797 652 882 displiceat
697 800 812 882 Neque
834 800 922 864 enim
945 800 974 864 si
995 807 1121 883 marty·
1172 800 1337 866 elementa
1359 801 1452 883 panis
1475 811 1509 865 et
1526 822 1638 883 aquae,
1662 804 1755 885 quasi
1777 813 1850 884 post
1872 824 1970 869 usum
1992 823 2149 886 praeson-

146 883 233 949 ribus
261 903 392 950 carcere
423 885 560 951 inclusis
589 885 730 950 liberum
763 908 829 950 non
863 896 915 951 est
947 894 1120 950 externum
1172 896 1241 951 tem
1258 888 1311 951 oui
1335 886 1500 952 destinata
1522 897 1600 952 sunt
1621 887 1656 951 in
1678 888 1760 969 ipsis
1782 889 1915 952 baereat
1936 889 2148 967 consecratio,

146 970 276 1053 signum
304 990 450 1049 sumere,
477 970 550 1035 ideo
571 971 705 1037 Christo
733 993 844 1037 carere
874 971 1038 1049 dicentur,
1065 972 1121 1053 qui
1172 992 1344 1055 perperam
1372 973 1408 1036 in
1436 972 1568 1054 templis
1596 982 1775 1038 asservant
1821 977 1929 1057 Atque
1961 974 1995 1039 id
2028 974 2150 1040 diserte

146 1055 319 1138 magnifice
339 1056 374 1120 in
396 1054 464 1121 illis
482 1055 672 1138 triumphat.
717 1057 787 1124 Nec
810 1056 852 1122 ad
873 1077 1009 1123 coenam
1031 1058 1120 1139 quie·
1172 1059 1285 1122 testari
1306 1059 1460 1140 oportuit,
1483 1078 1526 1122 ne
1547 1079 1640 1141 spem
1658 1070 1812 1124 aeternae
1824 1058 1949 1137 salutis,
1972 1081 2055 1142 quae
2074 1059 2149 1124 nul·

145 1160 241 1222 quam
263 1141 327 1204 rite
348 1140 481 1207 accedet
491 1140 624 1207 Christo
646 1163 780 1224 prorsus
803 1162 934 1222 vacuus,
957 1163 1018 1209 nec
1038 1142 1119 1207 Cor·
1171 1143 1213 1208 lis
1223 1152 1408 1226 temporum
1428 1142 1696 1209 inclinationibus
1718 1145 1939 1223 obnoxiaest,
1962 1145 2149 1229 temporali·

146 1226 228 1292 nelio
254 1224 368 1291 deerat
392 1225 544 1310 baptismi
572 1228 703 1305 veritas,
726 1230 781 1310 qui
804 1237 879 1293 ante
902 1249 1004 1310 aquae
1026 1227 1121 1292 lotio-
1172 1228 1233 1294 bus
1257 1228 1361 1312 signis
1383 1230 1457 1311 quis
1479 1230 1600 1312 affigat,
1628 1239 1753 1294 utnon
1776 1228 1850 1312 plus
1872 1231 2036 1313 concipiat
2056 1230 2149 1311 fides,

146 1333 221 1376 nem
250 1312 370 1394 spiritu
398 1323 511 1377 sancto
540 1313 607 1377 iam
640 1313 789 1395 perfusus
818 1324 903 1378 erat:
936 1314 1033 1379 sicuti
1059 1332 1121 1377 neo
1172 1335 1269 1397 quam
1291 1315 1415 1378 intuitu
1437 1315 1542 1379 cernit
1562 1314 1680 1379 oculos.

147 1398 253 1463 lloses
275 1396 408 1463 divinae
419 1398 582 1464 unedonis
592 1419 720 1481 expers,
744 1399 836 1465 cuius
858 1400 989 1483 signum
1009 1399 1083 1464 aliis
1095 1398 1120 1480 ¹)
1259 1399 1366 1465 Venio
1397 1421 1486 1465 nunc
1519 1399 1560 1463 ad
1594 1401 1834 1482 quaestionem,
1872 1423 1914 1465 ex
1946 1421 2010 1484 qua
2042 1403 2149 1466 exorti

147 1482 291 1561 contulit,
313 1483 385 1566 ipse
407 1503 576 1567 uunquam
595 1485 729 1567 accepit.
775 1484 975 1567 Quanquam
997 1506 1035 1549 co
1057 1483 1120 1548 mi·
1173 1493 1252 1549 sunt
1274 1493 1341 1549 tam
1364 1485 1502 1549 violenti
1513 1495 1547 1549 et
1568 1486 1644 1550 duri
1665 1487 1848 1551 conflictus:
1872 1487 1977 1568 qualis
1998 1488 2034 1550 in
2057 1507 2151 1552 soora

147 1568 232 1633 nime
255 1578 382 1652 spectat
402 1568 653 1648 haecdooerina,
675 1579 713 1634 ut
734 1570 900 1654 signorum
926 1591 988 1635 usu
1009 1570 1120 1635 valere
1174 1576 1248 1651 [pag.
1272 1575 1327 1649 44]
1363 1590 1464 1637 ιιιιι
1497 1571 1541 1636 sit
1572 1574 1717 1655 corporis
1751 1581 1785 1636 ct
1816 1574 1986 1655 sanguinis
2013 1573 2150 1637 Domini

64 1657 74 1662 ’
146 1654 246 1731 ἰιιιι,
275 1655 404 1720 arcanis
424 1655 694 1737 inspirationibus
709 1656 869 1720 'contenti
897 1656 1008 1721 simm.
1053 1655 1120 1719 Ne·
1173 1656 1434 1722 communicatio.
1477 1657 1583 1722 Porro
1600 1658 1676 1733 eius
1695 1655 1841 1722 definitio
1863 1678 1932 1721 non
1952 1665 2029 1722 ante
2051 1679 2072 1722 a
2090 1679 2150 1723 no·

146 1761 205 1822 qne
227 1741 367 1805 enimsi
389 1741 552 1805 Dominus
574 1740 758 1819 interdum,
787 1751 825 1806 ut
845 1762 938 1806 suam
960 1742 1121 1806 virtutem
1173 1742 1224 1807 bis
1250 1741 1357 1824 posita
1378 1751 1444 1819 est,
1472 1761 1571 1825 quam
1597 1744 1777 1807 refutatum
1806 1742 1916 1808 localis
1944 1745 2151 1826 praesentiae

145 1824 243 1889 nullis
266 1824 473 1891 adminiculis
501 1826 692 1892 obstrictam
719 1828 849 1910 probet,
884 1828 1004 1892 oniisso
1025 1828 1120 1910 signo
1172 1829 1383 1910 figmentum,
1414 1834 1448 1892 et
1474 1829 1643 1910 expositus
1672 1826 1849 1893 vorborum
1870 1827 1997 1894 Christi
2024 1846 2149 1907 sensus,

145 1909 229 1976 idem
249 1911 389 1995 peragit,
418 1909 505 1993 qnod
527 1932 587 1993 per
617 1912 748 1996 signum
776 1921 1013 1994 repraesentat:
1046 1910 1120 1976 ideo
1173 1911 1355 1995 dequibus
1381 1913 1521 1978 antehac
1548 1914 1646 1979 nimis
1676 1913 1878 1979 contentiose
1906 1920 2069 1979 certatum
2090 1923 2149 1980 est.

146 1993 229 2079 quod
256 1998 292 2061 in
318 1996 459 2062 salutem
485 2007 633 2062 nostram
654 1998 813 2076 instituit,
841 1999 935 2080 quasi
964 2017 1121 2080 superva-
1173 1998 1241 2063 Sed
1270 1999 1348 2081 quia
1376 2019 1465 2064 nunc
1493 2000 1631 2064 morosis
1659 2008 1692 2063 ιι
1717 1998 1858 2064 indoctis
1885 1998 2074 2065 bominibus
2096 2020 2151 2066 oc·

75 2117 81 2120 ·
144 2101 238 2147 ouum
261 2082 402 2149 abiicere
421 2083 614 2148 censebitur.
658 2083 761 2149 Nobis
781 2102 860 2150 vero
883 2083 987 2148 multo
1010 2083 1119 2149 minus
1172 2104 1306 2149 currere
1323 2083 1495 2149 consilium
1517 2092 1576 2162 ιιι,
1598 2085 1655 2167 qui
1674 2084 1869 2167 praecipites
1886 2084 1928 2148 ad
1946 2105 2078 2151 caecum
2097 2104 2150 2150 ca·

143 2166 175 2231 id
195 2167 318 2245 licebit,
339 2187 478 2250 quorum
495 2167 577 2233 fides
589 2167 689 2234 verbo
700 2171 833 2252 eiusque
855 2168 972 2252 sigillis
991 2169 1120 2233 intenta
1172 2168 1354 2234 lumniandi
1382 2171 1543 2252 impetum
1564 2170 1724 2247 feruntur,
1753 2169 1807 2235 vel
1830 2169 1948 2252 probos
1969 2178 2003 2235 et
2025 2170 2151 2253 simpli·

141 2252 328 2319 cssedebet.
362 2253 451 2318 Vere
472 2254 562 2318 enim
575 2255 615 2319 ab
627 2255 816 2338 Augustino
839 2255 997 2337 scriptum
1015 2254 1118 2336 est:²)
1172 2275 1226 2321 ιιι
1257 2255 1400 2320 sinistris
1431 2255 1563 2321 illorum
1596 2254 1801 2320 sermonibus
1835 2255 1977 2320 imbutos
2008 2255 2150 2339 placare,

142 2338 304 2420 Quamvis
314 2339 407 2403 Deus
425 2340 546 2422 absque
567 2341 661 2423 signo
683 2340 806 2406 visibili
827 2360 908 2423 qnos
930 2339 1004 2405 vult
1026 2361 1119 2404 sanc·
1171 2362 1262 2406 nunc
1283 2340 1402 2405 abillo
1424 2341 1521 2406 tertio
1543 2342 1648 2424 capite
1669 2341 1835 2424 incipiam.

140 2426 256 2503 ιιιιι,
286 2424 433 2507 quisquis
455 2431 567 2490 tamen
589 2426 721 2509 signum
743 2426 939 2503 contemnit,
962 2424 1120 2492 invisibili
1256 2426 1409 2491 Primum
1433 2425 1564 2508 quidem
1588 2427 1739 2505 latemur,
1762 2425 1932 2491 Christum
1951 2420 2038 2510 quod
2055 2428 2150 2508 panis

139 2511 402 2576 sanctificatione
430 2511 547 2576 merito
579 2512 713 2593 privari.
771 2510 860 2576 Huic
896 2511 995 2595 capiti
1021 2511 1120 2575 affine
1173 2520 1208 2576 ιι
1236 2512 1306 2577 vini
1329 2511 1487 2595 symbolis
1507 2513 1637 2596 figurat,
1660 2532 1740 2577 vere
1762 2521 1940 2595 praestare,
1963 2517 2001 2575 ut
2023 2511 2151 2578 animas

140 2605 191 2662 cst
211 2595 300 2679 quod
320 2596 469 2678 proximo
492 2595 731 2680 addidimus,⁸)
760 2616 879 2680 nempe
901 2617 984 2679 quae
1006 2617 1047 2661 ex
1068 2615 1120 2661 sa·
1173 2605 1303 2662 nostras
1334 2599 1443 2663 carnis
1470 2618 1549 2664 suae
1576 2618 1634 2663 esu
1661 2606 1694 2661 et
1723 2597 1895 2680 sanguinis
1921 2598 2052 2681 potione
2074 2597 2150 2663 alat
2237 2595 2241 2602 ’

139 2683 317 2747 oramentis
338 2682 517 2765 percipitur
538 2682 674 2761 utilitas,
696 2680 991 2748 eamadexternae
1009 2702 1120 2764 sump·
1172 2683 1331 2749 Facessat
1362 2683 1465 2766 igitur
1498 2683 1613 2766 putida
1644 2682 1703 2748 illa
1739 2683 1919 2760 calumnia,
1955 2682 2152 2748 theatricam

138 2768 241 2832 tionis
263 2775 394 2850 tempus
415 2787 483 2832 non
505 2766 624 2832 debere
646 2768 820 2852 restringi,
849 2788 887 2833 ac
909 2769 938 2833 si
960 2768 1024 2832 Dei
1044 2787 1120 2851 gra·
1172 2768 1242 2833 fore
1260 2788 1422 2850 pompam,
1432 2770 1462 2852 ²)
1484 2770 1549 2834 nisi
1570 2789 1607 2835 re
1628 2770 1702 2850 ipsa
1722 2776 1867 2851 praestet
1883 2767 2049 2833 Dominus
2066 2769 2152 2852 quod

134 2854 220 2918 tiam
243 2852 359 2919 eodem
387 2872 498 2918 secum
525 2861 693 2918 momento
722 2852 935 2919 adveherent.
986 2853 1027 2917 In
1057 2872 1120 2935 quo
1173 2854 1268 2936 signo
1311 2853 1465 2919 ostendit.
1527 2854 1642 2936 Neque
1676 2855 1765 2919 enim
1803 2852 1942 2919 dicimus
1973 2854 2152 2936 quidquam

136 2939 285 3022 aiquisa
302 2938 396 3003 nobis
420 2942 496 3017 [pag.
510 2943 565 3017 43]
587 2939 748 3018 dissentit,
770 2948 842 3003 tum
861 2938 1121 3023 regenerationis
1173 2938 1304 3004 ostendi
1325 2939 1411 3022 quod
1433 2959 1502 3004 non
1530 2960 1608 3005 vere
1630 2938 1735 3004 detur.
1784 2939 1882 3004 Iubet
1904 2960 1964 3004 nos
1986 2937 2151 3005 Dominus

136 3025 281 3109 gratiam
299 3025 337 3088 in
352 3023 467 3090 multis
485 3025 646 3091 acceleret
666 3045 798 3091 necesse
816 3032 876 3101 ιιι,
899 3024 1024 3089 tamin
1043 3023 1120 3088 reli·
1171 3045 1290 3108 panem
1313 3034 1347 3090 ιι
1368 3025 1483 3090 vinum
1505 3025 1667 3107 accipere:
1699 3024 1826 3090 interea
1847 3024 2019 3107 spirituale
2042 3027 2151 3090 carnis

134 3131 242 3192 quum
264 3111 354 3177 vitae
383 3131 516 3176 cursum
542 3110 680 3176 fabricet
711 3111 903 3176 innumeros
929 3109 1119 3193 baptismos.
1173 3131 1254 3175 suae
1283 3120 1317 3175 et
1345 3110 1516 3194 sanguinis
1545 3110 1739 3175 alimentum
1767 3130 1802 3174 se
1832 3107 1910 3174 dare
1942 3111 2149 3193 pronunciat.

132 3195 306 3263 Effectum
328 3195 489 3278 baptismi,
512 3196 568 3280 qui
590 3195 632 3261 ad
650 3203 779 3279 tempus
800 3195 912 3260 nullus
933 3194 1006 3274 luit,
1028 3193 1119 3261 vide·
1171 3195 1283 3261 Huius
1304 3199 1352 3262 rei
1374 3216 1440 3261 non
1462 3195 1611 3262 fallacem
1623 3195 1725 3260 oculis
1747 3195 1884 3278 proponi
1904 3196 2047 3278 figuram
2069 3194 2151 3260 dici·

131 3301 213 3346 mus
234 3280 371 3346 tandem
393 3301 569 3366 emergere.
577 3282 606 3361 ⁴)
651 3283 749 3366 Aqua
766 3281 943 3365 tinguntur
963 3279 1060 3345 multi
1078 3280 1119 3345 ab
1171 3302 1256 3359 mus,
1280 3281 1337 3346 sed
1359 3283 1482 3366 pignus
1503 3281 1598 3346 nobis
1619 3279 1754 3364 porrigi,
1778 3281 1831 3346 cui
1849 3300 1903 3344 res
1920 3280 1993 3361 ipsa
2010 3288 2044 3345 et
2064 3281 2151 3345 veri·

132 3374 232 3432 utero
260 3367 391 3446 matris,
420 3367 476 3449 qui
505 3368 622 3433 aetatis
650 3388 826 3452 progressu
859 3366 939 3432 adeo
965 3387 1001 3432 se
1029 3365 1119 3431 intus
1171 3373 1223 3433 tas
1243 3368 1419 3433 coniuncta
1437 3375 1501 3432 est:
1524 3363 1612 3448 quod
1632 3365 1757 3431 scilieet
1770 3364 1896 3431 Christi
1907 3386 2005 3430 earne
2024 3373 2058 3429 et
2075 3384 2151 3430 san·

137 3451 241 3519 faisse
262 3452 443 3536 baptizatos
465 3474 531 3518 non
554 3452 743 3532 ostendunt,
760 3462 798 3518 nt
815 3453 924 3536 potius
945 3452 1118 3530 exstincto,
1171 3452 1272 3537 gnine
1294 3454 1424 3517 animae
1450 3458 1584 3517 nostrae
1611 3459 1797 3534 pascantur.
1841 3450 1911 3517 Neo
1933 3448 2010 3515 fidei
2031 3470 2151 3516 nomen

135 3547 301 3617 quantum
328 3538 428 3603 inse
457 3546 523 3618 est,
551 3538 615 3603 Dei
644 3540 763 3624 spiritu
791 3537 993 3621 baptismum
1020 3558 1119 3603 sunm
1171 3537 1349 3621 quidquam
1370 3537 1605 3621 imaginarium
1627 3543 1729 3616 notat,
1758 3537 1852 3620 quasi
1875 3541 2005 3601 tantum
2027 3536 2151 3619 cogita·
2201 3619 2202 3623 Ἰ

135 3624 342 3690 exinaniant.
392 3624 519 3689 Eorum
550 3631 681 3707 partem
715 3624 757 3690 ad
791 3643 827 3689 se
852 3625 947 3689 Dens
977 3630 1118 3689 revocat.
1172 3624 1277 3702 tione,
1305 3623 1362 3690 rel
1383 3624 1542 3688 memoria
1562 3622 1747 3707 percipiant
1767 3621 1881 3687 fideles
1903 3621 1990 3705 quod
2011 3623 2151 3704 promit·

116 3702 209 3785 Qui
230 3730 311 3795 orgo
333 3710 421 3777 vitae
442 3710 623 3777 novitatem
645 3711 741 3795 signo
762 3717 920 3792 tanquam
942 3707 1076 3792 capsula
1088 3709 1118 3792 ὅ)
1171 3708 1267 3775 titur:
1302 3707 1360 3774 sed
1388 3730 1430 3775 ιι
1458 3709 1532 3794 quis
1560 3717 1655 3793 putet
1676 3729 1715 3774 eo
1737 3728 1841 3790 usque
1862 3707 2014 3789 prostitui
2036 3706 2151 3775 Chris-

129 3793 296 3876 includet,
314 3818 381 3863 non
401 3805 473 3861 tam
493 3796 630 3865 ornabit.
644 3798 777 3881 signum
798 3796 916 3879 ipsum,
937 3815 1035 3878 quam
1047 3795 1119 3859 Deo
1171 3804 1253 3874 tum,
1275 3804 1314 3860 ιι
1333 3795 1405 3878 ipso
1426 3795 1578 3861 fruantur
1595 3793 1780 3859 inereduli..
1808 3792 1927 3876 Neque
1949 3794 2039 3857 enim
2069 3792 2150 3860 dam

126 3878 204 3945 orit
223 3883 376 3949 iniurius.
421 3882 495 3948 Iam
515 3904 617 3965 quum
639 3881 773 3948 assidua
789 3902 893 3964 usque
913 3880 956 3945 ad
978 3887 1118 3945 mortem
1170 3880 1297 3947 Paulus
1319 3880 1490 3946 Christum
1512 3880 1662 3946 babitare
1680 3878 1775 3944 docet
1795 3877 1831 3943 in
1853 3877 2005 3944 cordibus
2026 3880 2150 3946 nostris
2202 3904 2206 3910 ·

116 3979 212 4058 φοι
233 3967 351 4035 ιιιιιι
378 3968 599 4051 poenitentiae
619 3968 804 4045 meditatio,
837 3974 875 4032 ut
901 3967 937 4031 in
959 3985 998 4031 ea
1018 3967 1118 4049 profl-
1169 3987 1230 4049 per
1265 3965 1365 4033 fidem
1395 3966 1673 4051 (Ephes.3,17),
1707 3963 1778 4030 loco
1811 3983 1908 4028 verae
1938 3963 2151 4032 habitationis

109 4060 232 4118 mant
249 4053 312 4119 filii
333 4054 412 4120 Dei:
435 4055 508 4137 quis
529 4054 730 4138 baptismum
758 4053 860 4136 impie
881 4051 1029 4117 mutilari
1050 4071 1119 4115 non
1170 4053 1440 4136 imaginationem
1469 4051 1638 4135 supponit:
1671 4048 1730 4116 sed
1762 4048 1924 4133 quomodo
1957 4050 2045 4114 tanti
2072 4050 2150 4116 boni

105 4130 246 4226 ridet,
277 4142 307 4205 si
326 4159 395 4206 non
416 4139 506 4205 ultra
527 4149 698 4207 externam
721 4138 1038 4204 administrationem
1067 4137 1119 4202 vis
1170 4140 1409 4220 possessionem
1431 4135 1656 4222 cernamus,a)
1688 4135 1850 4200 admonet.
1906 4133 2048 4200 Carnem
2071 4156 2150 4220 ergo

96 4231 215 4289 ⁸¹⁰8
232 4234 265 4292 et
282 4227 409 4292 fractus
430 4225 634 4304 extenditur,
664 4225 721 4308 qui
749 4223 791 4289 ad
818 4232 923 4288 totum
950 4223 1040 4289 ritae
1062 4221 1119 4288 de-
1172 4223 1313 4303 Christi,
1341 4225 1411 4290 sine
1438 4221 1517 4286 ullis
1545 4222 1751 4304 ambagibus,
1780 4221 1924 4285 latemur
1949 4242 2020 4287 esse
2041 4222 2149 4289 viviti-

92 4314 276 4379 mnam
302 4310 416 4411 patet?
470 4311 545 4376 Inro
578 4310 662 4377 nibil
689 4310 725 4376 in
758 4328 853 4375 saara
883 4309 981 4391 signa
1012 4309 1120 4392 magis
1172 4329 1258 4375 eam:
1292 4329 1358 4376 non
1385 4316 1515 4374 tantum
1541 4308 1619 4390 quia
1641 4311 1716 4386 [pag.
1737 4311 1792 4385 tt]
1815 4305 1916 4372 semel
1937 4307 1974 4371 in
1995 4327 2035 4372 ea
2056 4307 2150 4374 nobis

87 4396 413 4472 eontmenosum
432 4397 514 4481 fingi
535 4404 658 4480 potest,
688 4415 789 4479 quam
810 4414 923 4460 eorum
945 4393 1120 4460 veritatem
1172 4394 1263 4460 salus
1308 4402 1381 4461 arta
1402 4404 1468 4473 est,
1497 4392 1555 4459 sed
1583 4392 1661 4477 quia
1687 4411 1778 4458 nunc
1807 4389 1887 4456 dnm
1909 4412 2003 4459 sacra
2024 4392 2149 4458 unitate

83 4479 134 4530 ¹¹¹
183 4483 366 4564 numenei
391 4491 521 4549 tantum
548 4484 675 4550 actione
703 4481 826 4566 vigere.
870 4479 945 4546 Hoc
966 4480 1014 4544 ita
1035 4479 1118 4546 acci-
1171 4500 1248 4547 oum
1300 4480 1405 4545 bristo
1426 4476 1651 4558 coaleseimus,
1679 4477 1793 4544 eadem
1814 4477 1873 4541 illa
1894 4497 1969 4543 caro
1990 4477 2093 4544 vitam
2112 4477 2149 4541 in

81 4594 346 4639 x.-
1171 4586 1231 4632 nos
1253 4567 1366 4650 spirat,
1388 4563 1444 4631 rel
1466 4570 1503 4629 ut
1524 4564 1658 4631 bravius
1680 4561 1796 4641 dicam,
1820 4563 1898 4646 qnia
1914 4581 2035 4628 arcana
2050 4561 2148 4645 spiri·

80 4692 215 4817 ζῐῖδ
230 4721 258 4762 ιι
275 4706 422 4776 deportent
444 4705 479 4761 de
502 4705 608 4774 plaider
629 4704 658 4760 la
675 4719 756 4760 cause
778 4702 813 4758 de
830 4701 912 4783 Iudas
929 4700 986 4756 s'ils
1002 4717 1037 4756 ne
1055 4716 1118 4757 ven·

218 4773 295 4844 qn'cn
313 4789 503 4844 acuspaqonne
515 4789 569 4899 zue
586 4789 651 4830 sous
669 4789 701 4829 ιι
718 4786 854 4867 personne
871 4770 905 4825 ιι
923 4769 1032 4838 portent
1047 4784 1118 4839 pour

83 4823 174 4886 ’.ἶ
213 4844 325 4900 romana
342 4843 421 4898 avoir
436 4842 500 4898 Iesu
1985 4902 1991 4913 Ι

208 4909 721 4976 1)ὶιιιι·ιιιιιιιιιιιιιιιι.
1170 4900 2150 4978 ιιιιιιιιιιιιιιιιιιιιιθιιιιιι,ιιιιιιιι3ιιιιιιιιιιιι

208 4977 316 5048 Dirib.
333 4981 524 5050 ιιιιιιίοιιιι
541 4985 595 5034 ιιι
612 4985 676 5035 teat.
693 4976 719 5033 3.
1169 4974 1278 5046 aliqum
1293 4975 1449 5031 desiderari
1469 4990 1504 5028 ae
1530 4973 1689 5030 ιιιιιιιιιι·
1709 4987 1744 5028 ιι
1764 4969 1993 5052 praeemineo·
2015 4967 2149 5052 ιἰιιιιιιι,

209 5045 239 5116 ³)
256 5065 289 5107 ιι
306 5064 361 5119 quo
376 5063 448 5104 noua
466 5063 552 5104 avons
568 5046 609 5102 dit
625 5047 695 5103 dans
710 5052 805 5102 nosue
818 5043 933 5101 Accord.
1169 5049 1251 5101 erm
1266 5059 1347 5099 maa
1363 5044 1467 5113 ιριιιιι
1480 5044 1566 5125 pacis
1584 5049 1610 5098 ιι
1625 5043 1688 5098 ιιι
1701 5041 1793 5096 caton
1809 5044 1835 5094 ιι
1851 5043 1923 5094 caste
1938 5051 2087 5095 asam

206 5117 240 5186 4)
254 5119 309 5179 alle
326 5132 359 5175 aa
376 5116 532 5176 demonstra
548 5130 601 5185 par
618 5115 783 5173 moossaion.
1238 5112 1269 5178 1)
1287 5128 1340 5168 nne
1357 5112 1432 5169 farae
1449 5127 1495 5183 qm
1512 5127 1543 5168 ιι
1559 5111 1680 5168 iouercit
1696 5125 1743 5166 aar
1760 5125 1797 5164 ιι
1815 5104 1966 5189 somniant

209 5185 237 5257 b)
253 5205 307 5247 ιιι
325 5187 465 5256 omasus
1239 5182 1269 5248 a)
1288 5179 1466 5252 aucupem
1484 5178 1587 5235 addere
1605 5179 1724 5235 ιιιιιιιε
1741 5176 1985 5247 percipumusque.

539 4842 610 4899 brist
626 4856 691 4897 asna
708 4841 812 4896 laroir.
1239 4838 1270 4905 1)
1287 4837 1347 4894 Hoc
1364 4839 1404 4893 ita
1421 4836 1525 4905 accipio
1544 4875 1551 4889 .
1570 4876 1577 4890 .
1596 4875 1603 4890 .
1623 4843 1796 4892 ,ιιιιιιιιι
1822 4833 1902 4888 Haec
1917 4833 2032 4889 ιιινιιιι
2049 4832 2085 4888 ct
2102 4848 2147 4886 ar·
