4620 5828
14 167 77 228 bil
702 156 765 222 ΒΕ
785 154 915 224 VERA
936 156 1331 225 Psnmomamoun

15 351 147 419 Iudaeis
172 349 439 433 ’comprehensus
476 356 540 424 est,
579 345 668 430 quod
705 345 797 429 ligno
833 344 991 422 confixus,
1043 343 1122 409 dnm
1145 365 1187 410 ex
1208 346 1340 430 seriptis
1364 348 1485 414 nostris
1514 369 1551 414 se
1578 367 1753 431 excerpere
1778 347 1916 417 simulat
1941 371 2023 434 quae

13 435 102 522 qnod
130 438 165 501 in
198 434 348 520 sepulcro
375 432 540 507 conditus,
576 431 661 515 qnod
688 431 724 495 in
752 429 991 496 resurrectione
1043 431 1104 496 sibi
1132 432 1229 496 finxit
1250 432 1430 498 mendacia
1480 433 1572 518 Ergo
1602 434 1755 515 qnoniam
1782 435 1854 518 ipse
1892 437 2023 505 enervis

15 523 258 599 manifestatus,
288 541 353 585 non
380 539 509 602 semper
535 516 695 584 habebitis
727 537 780 581 me
813 513 989 581 vobiscum.
1042 516 1163 592 cavilli,
1194 517 1280 599 qnod
1312 518 1393 583 falso
1416 519 1509 585 nobis
1530 519 1680 597 obiectat,
1714 518 1804 588 solus
1836 531 1934 588 enter
1965 530 2023 595 est

15 607 150 691 Quare?
195 604 360 687 Quoniam
383 611 603 670 conversatus
636 612 687 669 est
714 600 895 668 secundum
919 621 991 667 eor·
1042 603 1146 668 fateor
1167 623 1246 668 sane
1268 624 1345 668 eum
1367 605 1713 688 meleargumentari:
1742 612 1777 672 et
1797 628 1898 691 quum
1923 628 1942 673 e
1964 629 2023 674 suo

14 695 103 778 poris
120 693 339 777 praesentiam
360 688 579 774 quadraginta
600 688 800 755 diebuscum
812 684 989 768 discipulis,
1042 688 1175 753 cerebro
1196 702 1311 754 assum
1331 687 1372 754 de
1394 691 1537 773 corporis
1559 690 1722 767 absentia,
1743 693 1895 774 quamvis
1918 693 2024 760 melna

13 787 49 846 et
70 781 118 845 eis
138 775 381 855 deducentibus,
403 774 554 852 videndo,
572 797 638 840 non
655 773 830 857 sequendo,
842 771 991 838 ascendit
1042 774 1087 839 sit
1107 783 1214 849 sutor,
1237 771 1280 838 ad
1307 775 1441 844 calceos·
1459 786 1571 841 temen
1601 778 1719 842 merito
1747 777 1800 844 abl
1889 778 1951 846 dus
1975 789 2025 846 est

14 867 50 931 in
72 864 207 942 coelum,
229 870 264 928 et
285 883 351 927 non
371 869 421 928 est
443 861 505 926 hio.
550 860 601 927 Ibi
622 860 711 926 enim
731 858 826 925 sedet
846 855 889 922 ad
910 855 990 922 dex·
1042 878 1118 930 enm
1140 857 1269 943 frigidis
1289 862 1360 933 suis
1381 862 1513 927 facetiis.
1553 859 1692 946 Interea,
1707 861 1793 946 quod
1837 865 2025 931 eabsentia

14 961 117 1018 terem
140 950 251 1034 patris,
274 958 308 1013 et
334 948 388 1014 hic
415 955 474 1012 est
518 946 594 1012 Non
620 946 709 1011 enim
738 944 872 1011 recessit
896 963 990 1025 prae-
1043 945 1165 1028 dnplioi
1194 956 1271 1010 ante
1296 945 1419 1012 dietum
1453 959 1517 1024 est,
1550 947 1688 1014 lectores
1722 950 1882 1017 memorie
1913 958 2025 1018 tenere

14 1039 120 1104 sentia
151 1035 342 1100 maiestatis,
386 1033 508 1098 Aliter:
548 1029 737 1099 Seorrndnm
770 1029 990 1114 praesentiam
1041 1031 1125 1095 volo.
1159 1029 1260 1097 Unde
1277 1031 1422 1114 liquebit,
1443 1054 1525 1115 qnae
1546 1032 1616 1100 loco
1637 1033 1785 1100 etooulis
1806 1036 1935 1114 absunt,
1958 1057 2024 1103 non

14 1123 194 1190 maiestatis
231 1139 361 1202 semper
394 1117 555 1184 habemus
591 1117 776 1183 Christum:
809 1114 989 1182 secundum
1043 1137 1114 1181 esse
1142 1127 1252 1182 tamen
1284 1116 1399 1200 procul
1441 1127 1579 1184 remota:
1614 1140 1698 1202 qnae
1735 1119 1799 1185 dno
1840 1142 2022 1204 perperam,

14 1209 234 1293 praesentiam
256 1206 373 1281 camis,
395 1211 483 1270 recte
505 1203 627 1270 dietum
650 1211 702 1268 est
724 1200 906 1286 discipulis:
933 1200 990 1265 Me
1042 1202 1112 1267 sive
1134 1202 1272 1280 inscitia,
1296 1205 1366 1268 sive
1388 1204 1516 1268 malitia
1535 1204 1708 1271 confundit
1728 1205 1929 1273 Heshusius.
1970 1206 2023 1274 Si·

14 1316 80 1360 non
102 1313 231 1375 semper
252 1289 414 1356 habebitis
432 1289 570 1372 (Matth.
591 1293 641 1366 26,
667 1289 730 1374 il).
1041 1287 1112 1351 mul
1135 1308 1214 1353 vero
1236 1309 1354 1371 operae
1375 1291 1517 1372 pretinm
1538 1301 1590 1356 est
1611 1300 1725 1356 notare
1746 1313 1844 1375 quam
1866 1294 2028 1358 connium

20 1396 21 1399 ’
94 1379 199 1444 Porro
220 1375 513 1460 quamvereounde
535 1375 669 1453 scribet,
682 1371 884 1457 meprobare
898 1392 990 1437 mum
1043 1372 1168 1438 Christi
1190 1376 1412 1455 praesentiam
1433 1380 1507 1456 [pag.
1525 1381 1578 1454 83]
1601 1376 1709 1442 eliciat
1731 1399 1772 1443 ex
1795 1377 1904 1444 verbis
1922 1379 2026 1456 Petri,

15 1465 123 1531 narnis
150 1462 275 1530 Christi
297 1481 368 1527 esse
385 1461 532 1526 inutilem
551 1482 592 1526 ex
613 1459 737 1526 Christi
755 1458 881 1524 verbis:
903 1456 990 1523 Caro
1043 1459 1100 1526 ubi
1119 1458 1316 1543 baptismum
1345 1472 1439 1527 vooat
1460 1460 1645 1542 iarpdtpco
1674 1463 1777 1528 bcnae
1805 1465 2027 1530 eonscientiae

15 1572 82 1618 non
115 1549 248 1632 prodest
273 1547 458 1630 quidquam>
480 1547 608 1625 (loann.
638 1552 667 1621 n,
692 1546 758 1629 63),
785 1565 839 1608 me
860 1549 990 1608 tecente
1043 1546 1088 1629 (t.
1111 1545 1203 1610 Petri
1215 1550 1244 1624 3,
1268 1550 1341 1620 21):
1364 1567 1468 1628 quum
1489 1546 1699 1635 diserte'illic
1721 1549 1886 1631 apostolus
1915 1557 2026 1615 exter-

16 1633 517 1710 dcmonstretCommentarius,
554 1632 588 1695 in
619 1652 682 1714 quo
710 1632 757 1697 sic
784 1627 991 1695 adverbum
1042 1653 1122 1696 num
1135 1630 1288 1713 baptismi
1299 1632 1486 1714 symbolum
1504 1634 1673 1698 averitete
1692 1632 1864 1700 discernat
1899 1634 2024 1711 Veteri,

12 1723 142 1805 loquor:
174 1721 243 1787 Neo
264 1731 352 1784 reete
372 1719 419 1783 illi
441 1718 497 1800 qui
526 1716 652 1784 Christi
677 1737 811 1782 carnem
838 1712 992 1798 prodesse
1042 1717 1162 1799 inquit,
1196 1719 1321 1800 figurae
1353 1718 1470 1783 similis
1490 1729 1560 1795 ‚est
1591 1719 1773 1802 baptismus
1800 1728 1930 1799 noster,
1956 1742 2021 1799 non

14 1807 128 1874 dieunt
156 1814 318 1890 quatenns
343 1804 499 1870 crucifixa
522 1812 586 1881 eet,
614 1823 775 1869 comesam
802 1821 880 1867 vero
907 1798 990 1864 nihil
1042 1803 1179 1869 abiectio
1201 1802 1346 1869 sordium
1368 1805 1485 1882 carnis,
1507 1803 1565 1869 sed
1587 1805 1690 1870 bonae
1704 1807 1923 1872 conscientiae
1947 1828 2021 1872 exa·

14 1893 113 1960 nobis‘
126 1893 258 1957 afferre:
281 1891 362 1974 quin
383 1890 490 1974 potins
511 1888 680 1956 comedere
702 1909 774 1954 eam
787 1895 989 1964 neeesseest,
1041 1910 1118 1954 men
1139 1908 1198 1972 per
1219 1891 1490 1954 resurrectionem
1512 1888 1648 1957 Christi.

16 1989 55 2045 ut
82 1979 240 2045 crucifixa
260 1977 371 2059 prosit
395 1978 427 2043 A
496 1976 601 2040 stinue
623 1972 991 2054 subaudiendumputat
1129 1974 1289 2057 Sequitur
1299 1985 1416 2057 quarta
1426 1975 1571 2041 obiectio.
1606 1973 1821 2043 Sacramenta
1837 1977 2021 2044 novitesta-

16 2065 140 2143 Solam,
164 2073 198 2128 et
218 2084 277 2145 per
291 2084 335 2140 se,
357 1996 565 2144 quiaudlelbeat
577 2082 652 2127 oum
678 2060 798 2143 spiritu
825 2057 989 2140 coniungi
1042 2061 1155 2138 menti,
1176 2061 1357 2143 baptismus
1378 2070 1412 2126 et
1432 2081 1541 2139 coena,
1563 2061 1701 2127 eandem
1712 2062 1837 2128 habent
1854 2064 2019 2139 rationem,

14 2150 110 2232 Quod
127 2170 201 2216 enm
224 2149 342 2230 reipsa
359 2155 618 2212 consentaneum
638 2160 697 2212 est.
732 2146 818 2210 Nam
836 2142 990 2209 Christus
1042 2167 1080 2211 ao
1104 2167 1237 2228 prorsus
1254 2146 1342 2210 inter
1362 2167 1398 2210 se
1419 2163 1613 2231 congruunt
1642 2147 1690 2214 Ut
1706 2148 1808 2232 igitur
1818 2148 1854 2212 in
1864 2147 2022 2232 baptismo

14 2235 57 2303 ad
85 2234 219 2301 modum
252 2232 369 2299 mendi
397 2232 590 2315 simpliciter
625 2233 766 2316 respicit.
810 2230 884 2295 Non
914 2249 992 2312 ergo
1044 2252 1128 2316 aqua
1159 2252 1225 2296 non
1253 2230 1372 2301 dicitur
1398 2233 1534 2314 spiritus
1561 2242 1712 2311 sanctus,
1742 2234 1805 2299 nisi
1833 2254 1895 2317 per
1923 2244 2020 2312 metu·

13 2322 167 2406 quamvis
184 2318 329 2385 excludit
350 2318 536 2407 utilitatem,
558 2318 652 2400 quasi
680 2317 772 2383 nulla
800 2315 922 2400 poroipi
949 2335 992 2378 ex
1043 2317 1191 2401 phorom,
1213 2317 1261 2382 ita
1282 2339 1342 2383 neo
1364 2318 1458 2400 panis
1480 2318 1696 2393 eucharistiae
1708 2318 1771 2384 dici
1788 2329 1900 2403 potest
1909 2340 2022 2403 corpus

14 2429 114 2475 earne
136 2427 197 2472 sua
217 2404 334 2488 possit:
356 2403 414 2470 sed
434 2404 482 2468 ita
502 2403 636 2469 demum
653 2403 804 2469 inutilem
826 2402 896 2467 iore
918 2421 993 2484 pro·
1044 2403 1186 2480 Christi,
1220 2404 1286 2469 nisi
1318 2404 1506 2491 allegorice,
1538 2404 1603 2483 vel,
1626 2403 1808 2472 secundnm
1829 2403 2022 2487 Calvinum,

15 2494 161 2570 nunciat,
183 2491 254 2557 sia
284 2490 401 2575 spiritu
430 2500 608 2573 separetur.
653 2489 750 2556 Unde
778 2489 867 2554 enim
893 2486 994 2551 habet
1044 2488 1272 2573 metonymian
1316 2488 1432 2569 Qualis
1453 2497 1567 2556 nostra
1594 2491 1637 2555 sit
1664 2489 1883 2556 ratiocinandi
1912 2491 2023 2569 forma,

15 2598 91 2645 earo
123 2588 163 2641 ut
192 2575 357 2655 vivificet,
387 2575 451 2640 nisi
479 2576 556 2658 quia
583 2575 763 2659 spiritualis
797 2571 869 2639 est?
913 2571 993 2636 Ideo
1045 2575 1143 2659 paulo
1172 2583 1245 2658 post
1273 2573 1466 2642 videbimus
1511 2576 1656 2642 Tantum
1682 2575 1861 2642 observent
1888 2576 2024 2642 lectores

14 2665 162 2750 quisquis
183 2663 218 2727 in
236 2663 382 2727 terrestri
404 2662 511 2727 carnis
531 2669 651 2745 natura
672 2659 830 2736 subsistit,
853 2657 938 2723 nihil
958 2659 994 2722 in
1045 2662 1166 2726 iterum
1188 2660 1289 2726 verba
1304 2660 1456 2726 fabricari
1478 2663 1519 2728 ab
1541 2661 1718 2742 Heshusio,
1740 2682 1825 2744 quae
1847 2664 2021 2728 materiam

18 2772 57 2817 ea
78 2748 220 2832 reperiet
240 2749 303 2814 nisi
326 2755 506 2813 mortuum:
535 2745 593 2812 sed
622 2747 678 2830 qui
706 2746 815 2812 oculos
843 2743 995 2809 attollent
1045 2746 1230 2812 umbratilis
1260 2766 1390 2829 pugnae
1422 2747 1608 2829 praebeant
1653 2748 1770 2831 Itaque
1804 2747 1891 2830 quod
1929 2770 2024 2814 sunm

15 2835 58 2903 ad
86 2835 220 2919 spiritus
255 2834 427 2911 mrtntem,
461 2854 527 2916 qua
555 2833 690 2915 perfusa
722 2840 773 2898 est
803 2850 894 2906 caro,
926 2849 994 2893 non
1045 2832 1128 2897 illud
1141 2831 1281 2898 Prorsus
1291 2853 1455 2916 meruere
1472 2833 1600 2912 refutat,
1624 2833 1707 2898 nihil
1724 2832 1766 2898 ad
1786 2855 1863 2904 nos:
1886 2832 2025 2918 ideoque

15 2924 140 2989 frustm
161 2911 326 2987 vivificam
343 2917 408 2984 dici
428 2918 500 3002 ipso
521 2918 641 2983 effectu
651 2926 685 2983 et
705 2917 781 2983 fidei
792 2915 995 2998 experientia
1045 2917 1138 2984 facile
1160 2919 1266 3000 patior
1276 2920 1383 3001 ipsum
1395 2926 1571 3000 σκιαμαχεῖν
1592 2941 1668 2985 oum
1690 2920 1757 2986 suis
1769 2920 1911 2998 naeniis,
1930 2918 2024 2984 modo

16 3014 90 3089 [pag.
109 3012 165 3086 aa]
187 3006 337 3071 sentient
380 3004 478 3071 Illinc
499 3002 674 3070 lectoribus
700 3003 797 3088 plura
821 3009 934 3085 petere
967 3001 995 3065 si
1047 3002 1248 3087 simplicibus
1269 3005 1508 3070 focumfaoere
1530 3004 1667 3071 desinat.
1700 3003 1853 3085 Nuncad
1874 3016 2026 3073 nostrum

16 3095 131 3172 velint,
154 3091 271 3158 licebit
316 3091 369 3156 lin
392 3113 451 3159 our
471 3090 535 3155 iste
563 3089 690 3156 Thraso
713 3089 911 3156 Calvinistas
938 3107 995 3170 ap·
1046 3097 1279 3174 argumentum
1301 3091 1406 3155 venio.
1452 3090 1564 3171 Quum
1586 3091 1695 3173 palam
1717 3100 1844 3157 asserat
1863 3093 2026 3175 scriptura

16 3180 127 3264 pollet,
151 3196 230 3244 num
252 3197 329 3244 caro
349 3177 408 3242 lilii
430 3177 494 3242 Dei
517 3176 561 3243 sit
587 3176 721 3244 inutilis.
744 3176 828 3258 ulmo
850 3195 910 3239 our
928 3194 995 3238 non
1047 3197 1107 3242 nos
1129 3175 1299 3243 Christum
1320 3176 1459 3242 induere
1481 3177 1516 3241 in
1539 3177 1707 3259 baptismo,
1721 3184 1761 3268 'et
1779 3177 2026 3261 sangnineeius

15 3268 124 3351 potius
149 3273 182 3330 te
213 3264 321 3346 ipsum
350 3262 510 3345 appellas,
547 3270 581 3328 et
608 3261 790 3332 socordiam
817 3272 910 3324 tuam
936 3258 996 3324 ali·
1048 3260 1147 3340 ablui,
1169 3283 1340 3328 monemus
1367 3283 1433 3328 non
1461 3284 1532 3328 esse
1553 3283 1687 3338 causam
1709 3283 1813 3329 curm
1859 3264 1865 3276 ”
1901 3261 2027 3329 dicatur

11 3456 14 3464 ·
102 3437 216 3502 Tertia
233 3435 314 3500 haee
336 3433 514 3500 seeundum
536 3434 643 3516 ipsum
656 3441 769 3498 nostra
780 3440 829 3496 est
842 3429 994 3497 obiectio:
1048 3434 1158 3516 itaque
1180 3455 1246 3498 non
1267 3433 1304 3497 in
1325 3455 1363 3498 eo
1385 3434 1551 3514 statuitur,
1574 3433 1660 3517 qnod
1693 3442 1869 3517 utrumque
1903 3434 1948 3500 sit
1974 3455 2023 3500 se·

17 3523 230 3591 saommentis
251 3521 401 3586 omnibus
423 3541 494 3585 esse
515 3519 683 3601 proprium
701 3525 740 3583 nt
760 3517 855 3601 signa
876 3516 943 3581 sint
963 3523 998 3581 et
1048 3528 1252 3584 crementum
1273 3519 1351 3584 novi
1372 3519 1569 3600 testamenti,
1592 3519 1649 3585 sed
1671 3521 1747 3603 quia
1776 3519 1905 3585 Christi
1932 3541 2023 3602 prae-

2226 2826 2236 2864 t

2225 2917 2239 2955 0

2211 3004 2241 3050 1

2205 3094 2241 3141 a

2196 3186 2239 3232 a

2186 3279 2237 3324 ‘¹¹
2281 3305 2285 3342 ,³

15 3351 145 3436 quando
168 3349 412 3433 expergeiaois?
1048 3348 1085 3412 in
1119 3368 1220 3413 coena
1257 3347 1373 3413 adesse
1408 3370 1505 3431 qnam
1538 3349 1576 3413 in
1607 3346 1778 3431 baptismo.
1863 3347 2026 3414 imilitudo
2177 3368 2231 3414 α
2281 3347 2282 3353 ’

17 3610 156 3694 pignora
177 3607 387 3672 testificantia
407 3604 546 3687 aliquid:
575 3625 654 3688 ergo
675 3605 710 3668 in
732 3623 832 3669 coena
854 3622 920 3666 non
946 3603 996 3684 ip·
1049 3606 1189 3671 sentiam
1212 3626 1276 3669 non
1298 3605 1408 3671 minus
1430 3606 1575 3689 requirat
1596 3606 1778 3688 baptismus
1795 3626 1897 3689 quem
1915 3626 2022 3670 onena
2145 3642 2202 3683 ..ι
2251 3687 2255 3710 ἴ

18 3715 93 3759 snm
113 3713 230 3776 eorpus
250 3692 385 3769 Christi,
408 3690 466 3757 sed
488 3698 618 3755 tantum
638 3689 822 3774 symbolum
845 3685 918 3752 dari
938 3687 996 3753 ab·
1049 3691 1197 3758 Accessit
1216 3690 1320 3755 altera
1346 3690 1438 3756 ratio.
1483 3691 1570 3757 Nam
1597 3713 1699 3776 quum
1725 3712 1839 3757 secure
1866 3690 2023 3775 quidquid

17 3779 120 3845 sentis
142 3779 294 3862 eorporis.
339 3777 462 3844 Caesar
488 3776 529 3842 de
557 3776 721 3844 eeleritate
748 3773 904 3840 victoriae
932 3773 996 3838 ori·
1048 3798 1090 3842 ex
1112 3776 1216 3841 veteri
1237 3785 1434 3842 testamento
1456 3773 1650 3859 productum
1671 3778 1780 3842 inerat
1800 3776 2022 3861 repudiarent,
2114 3800 2181 3869 ,4

17 3864 136 3930 entaiis
162 3863 294 3948 gloriari
316 3863 446 3940 volens,
475 3862 643 3944 scripsisse
671 3863 789 3926 fertur:
808 3858 897 3937 Vidi,
917 3859 994 3924 vici:
1047 3861 1251 3931 ostendimus
1261 3862 1297 3926 in
1314 3861 1476 3946 baptismo
1487 3863 1564 3928 huin
1581 3863 1845 3947 tergiversationi
1869 3884 1938 3927 non
1954 3883 2021 3929 esse
2106 3894 2173 3942 α
2233 3932 2236 3944 ἶ

17 3951 72 4016 hic
93 3959 203 4014 annm
224 3961 335 4014 noster
355 3948 491 4028 Thraso,
513 3947 624 4014 oculos
633 3944 814 4013 claudendo
831 3967 867 4011 se
878 3945 996 4012 vicisse
1047 3949 1162 4013 locum
1207 3945 1422 4033 subterfugio
1441 3946 1576 4015 conatos
1596 3949 1696 4014 fuisse
1717 3947 1803 4014 elabi
1830 3948 1943 4030 palam
1965 3955 2019 4024 est,
2086 3969 2160 4040 „3

16 4037 124 4102 iactat
167 4034 267 4102 Certe
297 4035 332 4099 in
365 4034 536 4100 Consensu
567 4032 629 4101 hoo
651 4039 750 4116 ceput
780 4031 830 4099 bis
861 4039 919 4096 eut
932 4039 996 4096 ter
1047 4055 1149 4116 quum
1171 4033 1373 4116 exciperent,
1403 4036 1464 4102 sub
1495 4034 1567 4119 lege
1595 4043 1725 4099 tantum
1751 4035 1852 4100 fuisse
1880 4034 2019 4100 umbras
2071 4068 2150 4112 ,g
2221 4033 2228 4112 t

18 4141 210 4205 expressum
237 4131 301 4186 est:
335 4119 447 4202 Quum
475 4140 556 4186 vera
591 4120 657 4185 sint
670 4119 694 4202 ¹)
721 4139 805 4201 quae
831 4116 996 4182 Dominus
1048 4120 1162 4203 Neque
1184 4121 1272 4185 enim
1294 4119 1470 4187 discrimen
1491 4118 1573 4184 illud
1594 4119 1765 4189 velnobis
1786 4126 1860 4199 [pag.
1880 4126 1933 4198 84]
1955 4129 2018 4186 erat
2053 4137 2144 4195 ³41

18 4206 113 4274 nobis
130 4205 220 4272 dedit
241 4207 365 4289 gratiae
386 4228 465 4272 suae
486 4205 677 4271 testimonia
705 4218 739 4270 ot
766 4203 889 4288 sigilla,
918 4224 995 4268 vere
1047 4205 1262 4290 incognitum,
1285 4205 1338 4272 vel
1360 4205 1535 4272 tollebatur
1563 4213 1676 4271 nostra
1703 4205 1866 4274 doctrina:
1896 4205 1954 4273 sed
1981 4227 2017 4271 er
2030 4232 2134 4282 z
2205 4226 2210 4252 ν

17 4293 130 4378 procul
160 4290 258 4357 dubio
308 4299 452 4357 raestare
481 4293 570 4357 intus
601 4289 688 4374 quod
719 4288 821 4356 oculis
852 4290 997 4373 figurant
1048 4313 1089 4375 pe
1130 4300 1204 4357 etun
1227 4291 1408 4375 scripturae
1430 4313 1491 4368 usn
1509 4292 1681 4358 ostendere
1702 4312 1755 4357 res
1777 4293 1851 4375 ipsa
1877 4293 2122 4379 cogerem

17 4385 236 4447 sacramenta:
258 4377 270 4441 i
294 4398 394 4460 eoque
414 4399 474 4444 nos
495 4377 563 4444 illie
587 4375 722 4444 Christo
743 4376 851 4459 potiri,
873 4382 908 4446 et
929 4375 996 4458 spi·
1049 4313 1129 4461 quid
1148 4378 1296 4443 valerent
1316 4378 1569 4444 sacramentales
1595 4377 1752 4462 loquendi
1777 4378 1911 4444 formae
1955 4375 2118 4452 seba

16 4466 182 4532 ritualiter
200 4485 277 4530 eum
298 4484 373 4529 cum
399 4465 466 4530 suis
496 4462 589 4529 donis
616 4463 774 4546 recipere:
810 4463 877 4526 imo
907 4469 996 4526 certo
1047 4460 1176 4547 quando
1198 4483 1312 4546 eorum
1333 4464 1513 4546 pervicacia
1534 4486 1601 4530 non
1624 4463 1718 4529 aliter
1738 4462 1866 4530 domari
1883 4471 2104 4548 poteram
2172 4537 2174 4546 J

17 4552 129 4619 offerri
149 4550 365 4617 communiter
401 4549 550 4615 omnibus
582 4556 663 4621 tam,
686 4547 862 4613 incredulis
898 4567 995 4629 quam
1046 4550 1204 4632 quamsi,
1228 4548 1546 4635 legevelereiussa,
1570 4548 2095 4632 novishlanichaeisostenfl·
2166 4605 2167 4608 ,

17 4639 90 4724 piis.
135 4637 307 4720 Quantum
328 4634 429 4700 distat
450 4635 498 4700 rei
519 4633 677 4700 exhibitio
698 4656 718 4699 a
740 4632 833 4698 nuda·
849 4640 883 4697 et
902 4632 994 4698 inani
1047 4633 1199 4700 daremus
1220 4635 1255 4699 in
1278 4657 1379 4702 coena
1401 4643 1434 4712 et
1453 4634 1623 4720 baptismo,
1641 4637 1717 4720 qnia
1728 4646 1936 4703 santamente
1945 4652 2085 4706 snt-t

17 4726 140 4809 figura,
172 4730 303 4788 tantum
334 4741 355 4785 a
384 4741 484 4786 sensu
513 4728 624 4787 nostro
651 4719 775 4787 recedit
796 4717 993 4798 Heshusius,
1046 4721 1125 4786 novi
1152 4722 1356 4800 testamenti,
1383 4721 1580 4787 servandam
1607 4743 1678 4788 esse
1705 4722 1906 4806 analogiam,
1935 4726 2074 4806 qut-d

1045 4819 1234 4891 promptum
1260 4816 1344 4886 erat,
1376 4807 1463 4874 clare
1497 4807 1795 4874 demonstravimus
1823 4809 2055 4891 baptismm
2161 4830 2164 4868 r

1046 4914 1113 4958 non
1146 4893 1209 4958 alio
1237 4914 1335 4958 sensu
1363 4895 1472 4960 voeari
1504 4893 1672 4960 lavacrum
1702 4894 1957 4977 regenerationis
1995 4905 2043 4958 et
2157 4891 2160 4896 ’

89 5014 119 5078 1)
139 5013 194 5067 aa
210 5011 509 5068 mamaeam
525 5011 761 5081 mamaeae
777 5017 864 5068 aaa.
879 5011 909 5067 r.
925 5011 992 5069 vn.
1045 4978 1280 5065 renovationis,
1312 4999 1409 5063 quam
1446 5001 1510 5063 (1¹1⁰
1545 4984 1665 5064 panem
1700 4978 1857 5046 Christus
1888 4977 2028 5076 vocavit

22 5097 50 5150 a·
67 5080 124 5135 738·
1045 5085 1162 5149 eorpus
1182 5086 1286 5131 sunm.
1331 5064 1409 5132 Non
1430 5065 1540 5132 omnia
1561 5066 1680 5144 refero,
1708 5085 1791 5148 quae
1816 5065 1951 5132 lectores
1982 5083 2012 5126 m
2137 5125 2141 5136 ,‚
