4776 5844
167 235 222 297 145
385 326 387 334 ,
942 234 1007 301 AD
1029 230 1373 303 wasuPHALurt
2102 242 2163 305 146

162 422 254 488 vivos
277 430 310 486 et
331 430 476 507 mortuos
498 421 636 488 immani
657 420 753 488 modo
764 421 931 489 laceravit
976 422 1049 507 Ilgo
1071 420 1134 486 im·
1186 419 1284 486 simul
1317 442 1356 488 ae
1382 421 1570 507 westphali
1602 424 1821 508 pervicaciam
1853 426 1941 492 flecti
1973 427 2159 514 contigerit,

160 517 336 593 portunam
363 507 449 574 hanc
474 507 641 580 feritatem
669 508 832 588 refutans,
865 508 992 575 nomini
1020 517 1134 573 tamen
1186 505 1312 572 nullam
1333 508 1369 572 in
1386 529 1439 574 me
1460 508 1529 574 fore
1551 530 1687 590 moram,
1710 531 1772 594 quo
1794 511 1905 577 minus
1936 512 2081 578 fraterna
2109 513 2161 579 in·

160 595 299 695 peperci,
321 601 359 659 ut
379 593 407 659 si
428 594 511 660 forte
533 593 672 660 sanabili
694 606 780 660 esset
800 595 943 679 ingenio,
966 593 1063 660 tacite
1082 614 1133 659 se-
1185 603 1238 656 ter
1259 613 1319 658 nos
1341 593 1568 660 benevolentia
1589 595 1765 662 coalescat:
1788 598 1904 663 imosi
1931 617 2022 663 nnnc
2049 599 2160 665 fratris

160 681 315 765 pehretur
341 679 413 745 eius
439 679 629 764 ignominia
677 679 750 746 Hoc
784 679 961 764 repudians
989 677 1133 768 violento
1185 677 1333 744 animum
1355 677 1492 746 induere
1509 681 1677 763 sustineat,
1699 681 1843 749 vehem
1866 675 2030 763 eum'loco
2047 685 2159 751 fratris

159 767 289 850 scripto,
312 787 355 831 ne
377 763 484 831 dicam
496 764 671 850 cyclopico,
684 787 750 831 nen
771 765 866 831 modo
888 764 1014 833 eoelum
1025 775 1133 829 terrae
1185 763 1338 847 amplecti
1359 786 1434 830 sum
1457 773 1599 850 paratus.
1642 765 1711 833 Sed
1740 767 1853 852 iniqua
1881 768 2062 853 imponitur
2083 792 2159 837 oon·

158 853 306 931 mheere,
328 849 387 918 sed
416 851 607 925 Acheronta
635 872 768 917 movere
796 860 934 938 conatus
963 859 1022 916 est
1066 849 1133 915 Hic
1186 847 1276 930 ditio,
1305 858 1343 915 ut
1369 859 1502 918 sanetae
1536 873 1697 938 veraeque
1728 852 1895 921 doetrinae
1923 856 2159 922 confessionem

158 961 218 1026 ego
240 945 308 1004 tam
335 937 552 1021 praefractam
579 937 721 1002 heminis
755 936 983 1021 intemperiem
1010 935 1132 1002 medio·
1184 935 1345 1015 abaciam,
1368 958 1432 1020 qua
1453 937 1602 1004 mercede
1623 960 1666 1005 ne
1687 960 1763 1005 enm
1785 949 1854 1005 toto
1882 940 2015 1025 quidem
2034 939 2159 1009 mundo

157 1026 266 1094 eribus
283 1023 437 1089 remediis
456 1044 524 1088 nen
546 1044 640 1106 posse
661 1022 733 1088 miti
778 1023 1040 1099 riexistimans,
1063 1030 1132 1106 sty-
1184 1041 1250 1104 pax
1271 1020 1462 1089 redimenda
1482 1032 1577 1090 esset

157 1111 228 1178 lum
261 1130 379 1176 acuere
411 1108 494 1175 mihi
526 1109 669 1192 permisi.
721 1044 811 1190 Qdid
848 1110 937 1174 enim
967 1106 1130 1174 facerem?
1270 1107 1320 1173 Ac
1342 1130 1384 1175 ne
1406 1106 1448 1174 ad
1470 1108 1617 1175 taedium
1638 1130 1750 1194 usque,
1771 1119 1805 1176 et
1826 1111 1898 1176 sine
1920 1109 1987 1178 ullo
2010 1114 2157 1196 profectu

157 1198 234 1281 qnia
262 1194 316 1262 vel
342 1193 472 1261 silentio
499 1193 666 1278 prodenda
693 1193 809 1260 fuisset
841 1193 960 1278 alioqui
994 1195 1130 1260 veritas:
1183 1190 1361 1277 litigemus,
1384 1193 1509 1262 adhoc
1532 1217 1635 1261 unum
1656 1203 1767 1279 caput,
1788 1197 1824 1262 in
1846 1218 1909 1281 quc
1932 1205 2001 1263 tots
2028 1206 2159 1265 contro·

158 1284 211 1351 vel
231 1279 360 1366 placida
381 1279 533 1364 mollique
554 1285 628 1361 [pag.
653 1286 704 1360 13]
727 1282 854 1346 actione
876 1279 1022 1345 dandum
1043 1280 1131 1354 timi·
1183 1278 1294 1343 versia
1310 1280 1461 1360 vertitur,
1484 1281 1632 1346 animum
1652 1284 1727 1362 [pag.
1759 1286 1812 1363 16]
1836 1283 1979 1348 referant
2010 1282 2156 1352 lectores

158 1368 270 1435 ditatis
292 1387 330 1432 ae
351 1365 552 1432 diffidentiae
575 1367 715 1450 signum.
760 1366 847 1432 Nam
873 1367 966 1451 quasi
995 1387 1037 1431 ex
1065 1363 1131 1430 Dei
1184 1361 1256 1429 Sibi
1277 1365 1409 1449 quidvis
1430 1365 1466 1431 in
1488 1389 1548 1432 nes
1569 1365 1667 1432 licere
1690 1367 1763 1432 vult
1783 1367 1981 1450 Ioaohimus,
2004 1370 2080 1453 quia
2102 1392 2158 1437 ve·

136 1455 309 1522 manibus
330 1452 522 1519 extorsisset
542 1453 654 1518 omnia
670 1450 816 1532 fulmina,
834 1473 916 1536 quae
934 1449 1132 1518 formidabili
1182 1470 1254 1514 ram
1277 1450 1468 1530 doctrinam,
1491 1469 1529 1518 ut
1545 1452 1615 1535 ipse
1634 1452 1695 1534 ait,
1714 1462 1828 1520 eontra
1852 1454 1991 1539 impium
2013 1477 2160 1523 errorem

158 1539 255 1607 medo
276 1540 312 1605 in
333 1537 441 1621 capita
463 1545 576 1603 nostra
598 1545 774 1621 torqueret,
802 1538 976 1604 verborum
1002 1538 1131 1622 crepitu
1183 1533 1345 1602 defendat
1389 1537 1463 1604 Hoe
1491 1538 1547 1604 ubi
1574 1535 1774 1621 probaverit,
1804 1538 1900 1611 nobis
1926 1539 2159 1624 quiescendum

157 1636 287 1694 mentes
307 1624 453 1690 omniurn
479 1623 655 1706 percellere
681 1624 831 1689 tentavit
883 1622 972 1705 Quia
999 1624 1131 1708 gravior
1182 1642 1254 1704 esse
1275 1621 1387 1689 fateor.
1439 1622 1478 1690 Si
1499 1632 1611 1690 autem
1633 1622 1726 1708 quod¹
1741 1624 1828 1690 false·
1845 1626 1906 1691 sibi
1927 1634 2059 1713 arrogat
2080 1649 2159 1694 vere

155 1712 310 1780 refutatio
328 1709 482 1776 ridiculos
500 1709 746 1775 anathematum
764 1710 836 1776 eius
853 1709 1130 1776 terroresdiseus·
1182 1706 1217 1773 in
1240 1730 1293 1773 me
1315 1718 1498 1793 competere
1520 1700 1618 1776 doceo
1645 1718 1679 1774 et
1705 1709 1853 1789 ostendo,
1881 1733 1999 1795 nempe
2027 1711 2156 1780 fidelem

155 1799 210 1877 sit,
227 1795 389 1881 quidquid.
405 1794 606 1880 petulantiae
629 1795 681 1862 vel
703 1796 823 1861 furoris
850 1796 887 1860 in
914 1817 973 1862 nos
996 1795 1130 1873 vomuit,
1182 1814 1236 1859 me
1263 1816 1366 1879 purae
1393 1803 1589 1879 sanctaeque
1618 1794 1787 1862 doctrinae
1810 1804 1986 1879 patronum
2014 1821 2095 1879 esse,
2122 1809 2157 1866 et

157 1884 287 1951 delitias
313 1904 386 1947 esse
407 1882 546 1965 lingens,
568 1903 621 1947 me
642 1882 748 1947 omnis
769 1880 984 1949 humanitatis
1007 1890 1039 1946 et
1060 1902 1130 1946 mo·
1181 1878 1312 1946 fidelem
1344 1901 1478 1964 operam
1510 1880 1716 1965 impendere,
1754 1903 1823 1946 non
1852 1881 1949 1948 modo
1983 1884 2157 1953 refutando

156 1969 281 2036 destiae
302 1967 439 2034 oblitum
462 1988 533 2054 esse
554 1975 715 2046 causatur.
759 1968 850 2052 Ergo
875 1988 978 2051 ‚quum
1007 1969 1130 2033 intrae-
1181 1965 1282 2049 impio
1303 1966 1417 2047 errori,
1439 1965 1614 2033 sedetiam
1636 1965 1799 2034 diluendis
1821 1967 1984 2035 atrocibus
2005 1970 2159 2039 maledic·

153 2055 267 2123 tabilis
288 2053 387 2120 fuerit
408 2053 479 2118 eius
499 2053 627 2130 ferocia,
646 2074 743 2136 quam
766 2066 834 2119 tote
851 2054 922 2119 cius
939 2052 1131 2119 declamatio
1183 2052 1239 2117 tis:
1261 2054 1321 2118 cur
1342 2073 1407 2118 non
1429 2052 1543 2119 eadem
1564 2052 1647 2119 mihi
1674 2051 1805 2119 dabitur
1834 2053 2004 2129 libertast
2041 2055 2094 2123 De
2121 2079 2157 2124 re

153 2141 275 2208 frivola
290 2139 339 2205 sit
358 2146 391 2205 et
411 2138 555 2222 puerilis,
573 2137 667 2205 facile
687 2150 830 2223 apparet.
875 2138 1019 2204 Perinde
1040 2139 1130 2206 enim
1181 2138 1283 2223 igitur
1304 2138 1376 2222 ipsa
1397 2139 1455 2203 fiat
1475 2137 1644 2217 iudicium,
1666 2160 1709 2204 ne
1730 2140 1853 2209 frustra
1876 2139 1927 2206 vel
1946 2161 2007 2224 ege
2026 2141 2079 2207 vel
2102 2142 2158 2209 ille

153 2250 194 2295 ac
216 2224 246 2292 si
267 2226 378 2292 leones
400 2234 433 2291 et
456 2225 535 2302 ursi,
558 2224 636 2290 dum
658 2224 787 2290 rabioso
815 2224 1130 2309 obviumquemque
1181 2244 1291 2289 aerem
1324 2224 1545 2293 verberemus.
1600 2222 1689 2306 Quid
1722 2224 1790 2290 iam
1822 2225 1943 2303 obstat,
1983 2228 2157 2310 quominus

153 2314 329 2396 impetunt,
351 2319 530 2378 causentur
547 2332 582 2376 se
604 2331 673 2375 non
696 2309 845 2400 mulceri:
867 2311 914 2376 ita
935 2310 1130 2376 delicatulus
1181 2311 1270 2374 inter
1291 2318 1444 2376 sanctum
1464 2309 1573 2376 zelum
1594 2318 1628 2375 et
1650 2309 1854 2377 conviciandi
1877 2310 2045 2377 libidinem
2067 2323 2156 2381 certo

153 2398 334 2465 hie'homo
358 2396 433 2480 plus
469 2417 567 2479 quam
600 2396 755 2463 atrociter
787 2395 913 2463 Christi
946 2395 1130 2463 doctrinam
1181 2395 1388 2479 distinguant
1403 2395 1551 2476 lectores,
1569 2394 1635 2461 nisi
1652 2396 1968 2480 quodWestphalus
1987 2397 2157 2467 sordidum

152 2485 291 2567 eiusque
328 2483 496 2551 ministros
532 2480 758 2564 proscindens,
792 2503 859 2548 nen
898 2483 953 2568 agi
987 2483 1130 2549 fraterne
1181 2482 1448 2565 integumentum
1475 2481 1583 2550 clarae
1616 2482 1682 2549 luei
1719 2484 1862 2567 opponit,
1896 2483 2017 2549 librum
2045 2507 2157 2551 meum

149 2591 277 2645 seeum,
298 2569 412 2652 magui
433 2567 580 2634 criminis
601 2568 670 2634 loco
690 2576 810 2635 censet.
1181 2567 1356 2640 verborum
1399 2566 1620 2634 amaritudine
1660 2569 1818 2634 refertum
1857 2590 1928 2635 esse
1956 2570 2155 2638 clamitans?

242 2653 311 2722 Sed
337 2655 372 2720 in
403 2674 441 2718 eo
468 2653 611 2718 vertitur
637 2661 706 2719 tota
733 2654 894 2737 quaestio,
921 2654 1129 2737 privatamne
1181 2652 1379 2736 Quanquam
1406 2653 1461 2721 hio
1493 2675 1619 2738 quoque
1656 2654 1762 2720 obiter
1796 2654 1939 2721 hominis
1973 2656 2157 2724 socordiam

149 2740 312 2807 iniuriam
334 2738 494 2805 voluerim
514 2738 643 2817 ideisei,
666 2761 709 2818 an
738 2761 815 2806 vero
842 2760 901 2824 pro
926 2762 1044 2807 causae
1068 2762 1130 2824 pu·
1181 2760 1256 2804 oum
1284 2738 1357 2823 pari
1383 2739 1588 2823 impudentia
1621 2749 1737 2806 notare
1770 2743 2062 2825 operaepretium
2096 2755 2155 2812 est.

149 2827 260 2907 blieae
279 2825 466 2892 defensione
487 2823 570 2890 Wes
608 2824 895 2891 halemestrenue
912 2827 1128 2909 apposuerim.
1180 2825 1352 2892 Prioribus
1384 2826 1466 2892 meis
1498 2826 1629 2910 scriptis
1668 2826 1835 2894 hominem
1873 2825 1915 2892 ad
1954 2827 2158 2909 moderatam

147 2913 243 2979 Nam
266 2908 571 2993 [peg.14]quidqu'
615 2910 697 2976 mihi
725 2911 882 2995 privatim
909 2911 1049 2977 iniuriae
1076 2911 1129 2977 in·
1181 2915 1255 2992 [pag.
1282 2910 1544 2995 rrveisputandi
1564 2912 1704 2977 formam
1721 2932 1875 2978 revocare
1896 2913 2040 2996 cupiens,
2061 2923 2157 3000 turpe

147 2999 240 3077 tulit,
264 2996 424 3081 patientia
441 3009 554 3061 minen
571 2995 634 3060 fuit
651 2995 887 3062 devorandum.
933 2996 1000 3064 Sed
1018 2998 1047 3062 si
1063 2996 1128 3065 huo
1181 3007 1215 3063 et
1237 2996 1417 3064 absurdum
1440 3019 1511 3064 esse
1534 2996 1692 3078 dixeram,
1711 3007 1780 3063 tam
1798 2996 1938 3081 superbe
1956 3008 1989 3064 et
2004 3009 2158 3083 proterve

149 3083 317 3169 spectarit
338 3091 406 3148 tota
429 3080 645 3160 vehementia,
668 3104 711 3148 ne
737 3082 822 3148 bona
844 3105 969 3162 eausa,
985 3082 1128 3167 adeoque
1181 3082 1275 3150 nobis
1306 3083 1476 3169 insultare.
1537 3084 1707 3150 Feroeiter
1740 3082 1910 3167 respondit
1939 3083 2010 3165 ille,
2042 3095 2158 3153 centn

150 3177 364 3238 sacrosancta
385 3167 511 3235 Christi
531 3167 661 3247 veritas,
683 3168 838 3237 fastuosis
848 3166 1040 3252 Westphali
1061 3168 1129 3236 ela·
1180 3169 1362 3237 haereticos
1379 3191 1478 3254 quam
1500 3170 1656 3236 acerrime
1673 3167 1893 3255 pugnandum
1908 3188 1993 3236 esse:
2012 3169 2157 3256 adeoque

149 3256 301 3322 moribus
312 3252 430 3333 obruta
439 3255 674 3332 succumberet,
695 3276 755 3320 eur
764 3252 846 3322 mibi
867 3255 949 3321 vitio
960 3253 1128 3321 vertetur?
1181 3278 1247 3323 non
1274 3276 1346 3322 esse
1374 3254 1539 3339 agendum
1565 3255 1745 3339 composito
1774 3254 1827 3321 vel
1854 3252 1967 3321 sedato
1992 3255 2095 3340 style,
2119 3266 2157 3323 ut

148 3343 293 3411 Utinam
316 3340 370 3408 vel
389 3337 516 3406 modies
537 3347 703 3424 gustasset
729 3337 782 3406 hic
811 3362 985 3423 perversus
1014 3362 1129 3408 censer
1180 3363 1244 3425 qno
1261 3341 1397 3425 quisquc
1419 3341 1534 3406 maiori
1554 3339 1669 3412 ardore
1690 3341 1726 3406 in
1748 3340 1811 3406 hoc
1827 3360 1949 3424 genere
1966 3342 2157 3421 certaminis

148 3427 232 3513 quid
254 3426 364 3494 valeat
385 3425 483 3492 illud:
504 3425 604 3491 Zelus
625 3424 742 3491 domus
761 3434 838 3492 tuae
858 3425 1001 3492 eomedit
1020 3448 1075 3493 me
1096 3435 1130 3493 et
1180 3428 1294 3506 fertur,
1317 3426 1396 3492 hine
1416 3426 1595 3492 animosior
1615 3427 1772 3510 probetur
1793 3424 1920 3492 Christi
1937 3425 2041 3494 miles.
2085 3427 2156 3494 De·

148 3513 331 3599 opprobria
351 3511 621 3595 exprobrantium
646 3511 709 3577 tibi
728 3511 916 3578 oeciderunt
937 3533 1036 3596 snper
1057 3513 1127 3579 mel
1181 3512 1279 3597 nique
1305 3533 1516 3596 quoscunque
1550 3513 1655 3598 potuit
1686 3511 1811 3581 colores
1844 3521 1923 3578 tuno
1955 3510 2088 3579 induxit
2115 3513 2158 3580 ad

148 3599 294 3685 (Psalrn
319 3600 455 3681 69,10).
500 3596 574 3664 Νοιι
598 3607 665 3663 tam
687 3608 911 3684 praepostere,
939 3597 1033 3683 quasi
1054 3599 1129 3664 illn-
1180 3597 1401 3682 excusandam
1429 3619 1497 3663 non
1525 3598 1621 3664 modo
1654 3597 1913 3677 vehementiam,
1942 3597 2000 3664 sed
2026 3600 2157 3666 iracun-

147 3686 246 3764 dens,
275 3693 423 3751 sanctam
448 3683 540 3749 illam
568 3683 662 3749 Petri
689 3682 945 3754 admonitionem
971 3685 1008 3749 in
1033 3707 1129 3751 suurn
1181 3681 1254 3750 diae
1280 3683 1413 3750 rabiem.
1460 3682 1548 3765 Quid
1577 3692 1688 3751 autem
1713 3683 1824 3749 nune?
1868 3683 2010 3763 Paulus,
2039 3684 2155 3770 inquit,

145 3768 362 3840 commodum
384 3776 561 3853 torqueret.
604 3768 729 3836 Christi
747 3769 899 3853 exemplo
927 3791 987 3835 nos
1008 3772 1129 3837 Petrus
1180 3768 1404 3859 inobedientes
1424 3770 1607 3861 existimari
1623 3770 1727 3836 noluit
1744 3768 1904 3849 inimicos,
1923 3768 1982 3835 sed
1999 3778 2157 3855 tauquam

145 3858 308 3925 hortatur
328 3855 370 3921 ad
392 3853 606 3932 contumelias
627 3864 661 3921 et
679 3856 812 3938 quasvis
821 3858 1050 3924 insectationes
1059 3857 1129 3940 pla·
1180 3857 1298 3923 fratres
1320 3854 1424 3921 voluit
1444 3857 1571 3940 corripi.
1605 3855 1753 3922 'Profert
1784 3855 1884 3921 etiam
1912 3877 1955 3921 ex
1983 3856 2158 3925 Ambrosio

148 3943 228 4010 cide
246 3941 398 4008 ferendas
417 3942 448 4025 (l
474 3942 563 4006 Petr.
583 3944 612 4017 2,
632 3944 697 4017 23).
742 3939 919 4008 Silentium
937 3963 1024 4028 ergo,
1044 3941 1129 4027 quod
1181 3955 1214 4008 et
1231 3942 1393 4026 Gregorio
1410 3939 1889 4008 Naaiauaeucmansuetudinis
1908 3941 2022 4026 elogia
2048 3941 2154 4027 ,Quis-

151 4028 312 4096 Ohristus
345 4028 467 4093 iniuste
495 4036 665 4093 accusatus
699 4028 877 4109 praestitit,
912 4027 1129 4112 Westphalus
1181 4028 1254 4113 quis
1277 4027 1358 4093 duos
1385 4027 1467 4094 istos
1492 4028 1580 4094 locos
1607 4029 1695 4092 inter
1721 4049 1757 4093 se
1786 4027 1940 4105 eoufemt,
1969 4049 2036 4093 non
2061 4028 2157 4096 modo

155 4116 200 4181 ab
220 4115 292 4180 eius
314 4112 474 4178 ministris
492 4113 604 4197 exigit,
627 4111 753 4196 quoties
771 4122 981 4198 oppugnatur
998 4114 1128 4180 veritas.
1181 4114 1348 4179 hominem
1370 4112 1461 4180 hunc
1484 4122 1552 4179 tam
1574 4113 1712 4190 varium,
1735 4113 1859 4197 sibique
1878 4113 1943 4196 ipsi
1963 4113 2157 4182 dissimilem

154 4199 263 4283 Quasi
286 4219 363 4264 vere
379 4199 447 4288 ,uhi
473 4198 629 4265 iubentur
656 4219 769 4264 omnes
796 4200 922 4266 fortiter
950 4201 1129 4280 vociferari,
1181 4200 1340 4265 memoria
1365 4208 1398 4264 et
1423 4220 1503 4266 sana
1529 4207 1640 4265 mente
1669 4197 1829 4287 excidisse
1852 4197 1947 4277 dicet,
1977 4198 2035 4266 sed
2060 4201 2156 4280 facile

149 4284 320 4370 evangelii
336 4284 552 4368 praeconibus
569 4283 713 4368 perfidae
731 4284 922 4351 tolerantiae
939 4285 1046 4370 legem
1063 4285 1131 4351 illio
1181 4285 1307 4353 ridebit
1327 4284 1419 4351 nulla
1439 4285 1643 4370 ingenuitate
1661 4283 1857 4368 praeditum,
1876 4285 2050 4368 sophistice
2067 4308 2156 4354 nnnc

151 4394 176 4438 a
237 4370 323 4436 tolus
344 4369 553 4455 praescribat.
597 4370 713 4453 Itaque
731 4369 832 4436 donee
849 4370 1000 4437 ostendat
1016 4370 1130 4438 West-
1181 4371 1244 4438 hoe
1265 4393 1353 4438 nune
1374 4370 1455 4436 illud
1477 4370 1637 4436 tuendum
1666 4370 1820 4454 arripere,
1849 4379 1882 4435 et
1909 4371 2001 4436 inani
2029 4371 2156 4455 garritu

143 4394 276 4542 philus
298 4457 428 4540 privata
449 4457 596 4522 convicia
622 4477 675 4521 me
702 4455 884 4535 retaliasse,
913 4461 986 4537 [pag.
1011 4462 1063 4538 15]
1092 4479 1130 4524 ae
1182 4462 1258 4538 [paq.
1286 4460 1338 4537 18]
1366 4457 1506 4523 virtutes
1540 4457 1775 4522 transformare
1810 4457 1846 4522 in
1877 4457 1964 4522 vitia
2015 4455 2155 4538 Quaeso,

138 4543 309 4627 propriae
331 4564 448 4609 causae
470 4543 574 4626 magis
591 4541 693 4608 fuisse
716 4540 899 4621 addictum,
927 4564 1025 4626 quam
1054 4543 1130 4610 doe·
1181 4543 1357 4622 Ioaohime,
1380 4543 1407 4609 si
1431 4563 1575 4626 unquam
1596 4543 1681 4607 serio
1704 4541 1844 4610 dixisses
1876 4543 1911 4607 in
1940 4540 2155 4628 coarguendis

149 4631 266 4695 annae
293 4628 563 4712 propugnationi,
590 4627 631 4694 de
658 4627 815 4712 patientia
842 4639 877 4692 et
903 4628 1032 4698 silentio
1054 4651 1130 4696 eum
1181 4628 1346 4695 erroribus
1363 4629 1532 4695 severitati
1548 4627 1894 4711 minimeparoendum
1912 4648 1991 4706 esse,
2005 4649 2048 4692 an
2066 4649 2155 4694 nune

143 4713 271 4799 putide
292 4714 411 4864 anglari
432 4712 620 4797 intelligent
640 4713 787 4780 lectores.
823 4703 888 4779 ‘Me
915 4714 1014 4780 etiam
1036 4735 1131 4782 aceu-
1182 4723 1311 4799 turpem
1337 4713 1536 4798 palinodiam
1559 4713 1718 4793 canendo,
1749 4716 1890 4799 rigorem
1924 4734 2021 4796 quem
2049 4715 2154 4780 saneti

145 4808 218 4880 sat,
240 4798 325 4885 quod
372 4812 476 4866 ostem
501 4798 584 4864 mibi
606 4798 815 4865 reconciliare
842 4821 908 4865 non
936 4799 1129 4867 studuerim.
1181 4801 1244 4865 aeli
1270 4798 1368 4867 laude
1401 4813 1593 4879 ornaveras,
1625 4799 1666 4865 ad
1705 4822 1758 4866 me
1796 4798 1920 4865 invidia
1948 4797 2155 4882 gravandum

147 4886 231 4972 ligo
259 4906 337 4950 vero
365 4894 399 4952 et
424 4886 518 4951 initio
546 4884 709 4951 rationem
738 4893 897 4969 sequutus
929 4907 1019 4965 sum,
1047 4907 1130 4970 qnae
1180 4885 1378 4952 damnares?
1421 4886 1554 4953 Interea
1581 4885 1687 4960 bonus
1707 4886 1761 4951 hic
1787 4885 1931 4952 caritatis
1954 4892 2096 4949 assertor
2125 4899 2159 4953 et

143 4970 312 5039 sedandis
333 4972 467 5038 offensis
487 4971 657 5055 aptissima
675 4981 759 5051 erat;
781 4979 814 5038 et
835 4994 923 5039 nunc
942 4972 971 5038 si
992 4973 1075 5039 velit
1094 4973 1131 5038 in
1181 4972 1345 5056 magister,
1375 4974 1429 5056 qui
1457 4994 1530 5038 eam
1557 4972 1607 5038 fas
1633 4992 1704 5037 esse
1731 4983 1832 5055 negat
1858 4969 1997 5036 verbulo
2026 4969 2153 5055 violari,

219 5061 301 5124 tiam
321 5057 438 5138 redire,
465 5057 523 5142 qui
548 5078 603 5122 me
628 5059 725 5124 toties
753 5058 857 5137 laesit,
884 5078 950 5123 non
977 5057 1128 5124 detrecto.
1181 5078 1391 5141 quoscunque
1413 5057 1506 5125 nobis
1528 5059 1638 5125 favere
1648 5065 1850 5139 compertum
1860 5056 1967 5135 fuerit,
1987 5064 2054 5121 toto
2076 5057 2155 5125 orbe

188 5143 329 5210 hristum
351 5144 490 5212 iudicem
512 5142 648 5227 appello,
670 5150 836 5228 testesque
853 5164 966 5211 omnes
987 5144 1129 5236 angelos,
1180 5143 1447 5211 exterminandos
1467 5145 1627 5212 clamitat:
1648 5143 1808 5228 gloriatur
1835 5142 2070 5225 rescripsisse,
2093 5165 2154 5214 nos

265 5246 377 5302 deiai
388 5263 483 5317 opera.
521 5247 577 5302 Vol.
592 5244 650 5301 IX.
1915 5244 1949 5299 10
2072 5247 2075 5250 ’
