4724 5886
651 1459 653 1462 ,
762 1296 1471 1461 5505500555.
1561 1414 1562 1417 Ὗ

901 1600 1105 1688 CAPUT
1136 1602 1326 1685 XXXV.

292 1724 295 1731 ’
340 1788 672 1887 carausio
708 1786 1096 1885 50055555
1129 1785 1222 1884 55
1260 1781 1898 1888 55055555501555.
2023 1833 2026 1840 Α

208 1961 515 2064 SECUNDA
548 1957 880 2056 DEFENSIO
915 1956 1105 2054 FIDEI
1141 1958 1238 2055 DE
1269 1956 1728 2057 SAORAMENTIS
1764 1960 2032 2060 CONTRA

767 2090 1241 2192 WESTPHALUM
1270 2085 1419 2186 1556.

374 2283 633 2381 ΠΠΓΙΜΑ
665 2279 1049 2377 ADMONITIO
1085 2281 1179 2378 AD
1213 2280 1686 2380 WESTPHALUM
1715 2275 1863 2377 1557.

280 2506 370 2572 Βο55
390 2505 426 2570 15
446 2503 516 2568 vita
538 2502 670 2572 0515151
697 2501 799 2566 latine
827 2500 1007 2584 conscripta
1033 2500 1138 2567 obiter
1164 2506 1296 2565 tantum
1323 2501 1457 2585 attingit
1483 2521 1566 2585 quae
1593 2500 1635 2566 ad
1661 2503 1819 2569 famosam
1847 2505 1916 2570 eius
1943 2506 2117 2574 055105-

123 2619 235 2688 ehimo
255 2615 450 2699 Westphalo
471 2621 600 2697 pastore
621 2612 866 2696 Hamburgensi
887 2611 1144 2678 controversiam
1165 2610 1342 2694 pertinent,
1365 2619 1502 2696 atquae
1523 2612 1568 2678 ibi
1589 2612 1745 2697 leguntur
1767 2615 1809 2681 ad
1831 2638 1940 2683 rerum
1962 2628 1996 2683 et
2016 2618 2119 2685 libro·

124 2751 202 2797 rum
220 2728 390 2794 historiam
411 2722 656 2808 intelligendam
677 2722 745 2789 fere
766 2721 849 2787 nihil
872 2722 1021 2788 afferunt.
1066 2722 1177 2787 Editio
1199 2742 1277 2787 5050
1297 2722 1415 2806 gallica
1436 2723 1582 2788 eiusdem
1602 2723 1710 2805 Vitae,
1732 2747 1815 2810 quae
1835 2728 1907 2811 ipso
1924 2729 2012 2795 Beaa
2033 2738 2118 2798 teste

124 2838 304 2908 Oolladono
326 2838 396 2905 sive
419 2836 569 2918 scriptori
590 2835 659 2900 siue
680 2834 870 2900 translatori
892 2833 1028 2900 debetur
1051 2831 1151 2917 (quod
1173 2831 1236 2897 alio
1257 2832 1328 2899 loeo
1350 2833 1539 2918 diligentius
1567 2836 1799 2921 excutiemus),
1827 2839 1906 2905 talia
1926 2841 2062 2925 praebet
2081 2843 2118 2908 in

125 2951 244 3036 quibus
264 2949 453 3016 1510550515
474 2947 663 3013 intermixta
683 2945 834 3029 reperies.
880 2945 926 3010 Et
945 2945 1087 3028 primum
1108 2943 1240 3026 quidem
1257 2944 1336 3011 dicit
1354 2945 1442 3030 (pag.
1462 2951 1501 3011 95
1521 2946 1570 3012 ed.
1589 2947 1782 3031 Franklinl:
1805 2948 1993 3037 Deooatooe
2004 2973 2120 3036 poarce

124 3063 225 3147 qa’aa
245 3060 362 3128 cerleio
383 3046 634 3125 550511105οΜ
654 3056 804 3122 05105515
823 3076 886 3136 por
906 3057 996 3121 escrit
1015 3055 1158 3121 l'Aocord
1186 3055 1224 3120 (10
1244 3055 1376 3140 l'Epllae
1396 3057 1434 3123 (10
1454 3057 1572 3124 Zoriolo
1593 3079 1666 3125 ooeo
1686 3060 1756 3125 00110
1776 3062 1814 3127 (10
1838 3050 1956 3128 Genava
1976 3063 2121 3130 touchant

127 3174 174 3239 100
196 3173 384 3249 Sooremens,
407 3170 464 3252 qai
490 3170 572 3234 oooit
599 3167 660 3234 eale
688 3167 833 3249 imprime'
854 3165 919 3231 l'oa
942 3171 1033 3231 1549
1051 3186 1163 3232 0055500
1183 3167 1211 3232 ll
1227 3188 1248 3231 a
1269 3167 1398 3234 0515511
1426 3169 1505 3248 [imo
1532 3169 1609 3236 vide
1630 3171 1721 3236 Tem.
1743 3170 1821 3237 VII.
1844 3194 1916 3258 pag.
1935 3174 2044 3240 XLV.
2068 3175 2119 3243 ed.

128 3282 291 3370 nostrae]:
308 3303 394 3366 poor
413 3281 582 3362 reapoadre
603 3279 701 3345 deest
721 3276 878 3344 0000500115
898 3277 924 3359 il
944 3297 1086 3359 composa
1106 3282 1173 3342 loct
1193 3298 1230 3342 eo
1251 3278 1333 3344 lotia
1353 3280 1442 3361 qo’en
1461 3279 1609 3365 froopoya
1629 3302 1689 3347 one
1710 3283 1899 3349 declaration
1919 3285 1974 3350 (100
1994 3287 2120 3353 5510100

131 3401 276 3462 commus
298 3393 388 3459 eadit
409 3391 538 3470 Aeoord,
560 3390 691 3473 laquelle
710 3389 736 3454 il
756 3389 849 3455 dedic
870 3387 897 3453 le
918 3393 965 3453 28
985 3388 1143 3454 novembre
1159 3410 1226 3454 aaa
1240 3395 1390 3471 passura
1412 3391 1466 3456 dea
1487 3389 1613 3475 Epiloee
1639 3393 1677 3458 (10
1704 3393 1737 3458 lo
1764 3395 1839 3460 villa
1860 3401 1889 3458 et
1907 3397 2062 3462 territeire
2082 3398 2122 3465 (10

131 3505 258 3585 moal,
284 3503 400 3582 Beroe,
427 3501 535 3580 Baelo,
564 3501 748 3582 Sotoffeuea
777 3498 870 3564 Courl
893 3504 921 3565 01
946 3501 983 3565 (10
1004 3505 1072 3566 loos
1088 3499 1134 3565 leo
1150 3521 1232 3583 pays
1254 3501 1309 3566 des
1333 3501 1481 3583 6510050,
1509 3504 1548 3570 (10
1571 3501 1747 3588 Solnpolle,
1774 3504 1910 3585 Bienor,
1939 3506 2123 3577 Milloulet

131 3615 342 3699 Neufolsoetel.
386 3615 473 3679 Tum
498 3612 610 3695 paucis
638 3612 766 3696 paginis
798 3610 976 3678 interiectis
1004 3612 1125 3676 iterum
1158 3611 1200 3675 ad
1227 3612 1315 3677 idem
1342 3621 1574 3697 argumentum
1607 3614 1757 3698 delapsus
1784 3615 1865 3682 haec
1892 3618 2005 3683 scribit
2032 3621 2122 3706 (pag.

134 3727 226 3811 113);
249 3727 300 3792 Lo
320 3745 433 3790 meane
452 3724 549 3790 oonde
572 3724 691 3805 (1557)
719 3723 905 3803 lleomposo
930 3743 967 3789 ea
994 3723 1074 3787 lotio
1099 3714 1177 3787 troia
1204 3744 1366 3804 responsas
1394 3745 1434 3788 oo
1463 3726 1717 3791 odomlseemens
1738 3726 1757 3790 ὰ
1780 3747 1823 3791 un
1840 3729 1957 3794 certain
1978 3729 2123 3796 Iooolrim

138 3838 323 3922 Weslplole,
345 3837 401 3917 051
421 3834 550 3900 toscloil
570 3835 608 3900 (10
628 3853 788 3899 renoeracr
808 3834 841 3899 lo
862 3834 952 3899 aeine
973 3834 1107 3899 doctrine
1128 3833 1271 3899 10505051
1292 3835 1324 3900 lo
1345 3837 1534 3902 5011050010
1554 3836 1588 3902 10
1614 3857 1696 3917 eene,
1724 3843 1754 3902 01
1783 3838 1838 3923 loy
1864 3838 2000 3921 (1050500
2027 3862 2066 3906 ea
2087 3843 2123 3908 lo

129 3951 303 4015 15010ίο050
324 3947 455 4029 0500571
475 3945 688 4028 u’oopulesooil
709 3945 730 4009 ὰ
750 3946 783 4010 15
804 3945 899 4010 oerile'
919 3944 946 4009 s'l
966 3944 994 4009 le
1014 3945 1171 4010 loiaaeroil
1184 3947 1264 4028 pais
1284 3968 1377 4029 apres
1397 3968 1510 4013 comme
1526 3968 1571 4011 aa
1591 3946 1709 4013 lonme
1730 3948 1852 4014 0551155.
1896 3949 1992 4032 Quae
2012 3952 2123 4019 emnia

130 4062 162 4127 si
181 4060 325 4143 pressius
347 4058 509 4142 sequaris,
538 4067 677 4140 quatuor
703 4058 802 4121 fuisse
825 4056 955 4122 0515151
982 4062 1095 4122 contra
1116 4056 1349 4140 Westphalum
1377 4056 1480 4124 editos
1507 4058 1632 4125 libellos
1659 4060 1794 4140 efficies,
1820 4083 1922 4144 quum
1948 4072 2059 4129 tamen
2086 4085 2124 4130 re

130 4191 298 4237 5050505
320 4170 383 4234 nisi
403 4179 469 4234 tres
491 4169 565 4234 sint.
609 4168 720 4232 Etiam
741 4167 776 4230 in
802 4166 898 4232 annis
925 4168 1043 4232 notatis
1070 4188 1162 4233 error
1189 4168 1393 4246 intercurrit,
1426 4191 1528 4253 quum
1548 4170 1736 4255 neutiquam
1768 4181 1835 4237 tres
1855 4193 1922 4238 uno
1943 4173 2125 4259 eodemque

131 4300 230 4359 anno,
252 4280 310 4348 sed
330 4279 451 4364 singuli
473 4301 532 4346 suo
553 4279 690 4362 quisque
713 4277 791 4341 editi
810 4277 886 4355 sint,
906 4279 1030 4344 scilicet
1054 4282 1144 4356 1555,
1170 4283 1250 4343 1556
1274 4287 1307 4345 et
1332 4284 1421 4344 1557.
1458 4280 1609 4365 Denique
1631 4289 1665 4348 et
1686 4282 1722 4346 in
1744 4303 1782 4349 eo
1805 4283 1858 4349 hio
1881 4290 1974 4349 autor
1995 4306 2123 4352 errasse

131 4391 263 4461 videtur
283 4390 368 4476 quod
391 4391 431 4456 (10
451 4389 591 4457 editione
613 4388 729 4473 gallica
749 4407 769 4452 a
791 4385 928 4454 Calvino
955 4390 1053 4456 simul
1080 4399 1255 4472 procurata
1283 4389 1376 4469 dicit,
1409 4411 1507 4475 quam
1535 4413 1631 4458 nemo
1659 4393 1830 4459 hominum
1855 4403 1987 4479 praeter
2013 4398 2123 4480 ipsum

133 4513 304 4581 memorat,
326 4503 390 4568 nisi
411 4501 552 4568 Paulum
574 4503 701 4586 Henry,
730 4503 784 4584 qui
805 4501 860 4568 hic
881 4502 1053 4569 Oolladoni
1080 4502 1218 4586 vestigia
1245 4501 1342 4586 legit,
1369 4502 1522 4569 idoneum
1549 4511 1666 4571 testem
1696 4503 1803 4570 dicere
1827 4504 1909 4571 velis
1936 4507 2026 4590 (ride
2052 4508 2124 4574 eins

133 4615 247 4680 Vitam
269 4614 399 4680 calvini
421 4613 485 4680 ΙΠ.
510 4613 597 4696 308).
647 4614 744 4680 Oerte
772 4634 932 4697 nusquam
957 4614 1058 4678 talem
1085 4613 1260 4679 editionem
1285 4612 1383 4678 hodie
1410 4623 1539 4681 exstare
1566 4614 1721 4681 audacter
1747 4616 1911 4681 affirmare
1936 4637 2122 4700 possumus.
2155 4667 2160 4677 .

132 4726 392 4793 Recentissimus
413 4733 523 4790 autem
543 4724 618 4790 libri
640 4724 866 4795 Oolladoniani
893 4723 997 4790 editor
1023 4725 1265 4808 imprudentem
1287 4732 1433 4790 autorem
1454 4726 1584 4793 incaute
1605 4733 1778 4809 sequutus,
1807 4736 1845 4791 ut
1866 4733 2004 4811 quatuor
2024 4748 2123 4811 opus-

133 4837 282 4904 culorum
303 4857 477 4903 numerum
498 4837 648 4914 efficeret,
671 4838 776 4919 primo
797 4836 866 4902 1000
888 4836 997 4919 posuit
1018 4836 1098 4901 illud
1120 4835 1205 4920 quod
1226 4835 1427 4902 inscribitur:
1456 4835 1572 4903 Brevia
1591 4838 1749 4919 responsio
1777 4838 1820 4903 od
1845 4838 2011 4903 0111505155
2031 4838 2124 4906 5055-

134 4949 218 5017 baie
237 4949 402 5014 aelredum
422 4948 596 5013 calumnias
616 4947 729 5029 qulbus
743 4948 916 5014 (1001515555
936 4947 974 5012 (10
995 4951 1119 5012 celerem
1138 4947 1203 5013 Dei
1217 4948 1501 5028 praedestinatione
1519 4948 1646 5031 foedare
1663 4955 1790 5015 0055100
1807 4955 1860 5029 est,
1881 4948 2002 5013 51555
2018 4942 2124 5034 0555-

134 5036 209 5127 tum
231 5079 348 5126 55550
369 5054 533 5137 aberrans,
555 5060 673 5143 quippe
695 5060 751 5142 051
772 5057 932 5124 diatriben
950 5063 1062 5123 eontra
1072 5057 1302 5124 castellionem
1324 5058 1364 5125 de
1384 5058 1679 5146 praedestinatione
1697 5083 1724 5126 a
1740 5064 1819 5125 1557
1839 5059 1971 5124 (10555
1992 5059 2129 5145 editam,

135 5192 212 5239 eum
234 5169 422 5236 defensione
442 5169 598 5237 adversus
619 5170 853 5254 Westphalum
875 5169 915 5236 de
936 5171 1121 5254 praesentia
1142 5171 1288 5255 eorporis
1309 5171 1493 5243 christiin
1515 5192 1614 5240 coena
1633 5173 1755 5256 scripta
1774 5169 1967 5238 confuderit

241 5272 353 5329 Caluini
366 5288 458 5342 opero.
496 5272 553 5328 Vol.
572 5271 626 5326 IX.
1894 5273 1917 5327 Β
