4748 5798
158 241 218 304 805
770 237 835 305 ΒΕ
857 237 1074 306 occulens
1094 238 1179 306 nul
1200 235 1533 313 PROVIDENTIA.
2095 251 2161 319 306

156 426 297 509 sapiunt.
352 425 400 491 Ie
426 446 506 492 vero
533 447 582 493 aa·
598 426 647 492 tui
678 426 801 494 similes
829 427 997 494 dementat
1022 428 1130 493 fastus
1182 451 1279 496 snum
1297 430 1442 497 laborem
1453 433 1589 515 periisse
1611 433 1714 514 daoet,
1735 433 1870 501 ubinou
1891 436 2069 522 respondet
2084 460 2164 507 suo·

157 522 275 589 vester,
299 518 338 576 ut
358 511 517 595 quidquid
544 533 604 578 vas
629 510 712 578 latet
739 521 796 579 aut
819 521 954 597 superat
984 514 1019 578 in
1042 513 1130 579 nihi·
1183 536 1301 582 aessus.
1335 514 1434 582 (terte
1456 517 1642 600 quasDeus
1662 519 1739 585 vult
1757 521 1935 588 effiaaeiter
1954 544 2022 591 ase
2041 524 2162 594 eolles

156 596 227 663 lum
249 596 399 682 redigere
420 598 564 663 tentetis.
1183 611 1248 682 tos,
1277 602 1399 686 spiritu
1417 623 1478 668 suo
1500 605 1618 685 trehit,
1647 614 1680 670 et
1709 605 1796 690 quod
1820 607 1856 673 iu
1880 629 1982 675 manu
2008 629 2071 677 aua
2096 618 2160 692 est,

242 681 315 750 Dea
339 683 494 750 ontrariis
521 682 608 767 quod
630 684 759 764 abiiais,
781 685 848 750 iam
870 685 950 751 satis
971 704 1132 768 superque
1182 688 1350 772 promittit
1371 709 1407 754 sa
1428 689 1599 756 fauturum.
1649 691 1741 777 Ergo
1763 696 1837 771 [pag.
1855 697 1910 772 so]
1937 716 2039 779 quum
2062 697 2161 761 multi

158 769 305 836 salutum
336 776 395 835 est
457 770 529 835 Tua
560 770 707 853 quidam,
744 791 809 854 qua
841 781 895 834 me
926 771 1130 855 perstringis,
1184 773 1290 839 voaati
1308 794 1375 839 nou
1392 784 1581 857 sequautur,
1601 784 1715 861 aperte
1736 784 1866 844 oonstat
1882 778 1976 844 illum
1996 780 2161 848 aolleotio·

158 855 352 934 sairrrilitas,
375 864 415 921 ut
432 855 561 921 insulsa
582 865 641 934 est,
662 856 798 923 minime
814 861 895 935 [pag.
919 861 973 936 so]
996 857 1129 940 pungit:
1182 860 1236 925 nis
1258 858 1393 926 madum
1414 880 1512 943 quem
1535 860 1687 928 Christus
1714 863 1946 948 infrugifernm
1973 874 2009 930 et
2027 867 2159 933 irritum

159 941 198 1010 Si
220 942 285 1008 Dei
303 964 376 1008 snm
404 940 563 1020 imitator,
591 942 691 1008 fldem
717 941 902 1009 habendam
930 963 1002 1008 esse
1029 961 1132 1026 negas
1183 945 1283 1011 brisso
1311 943 1473 1029 deplorat,
1501 947 1543 1014 ab
1569 948 1700 1015 eflioaoe
1727 948 1875 1029 differre,
1902 950 1998 1018 auius
2020 952 2098 1018 alibi
2120 953 2161 1024 lit

159 1027 315 1113 bilingui,
348 1025 487 1105 bioardi,
520 1027 686 1093 bivalanti.
743 1028 845 1111 Atqui
872 1049 947 1094 oum
974 1026 1132 1093 diabalioa
1183 1033 1326 1096 mentio:
1350 1030 1449 1097 siauti
1470 1031 1556 1116 apud
1577 1033 1713 1100 Isaiam:
1735 1032 1912 1118 Dispersus
1921 1035 2075 1103 Iehudah
2091 1037 2160 1103 ool·

159 1126 219 1179 tna
239 1114 422 1179 imitatione
443 1113 522 1178 alim
545 1116 666 1180 senties
688 1112 767 1197 quid
789 1115 833 1179 sit
849 1115 884 1180 in
906 1114 1009 1180 altum
1030 1121 1064 1179 te
1086 1113 1132 1178 el·
1183 1115 1264 1200 liget
1285 1117 1352 1196 (11,
1376 1116 1439 1202 12),
1457 1127 1510 1183 et:
1534 1118 1651 1185 Gloria
1661 1119 1800 1184 Domini
1820 1120 1955 1205 oolligat
1975 1131 2009 1187 te
2029 1123 2098 1207 (58,
2111 1125 2158 1209 8).

159 1202 255 1278 ferre,
276 1206 316 1264 ut
337 1198 454 1266 similis
475 1200 520 1264 sie
537 1199 675 1266 exeelso.
709 1200 853 1265 Tantum
871 1222 925 1265 me
940 1200 1133 1266 exarnaiant
1182 1201 1287 1268 Item:
1320 1202 1373 1268 Ab
1401 1204 1567 1270 oeoidente
1595 1206 1800 1290 aongregabo
1820 1212 1854 1270 te
1875 1207 1943 1286 (43,
1966 1208 2011 1291 a).
2055 1209 2158 1276 Item:

160 1284 307 1352 rabiosae
328 1285 551 1369 blasphemiae
578 1285 695 1371 quibus
722 1285 781 1351 abs
806 1294 840 1350 te
868 1287 1057 1370 conspuitur
1079 1304 1130 1350 sa·
1184 1287 1407 1373 congregabit
1428 1310 1486 1356 vos
1508 1291 1601 1356 Deus
1623 1298 1734 1358 vester
1753 1291 1821 1374 (52,
1843 1294 1912 1376 12):
1940 1314 2059 1377 nempe
2080 1294 2159 1378 quia

161 1393 219 1440 ara
240 1371 306 1437 Dei
327 1371 490 1447 maiestas,
518 1372 613 1437 ouius
635 1378 744 1436 tamen
765 1369 888 1437 vindex
909 1372 979 1455 ipse
1000 1374 1130 1437 futurus
1183 1374 1280 1457 paulo
1307 1382 1385 1440 ante
1411 1375 1456 1456 (v.
1479 1376 1533 1460 10)
1559 1376 1690 1442 dixerat
1716 1377 1827 1443 Deum
1859 1376 2031 1444 braehium
2058 1399 2158 1445 suum

161 1466 222 1524 est
267 1455 378 1537 Quum
407 1457 493 1522 bana
520 1459 564 1523 sit
591 1457 656 1523 Dei
687 1457 839 1522 voluntas
866 1478 965 1540 quam
991 1458 1027 1522 in
1059 1456 1132 1541 lege
1183 1459 1339 1538 nudasse,
1370 1470 1407 1525 ut
1433 1461 1608 1545 aanspioua
1634 1469 1720 1527 esset
1751 1462 1859 1528 virtus
1886 1463 1957 1529 aius
1989 1464 2024 1529 in
2052 1465 2158 1530 oeulis

161 1543 319 1628 prodidit,
347 1540 505 1625 quidquid
524 1545 723 1609 eontrarium
752 1551 816 1622 est,
846 1543 984 1609 aonoedo
1005 1544 1132 1610 malum
1183 1546 1341 1628 gentium.
1384 1544 1463 1611 Ideo
1491 1554 1525 1611 et
1551 1547 1650 1631 paula
1671 1554 1745 1631 post
1764 1549 1900 1631 repetit:
1934 1549 1988 1614 Ad
2009 1570 2158 1615 momen·

162 1650 248 1696 essa:
271 1629 329 1694 sed
347 1628 508 1693 oaeultam
524 1629 615 1695 illam
633 1628 846 1709 voluntatem,
868 1631 1035 1712 quaDeus
1053 1651 1134 1697 vasa
1184 1639 1256 1695 tum
1278 1628 1435 1714 dereliqui
1457 1642 1500 1711 te,
1530 1634 1565 1697 in
1587 1633 1755 1717 perpetuis
1776 1633 2041 1702 miserationibus
2061 1635 2156 1702 eolli-

162 1716 403 1783 miseriaordiae
425 1738 445 1780 a
467 1716 553 1781 vasis
574 1715 643 1780 irae
661 1713 859 1793 disaernens,
881 1736 941 1799 pra
963 1736 1025 1780 suo
1047 1715 1133 1781 arbi·
1184 1737 1259 1800 gam
1283 1724 1316 1780 te
1339 1717 1417 1801 (lea.
1438 1723 1488 1796 54,
1508 1718 1551 1800 7).
1602 1719 1654 1784 De
1681 1719 1865 1802 praeseptis
1886 1718 1972 1803 quod
1999 1720 2084 1800 dixi,
2114 1720 2158 1787 ad

162 1805 225 1868 trio
253 1802 401 1886 utrisque
427 1799 528 1866 libere
555 1802 674 1880 utitur,
706 1802 903 1867 contrariam
931 1822 1001 1867 essa
1027 1801 1132 1868 blate-
1184 1802 1432 1885 aompesoendas
1445 1811 1518 1869 tuas
1528 1804 1748 1888 blasphemias
1764 1803 1896 1870 abunde
1913 1805 2045 1872 suffieit
2081 1807 2157 1873 Etsi

161 1911 250 1968 raus,
280 1894 500 1953 commentum
522 1908 589 1951 non
609 1888 718 1953 minus
740 1885 930 1953 detestabile
950 1908 1046 1971 quam
1070 1888 1132 1954 fal·
1184 1889 1272 1953 enim
1295 1887 1380 1954 nihil
1399 1890 1474 1955 fiote
1520 1891 1655 1974 raeaipit
1675 1890 1778 1969 Deus,
1800 1888 1859 1955 sed
1878 1892 1963 1956 serio
1980 1913 2064 1974 quae
2085 1892 2159 1958 vult

161 1996 234 2040 sum
263 1972 398 2040 exhalas
434 1995 476 2037 ex
508 1972 628 2038 foetida
659 1972 864 2057 ignorantiae
895 1980 971 2037 tuae
1005 1972 1131 2039 laauna.
1184 1981 1219 2038 et
1246 1973 1364 2057 probat
1390 1910 1548 2053 ostendit,
1578 1976 1641 2041 alio
1669 1983 1779 2040 tamen
1807 1974 1905 2041 modo
1936 1975 2157 2043 obedientiam

161 2061 333 2127 Christum
355 2059 395 2124 de
417 2067 531 2142 aperta
542 2057 711 2124 voluntate
721 2058 809 2142 loqui
831 2059 943 2138 fateor,
967 2058 1021 2124 ubi
1044 2058 1131 2140 dicit,
1184 2058 1246 2124 sibi
1267 2062 1428 2143 praestari
1451 2060 1564 2126 vulta
1586 2062 1653 2127 suis
1675 2060 1797 2141 eleatis,
1818 2071 1899 2144 quas
1921 2062 2097 2127 effioaoiter
2113 2062 2156 2128 ad

160 2145 352 2224 Ierusalem,
373 2144 563 2222 Ierusalem,
586 2145 711 2227 quoties
732 2143 821 2210 volui
839 2164 1039 2230 aangregara
1059 2146 1133 2229 pul·
1184 2143 1373 2229 obsequium
1394 2167 1491 2213 suum
1512 2147 1630 2225 fleatit,
1652 2168 1751 2230 quam
1772 2168 1794 2211 a
1815 2146 1972 2231 reprobis,
1992 2167 2074 2231 quos
2095 2142 2159 2213 ex-'

126 2245 130 2249 ’
160 2232 209 2298 las
230 2239 314 2309 tuos,
336 2237 369 2295 et
389 2230 522 2295 noluisti
544 2231 640 2312 (Lua.
668 2234 715 2309 13,
734 2229 811 2313 30?
855 2229 950 2296 Idem
970 2230 1057 2295 enirn
1075 2232 1133 2297 Iu·
1184 2240 1279 2296 terna
1309 2252 1390 2296 vaae
1421 2231 1555 2313 doeens,
1587 2231 1629 2297 ad
1659 2252 1695 2297 se
1727 2232 1860 2298 trahere
1890 2254 1957 2298 non
1989 2232 2154 2317 dignatam.

162 2315 251 2382 daeis
268 2317 444 2400 exprobrat
455 2314 588 2399 quadiu
600 2314 737 2382 (lantioo
747 2316 863 2382 Maisis
874 2315 986 2402 (Deut.
1001 2320 1051 2394 32,
1069 2318 1131 2402 ll).
1184 2320 1257 2396 [pag.
1275 2323 1330 2397 st]
1352 2318 1522 2401 Peraeque
1543 2317 1705 2384 naturalis
1731 2326 1791 2400 est¹
1809 2318 1963 2384 omnibus
1982 2328 2156 2384 oontuma·
2190 2384 2196 2396 ,

161 2404 208 2469 Et
229 2423 310 2469 sane
327 2423 364 2467 re
384 2403 456 2485 ipsa
477 2401 586 2466 Deum
608 2402 811 2485 praestitisse
831 2407 905 2482 [pag.
923 2407 978 2481 84]
1001 2404 1130 2469 samus.
1183 2403 1234 2466 oia
1260 2411 1294 2468 et
1319 2404 1478 2487 pravitas,
1507 2412 1545 2468 ut
1572 2423 1669 2469 nemo
1694 2402 1738 2468 ad
1766 2403 2013 2486 suseipiendum
2040 2405 2157 2488 iugum

162 2487 249 2573 quad
272 2489 372 2554 verba
398 2487 456 2553 illa
482 2496 615 2554 sonant:
644 2486 772 2570 quando
803 2496 837 2553 et
863 2487 946 2573 legis
974 2486 1131 2568 doctrina,
1183 2487 1390 2554 voluntarius
1411 2490 1513 2555 sitae
1535 2489 1656 2556 dooilis.
1700 2488 1788 2555 Aliis
1803 2490 1966 2573 promittit
1975 2490 2067 2554 Deus
2089 2490 2158 2573 spi-

162 2584 196 2639 et
216 2575 349 2659 pietatis
360 2573 524 2650 exercitia,
546 2581 579 2638 et
597 2573 813 2640 totbenefiaia
829 2573 947 2657 quibus
968 2573 1132 2640 sibiDeus
1183 2574 1282 2638 ritum
1304 2574 1522 2655 obedientiae,
1552 2575 1633 2640 alias
1660 2575 1696 2644 ia
1718 2595 1781 2639 sua
1801 2576 1964 2657 pravitate
1986 2575 2154 2658 relinquit

161 2660 317 2745 populum
340 2659 434 2725 illum
457 2659 660 2738 devinxerat,
682 2680 749 2724 nan
770 2681 864 2726 seous
885 2670 982 2744 atque
1003 2659 1133 2726 alarum
1182 2659 1269 2724 Nam
1291 2660 1447 2744 quidquid
1468 2660 1604 2745 garrias,
1622 2682 1689 2726 non
1707 2659 1859 2726 omnibus
1881 2660 2074 2745 promiseua,
2095 2659 2156 2726 sed

163 2748 320 2831 expansio
341 2747 476 2812 fuerunt
499 2745 541 2811 ad
563 2766 617 2811 eos
644 2743 875 2830 protegendas,
904 2746 969 2810 nisi
990 2747 1055 2811 alio
1077 2767 1132 2812 eos
1182 2745 1392 2829 paauliariter
1411 2746 1523 2813 eleatis
1551 2747 1755 2831 promittitur
1780 2765 1838 2810 aar
1862 2766 2018 2812 aarneum
2039 2753 2074 2811 at
2088 2766 2155 2811 no·

162 2834 326 2917 rapuisset
345 2831 506 2906 indomita
532 2853 594 2898 sua
619 2833 741 2898 feritas.
791 2829 903 2912 Quum
931 2852 1008 2916 ergo
1034 2833 1131 2898 toties
1182 2852 1277 2911 vum,
1306 2839 1345 2896 ut
1370 2833 1405 2896 in
1427 2833 1608 2916 praeseptis
1629 2832 1692 2897 Dei
1713 2829 1894 2897 ambulant
1937 2830 2029 2912 'Quid
2050 2839 2089 2896 tu
2111 2830 2155 2897 ad

161 2925 275 3003 totque
295 2917 402 2985 modis
423 2925 556 3002 gentem
584 2937 771 3003 perversam
798 2916 839 2981 ad
867 2917 1057 3016 obsequium
1079 2939 1131 2983 ra·
1182 2916 1379 3019 brisebarre
1400 2917 1536 3018 aensorl
1571 2920 1626 2983 An
1645 2916 1826 3018 quiaDeus
1847 2923 1950 2982 totam
1971 2916 2013 2981 ad
2029 2939 2067 2982 se
2083 2923 2155 2982 tnr-

161 3001 1130 3174 :tttatttttpttttttttleththa”tt
1180 3001 2156 3172 lt?,latitrttt‘uplfflltthtttltlhtt

162 3175 287 3243 Ohristi
308 3177 414 3241 vitam
434 3177 619 3262 restringis,
646 3177 725 3242 faais
750 3196 810 3259 pro
836 3183 895 3242 tua
916 3175 1011 3240 solita
1031 3175 1129 3241 iusai-
1180 3172 1222 3238 ad
1242 3173 1432 3259 parendum,
1449 3174 1522 3241 ideo
1543 3173 1704 3240 mendaaii
1723 3171 1932 3238 damnandus
1953 3171 2039 3237 erit?

161 3262 217 3342 tia,
240 3281 279 3328 aa
301 3262 329 3326 si
351 3282 451 3327 verus
471 3263 563 3328 Deus
584 3279 651 3328 non
671 3269 770 3341 esset,
797 3261 854 3345 qui
875 3262 916 3326 ab
937 3259 1031 3326 initio
1053 3283 1128 3346 gra·
1548 3310 1638 3376 vm
1684 3308 1780 3376 tm
1814 3303 1816 3307 -

161 3349 225 3413 tiae
247 3369 326 3413 suae
348 3346 416 3413 alas
434 3347 619 3431 expandere
645 3367 712 3412 uon
740 3347 889 3415 desierat.
940 3347 1013 3413 Iam
1038 3348 1129 3415 oolli-
1638 3331 1683 3375 ‘⁰

162 3434 227 3517 gis,
260 3435 287 3499 si
315 3433 382 3498 alia
407 3433 469 3498 fnit
489 3435 651 3500 eontraria
672 3433 843 3512 voluntas,
858 3433 1036 3500 ¹(lhristum
1058 3440 1128 3499 tota
1265 3433 1331 3499 Hie
1359 3452 1473 3497 rursus
1499 3430 1658 3496 laetorum
1691 3428 1790 3495 iidem
1820 3426 1976 3511 imploro,
2010 3434 2050 3492 ut
2080 3447 2156 3494 mea

162 3519 232 3584 vite
254 3520 356 3584 luisse
378 3518 593 3604 hypoaritam.
637 3518 744 3600 Quasi
765 3540 843 3587 varo
865 3520 1030 3584 contraria
1051 3520 1128 3600 sint,
1181 3519 1281 3585 verba
1303 3527 1471 3601 totumque
1493 3514 1627 3583 ducendi
1650 3536 1756 3600 genus
1777 3534 1853 3579 aum
1871 3513 1997 3579 mutssis
2014 3512 2156 3578 tuisar·

162 3625 240 3672 vaae
261 3613 295 3670 et
313 3603 478 3671 benefieiis
501 3606 645 3685 allidere,
669 3626 775 3689 neque
795 3615 907 3671 tamen
929 3604 1028 3671 eorda
1057 3607 1128 3671 afli-
1180 3604 1288 3672 tiaulis
1310 3609 1508 3687 comparent
1556 3601 1610 3666 Ita
1635 3599 1764 3666 deteata
1784 3599 1967 3674 aalumnia,
1997 3598 2155 3682 quidquid

162 3710 234 3757 aare
255 3711 375 3756 areana
396 3691 529 3775 spiritns
550 3692 717 3757 instinatu.
1179 3691 1306 3757 moliris
1328 3689 1469 3755 oonflare
1490 3687 1644 3766 invidiae,
1667 3693 1783 3771 sponte
1804 3691 1987 3751 avanesaet
2022 3683 2157 3750 Interea

246 3775 321 3858 Qua
348 3776 472 3843 melius
492 3786 605 3862 pateat
632 3777 731 3842 huius
764 3777 947 3843 aalumniae
979 3776 1127 3857 fertilitas,
1180 3798 1246 3842 non
1268 3796 1351 3860 nego
1373 3795 1426 3840 me
1448 3795 1522 3840 anm
1533 3774 1639 3838 Maiae
1656 3770 1806 3837 atPaulo
1827 3770 1975 3835 doomsse
1996 3790 2053 3835 aar
2066 3769 2156 3836 Pha-

162 3859 215 3928 ubi
255 3883 291 3928 se
329 3861 478 3929 delusum
516 3864 616 3929 fuisse
656 3864 866 3947 aanqueritur
905 3862 981 3946 (Ias.
1018 3868 1047 3941 a,
1083 3861 1128 3947 4),
1180 3863 1290 3929 raonis
1311 3861 1501 3926 induratum
1512 3859 1612 3924 fuisse
1635 3863 1709 3938 [pag.
1721 3862 1777 3937 88]
1796 3855 1906 3921 aDeo.
1938 3855 2005 3919 Hie
2021 3861 2059 3920 tu
2074 3876 2155 3922 aon·

162 3948 248 4033 quad
268 3948 436 4014 labrusaas
456 3949 630 4032 protulerit
649 3950 747 4015 vinea
768 3969 788 4014 a
809 3969 874 4032 qua
895 3968 1031 4013 suavem
1055 3953 1128 4027 [pag.
1180 3957 1303 4032 tempto
1324 3947 1445 4025 Moise,
1475 3966 1512 4011 aa
1534 3945 1563 4010 si
1589 3966 1648 4029 pra
1677 3941 1780 4008 nihilo
1802 3940 2045 4041 duaarestqnod
2066 3940 2156 4091 Ilm

163 4040 215 4115 aa]
237 4035 380 4100 lunatum
406 4043 670 4118 exspeetaverat,
696 4034 772 4119 quid
801 4043 838 4099 tu
867 4033 908 4099 ad
937 4034 1019 4098 haeo
1044 4034 1129 4100 bona
1180 4056 1255 4099 eum
1277 4032 1408 4116 legitur,
1430 4050 1559 4095 meeum
1581 4029 1785 4113 expostulas:
1809 4029 1864 4093 An
1886 4026 1943 4092 ubi
1966 4026 2047 4092 dreit
2067 4048 2079 4090 1
2103 4048 2157 4093 em

162 4119 295 4186 rhetor?
339 4121 394 4185 An
417 4143 492 4186 eum
513 4122 720 4205 ignorantiae
741 4120 892 4186 subiieies
913 4140 957 4183 na
979 4117 1130 4184 videatur
1180 4120 1318 4186 Maisas:
1347 4117 1521 4182 Induravit
1542 4115 1674 4181 Pharao
1696 4118 1752 4180 a'ar
1773 4134 1879 4191 suum,
1902 4111 2091 4196 quaerenda
2113 4116 2158 4177 sit

162 4205 316 4272 mentiri?
339 4207 503 4272 Frustrati
526 4215 606 4272 sunt
622 4207 730 4271 Deum
752 4205 881 4271 Iudaei:
903 4226 990 4289 ergo,
1013 4225 1129 4271 seeun-
1181 4205 1325 4271 violenta
1346 4203 1411 4267 ista
1431 4199 1673 4285 interpretatio:
1706 4201 1800 4265 Deus
1821 4218 1879 4265 aar
1899 4198 2086 4263 Pharaonis
2107 4199 2159 4262 in·

162 4291 242 4358 dum
263 4300 306 4371 te,
328 4291 461 4359 sedebat
481 4293 599 4360 dubius
621 4292 698 4376 quid
719 4293 866 4357 firturnm
885 4298 986 4370 esset,
1016 4290 1130 4356 lalellit
1181 4289 1333 4356 duravit?
1383 4288 1486 4371 Atqui
1513 4308 1582 4351 nan
1604 4284 1737 4351 aliunde
1764 4281 1904 4368 petenda
1925 4292 1978 4349 est
1997 4283 2080 4347 mihi
2103 4303 2157 4347 so·

162 4386 271 4447 sutem
293 4399 367 4443 eum
391 4390 538 4446 aventus.
590 4378 695 4460 Quasi
716 4398 795 4443 vero
816 4375 960 4458 loquutio
981 4397 1066 4459 quae
1088 4377 1129 4442 ad
1180 4376 1270 4455 lotio,
1293 4396 1444 4458 quamex
1465 4373 1573 4439 verbis
1594 4372 1672 4436 nani
1693 4370 1834 4448 articuli,
1855 4390 1938 4452 qnae
1958 4378 1996 4433 tu
2013 4369 2157 4466 reeitans

161 4485 230 4529 rem
252 4465 357 4548 ipsam
379 4467 528 4544 refertur,
556 4465 598 4530 ad
619 4484 773 4530 aroanam
794 4462 860 4528 Dei
882 4462 1128 4546 praescientiam
1180 4462 1235 4529 vel
1263 4461 1422 4545 depravas
1448 4457 1504 4525 vel
1531 4479 1596 4523 non
1625 4457 1823 4555 assequaris:
1851 4452 2070 4555 quiesiDer
2096 4473 2155 4518 va·

160 4551 249 4616 trahi
271 4549 395 4616 debeat
440 4552 544 4618 Alibi:
572 4551 667 4630 Dixi,
696 4560 785 4616 uerte
807 4549 938 4614 timebis
960 4569 1021 4613 me.
1067 4549 1129 4614 At·
1180 4549 1292 4614 luntas
1320 4567 1449 4611 summa
1473 4552 1539 4621 est,
1567 4542 1620 4609 vel
1647 4552 1779 4615 remota,
1799 4540 2019 4606 mduratronrs
2045 4557 2154 4614 eausa

160 4638 215 4722 qui
238 4647 455 4719 properarunt
475 4637 517 4702 ad
537 4635 775 4719 eanumpenda
801 4655 861 4701 sua
881 4633 992 4700 studia
1014 4634 1127 4717 (Zeph.
1180 4636 1279 4700 hamo
1303 4633 1374 4715 ipse
1402 4651 1460 4697 aar
1486 4650 1584 4695 sunm
1618 4627 1778 4694 indurans
1805 4626 1868 4692 sibi
1895 4625 2028 4709 propior
2056 4642 2155 4688 eausa

162 4727 189 4801 3,
210 4728 253 4799 7).
298 4719 371 4788 Sibi
392 4724 485 4789 Deus
513 4724 675 4806 promittit
699 4721 842 4804 aliquem
872 4739 913 4784 ex
941 4721 1055 4803 poenis
1078 4721 1128 4784 in·
1180 4728 1238 4786 est.
1272 4719 1419 4799 Primam
1441 4736 1571 4781 eausam
1592 4713 1647 4779 vel
1668 4720 1827 4780 remotam
1849 4734 1870 4777 a
1890 4709 2007 4809 mediis
2027 4715 2063 4773 et
2078 4728 2155 4790 pra-

161 4809 259 4875 ssiotis
280 4808 476 4891 proleatum,
508 4817 622 4893 postea
642 4829 677 4893 se
698 4807 886 4872 fraudatum
908 4807 1127 4887 aanqueritur:
1180 4806 1312 4889 pinquis
1334 4803 1453 4885 ubique
1482 4800 1666 4885 distinguo:
1696 4801 1774 4884 quia
1800 4798 1879 4863 dum
1908 4794 2155 4894 malraffeatns

161 4899 215 4962 An
238 4916 281 4961 ex
302 4895 364 4960 hoa
386 4916 513 4979 quoque
534 4894 604 4960 loaa
624 4916 690 4960 nan
713 4893 810 4959 aliter
827 4900 864 4957 te
881 4891 1042 4974 expedies,
1065 4892 1129 4958 nisi
1180 4891 1322 4957 radieem
1344 4891 1378 4953 in
1400 4908 1437 4954 se
1453 4887 1577 4970 reperit
1593 4895 1752 4969 paaaator,
1775 4889 1910 4983 nan-ast
1925 4894 2032 4946 eursu
2044 4878 2156 4979 Dauni

161 4983 252 5048 Deus
273 4981 308 5045 in
329 4980 477 5048 ordinem
499 4990 627 5048 aoaatus
649 5003 669 5047 a
688 4978 975 5045 liberohominum
996 4974 1128 5041 arbitrio
1180 4977 1310 5058 culpam
1332 4974 1466 5039 derivet.
1510 4972 1640 5038 Aliaubi
1663 4972 1761 5038 otium
1789 4967 1927 5052 perinde
1949 4966 2056 5064 faeere
2074 4962 2155 5065 duri,

160 5066 320 5152 pendeat?
368 5065 473 5149 Quasi
501 5089 579 5135 vero
607 5088 673 5132 non
700 5067 781 5131 satis
812 5065 951 5146 liqueat,
981 5061 1129 5128 oriminis
1179 5082 1217 5128 aa
1238 5059 1376 5126 Medeae
1397 5059 1515 5125 aneilla
1536 5057 1623 5142 apud
1643 5059 1950 5137 veterempaetam
1964 5049 2155 5151 laartz'lltr·

160 5152 382 5239 exaggerandi
403 5174 502 5221 eausa
521 5172 694 5238 personam
722 5149 865 5215 hominis
886 5144 1039 5226 induere,
1073 5148 1127 5231 qui
1179 5166 1257 5211 nam
1279 5167 1322 5211 ne
1343 5147 1379 5212 in
1405 5165 1539 5212 nemore
1561 5144 1653 5210 Pelio
1681 5139 1851 5208 seauribus
1877 5157 1993 5202 eaesae
2020 5135 2158 5202 aeardrs-

264 5260 376 5317 Oalotm
389 5273 482 5329 opera.
520 5256 576 5312 Vol.
593 5254 648 5310 IX.
1912 5237 1948 5292 20
