4620 5828
194 229 257 293 su
784 194 1637 293 ausuousmsnusnuumoouvsom
2144 205 2220 291 uso

195 402 376 487 muntem
393 401 564 500 opponere
585 384 663 482 uns
684 433 721 480 ro
733 388 881 502 'masma
899 382 1072 565 ffiorislur,
1091 392 1176 497 quos
1227 409 1397 492 aalma·
1414 412 1467 479 ou
1488 411 1698 497 museus
1719 431 1793 478 sum
1812 410 1997 497 obstrietus,
2010 404 2042 494 u
2057 386 2115 479 sss
2131 410 2207 496 [pa.

196 502 312 569 reliota
333 501 453 586 patrita
470 499 665 583 oontemptis
687 498 822 576 divitiis
837 505 872 565 et
943 497 1088 579 neribus,
1117 519 1174 565 ex·
1229 501 1284 578 89]
1314 496 1357 564 ad
1395 518 1509 574 omnes
1547 497 1698 565 eoolssias
1734 497 1852 584 qartus
1883 518 2017 582 possum
2050 497 2209 567 subsidiis

196 587 307 655 silium
325 587 364 652 et
372 585 516 671 inopiam
527 605 587 672 pro
597 584 760 671 evangelii
775 583 976 669 professione
994 584 1174 670 pertulerit
1226 583 1388 651 iuvandas
1408 585 1548 650 sensero.
1590 583 1739 659 Dooendi
1756 604 1892 668 munere
1909 585 1959 650 'sio
1976 583 2221 673 defungorput‘

195 672 359 757 lionidem
381 673 417 738 in
439 670 535 738 laude
557 671 655 749 duee,
681 668 769 754 quod
795 669 958 755 euangelii
980 672 1112 739 nomine
1140 671 1176 741 in
1226 669 1263 733 in
1285 690 1415 753 summa
1436 669 1502 737 fide
1523 676 1558 745 et
1574 667 1750 755 ‘diligentia
1772 670 1867 737 nulla
1888 669 2058 737 ambitioa
2080 669 2208 772 pareat.

196 757 373 827 disorunen
394 758 482 832 vitas
504 755 664 826 edduetus
686 757 764 842 luga
781 756 844 822 sibi
865 756 1074 823 oonsuluerit.
1092 755 1176 825 For—
1212 752 1352 822 ³Multus
1373 755 1540 823 molestias
1560 754 1691 835 devora
1714 755 1816 822 tolero
1828 756 2057 823 multorumru
2091 764 2209 840 tatem,

166 842 287 919 'tanis
310 850 447 910 exutum
470 842 571 909 luisse
588 850 711 943 negant
724 840 928 911 oonterrauei
940 850 974 908 et
983 841 1174 909 familiares:
1227 840 1350 908 nullius
1387 841 1535 926 potentia
1570 841 1752 926 impeditur
1779 849 1854 908 mea
1890 841 2034 910 libertas
2088 838 2210 929 Itaque

196 929 275 1015 quia
295 936 392 996 extra
417 928 569 996 Caesaris
590 927 748 995 ditinum
769 948 789 994 a
807 933 913 993 matre
935 935 971 1009 et
990 926 1176 995 eohaeredi-
1226 927 1355 1011 magnis
1377 948 1436 1012 per
1456 925 1676 993 adulationem
1699 948 1766 993 non
1782 927 1946 1014 indulgeo,
1968 927 2076 995 nullas
2094 935 2211 997 metuo

197 1017 260 1084 bus
282 1015 478 1100 permissuum
497 1013 560 1081 luit
581 1034 712 1081 sumere
733 1022 893 1097 quantum
910 1034 952 1087 ex
963 1010 1175 1093 haereditate,
1228 1013 1437 1092 offensiones,
1471 1013 1553 1078 nulli
1588 1029 1645 1079 me
1674 1013 1833 1080 haetenus
1865 1012 2026 1081 inflarunt
2056 1016 2224 1100 prosperi*

197 1103 227 1169 si
252 1101 382 1186 integra
409 1100 527 1167 fuisset
553 1100 623 1167 eius
651 1099 801 1182 oonditio‚
825 1100 998 1183 peruenire
1030 1099 1072 1167 ad
1099 1121 1175 1179 eum
1227 1117 1411 1165 successus:
1433 1099 1530 1170 siouti
1550 1097 1664 1166 multis
1685 1107 1719 1165 et
1728 1099 1886 1184 grauibus
1902 1099 2053 1184 procellis
2063 1100 2209 1170 iaetatus

239 1192 340 1255 terat:
365 1192 467 1273 utne
488 1186 587 1254 unius
607 1185 740 1269 quidem
764 1184 847 1251 assis
868 1184 1032 1252 iaeturum
1052 1185 1174 1252 feeerit.
1226 1205 1282 1250 eas
1302 1183 1466 1268 intrepide
1487 1185 1638 1264 sustinui,
1661 1185 1763 1252 donee
1784 1184 1943 1273 singulari
1960 1187 2025 1254 Dei
2046 1185 2209 1255 benetieio

228 1270 439 1357 taliquando
462 1292 571 1338 eoram
588 1275 663 1351 [pag.
683 1275 736 1350 38]
758 1270 884 1340 homini
896 1270 1080 1357 gratulatus
1091 1292 1174 1350 sum,
1227 1289 1438 1356 emergerem.
1494 1270 1640 1351 Comiter
1673 1272 1748 1338 vivo
1780 1290 1856 1337 oum
1888 1274 1970 1338 meis
2065 1271 2208 1356 salibus,
2264 1294 2267 1301 ¹

198 1357 284 1443 quod
318 1366 386 1424 tum
424 1357 517 1425 faoile
549 1362 775 1441 reeuperasset
808 1355 896 1440 quod
928 1357 990 1422 sibi
1022 1357 1176 1424 eredebat
1226 1354 1367 1422 fideliter
1393 1355 1554 1423 amicitias
1585 1358 1669 1423 tueri
1698 1357 1820 1424 studeo.
1871 1355 1960 1440 Quid
1996 1360 2026 1424 B
2060 1358 2207 1425 duinus?

198 1443 343 1529 periisse.
374 1442 500 1510 Verum
522 1462 565 1508 ne
578 1441 676 1509 ⁴falsis
692 1441 844 1508 laudibus
865 1449 980 1509 oontm
1002 1443 1175 1509 Christum
1226 1448 1382 1525 tanquam
1403 1441 1574 1509 venatione
1596 1443 1686 1520 oanis
1707 1443 1773 1510 huo
1791 1451 1824 1509 et
1833 1443 1913 1510 illuo'
1923 1443 2052 1510 assidue
2062 1442 2206 1527 oberrat,

88 1547 92 1550 ’
197 1550 311 1616 regem
332 1527 455 1614 gloriae
476 1528 652 1613 superbiat,
674 1526 774 1594 iidem
795 1528 866 1594 eius
887 1528 1065 1595 familiares
1086 1529 1175 1596 nffir·
1225 1525 1394 1594 illiberalis
1415 1536 1569 1613 quaestus
1592 1550 1689 1595 oauua
1710 1528 1876 1595 sordidam
1892 1528 1974 1613 iuris
1991 1530 2208 1598 nundinatio-

197 1621 301 1693 mant
324 1612 423 1680 simul
444 1636 481 1681 ae
502 1635 538 1681 se
559 1614 679 1698 eripuit
699 1634 723 1687 a,
740 1613 895 1699 perioulo‚
911 1609 976 1699 'per
1000 1613 1175 1692 Claudium
1226 1633 1303 1678 nem
1324 1622 1466 1680 exereet:
1495 1634 1577 1697 quae
1598 1636 1688 1681 nuno
1709 1615 1821 1680 arrisit
1842 1615 1984 1682 conditio
2027 1617 2102 1684 aulo
2174 1616 2218 1683 'st'

199 1697 452 1768 Oantiuneulam
467 1699 502 1785 ¹),
531 1701 588 1784 qui
614 1706 695 1765 tuno
716 1698 929 1766 oaneella'rius
956 1709 1029 1766 erut
1049 1700 1175 1766 Lotha-
1225 1697 1261 1762 in
1282 1699 1456 1800 fastidium
1471 1701 1574 1800 venit:
1597 1701 1688 1798 inani
1710 1700 1938 1768 ostentationis
1951 1711 2004 1796 stu
2029 1704 2058 1768 ‘o
2072 1638 2207 1777 dediotus

199 1786 340 1871 ringiae,
374 1783 415 1851 de
440 1785 548 1851 reditu
575 1793 732 1869 tentasse,
766 1805 863 1869 quem
891 1784 986 1860 foeda
1011 1786 1174 1870 evangelii
1226 1783 1306 1868 quid
1327 1791 1372 1851 sut
1392 1808 1426 1851 ru
1449 1785 1616 1870 pubheum
1636 1786 1792 1871 prodesse
1810 1788 1955 1873 ignorat:
1979 1789 2138 1856 floreatne
2160 1811 2205 1856 an

201 1871 286 1939 abne
330 1872 417 1951 tione
440 1870 616 1957 *redimere
652 1877 787 1955 paratus
823 1879 902 1937 erat
956 1871 1032 1938 Etsi
1064 1880 1175 1959 autem
1226 1889 1357 1952 pessum
1390 1878 1443 1938 oet
1469 1871 1599 1958 religio,
1632 1894 1750 1956 susque
1780 1873 1883 1958 deque
1909 1874 2023 1940 habet:
2050 1875 2205 1960 privatae

201 1977 283 2042 repu
306 1958 390 2023 'atus
411 1955 475 2022 alio
498 1978 534 2023 se
555 1957 665 2036 vertit,
688 1958 754 2022 iam
779 1963 858 2023 tuno
879 1956 1085 2024 voluntarius
1112 1958 1175 2023 fuit
1225 1976 1324 2022 ourae
1345 1977 1412 2023 non
1434 1965 1563 2022 tantum
1584 1958 1641 2024 otii
1667 1960 1872 2042 permittunt,
1903 1967 1941 2026 ut
1967 1957 2008 2026 de
2036 1962 2205 2027 oommuni

200 2050 356 2196 ”imit
405 2042 1174 2195 ditslldmddniiiffltiidffili'
1226 2041 1845 2210 iiiiffliil³⁰⁰01⁸ttlal⁰ffl⁰i²
1875 2047 1939 2113 ‘¹1⁸³
1966 2043 2053 2200 illd
2082 2046 2204 2115 mem

200 2148 740 2294 deuniidudioo,simihipfi1isset
767 2180 896 2280 animus
916 2214 1081 2294 Balduini,
1109 2177 1176 2281 non
1227 2147 1269 2277 {d
1303 2154 1486 2281 nocendum
1519 2152 1652 2300 satagit:
1682 2152 1829 2296 sibiquiiii
1839 2152 2208 2300 aiaiidiiitiis,o’oriiirndsped

200 2299 309 2400 tuisse·
326 2292 408 2365 adeo
440 2298 571 2399 diffinite
586 2319 682 2400 ,quae
700 2299 845 2400 ‘frustra
870 2320 1005 2450 aemgir.
1029 2299 1176 2400 ambivit,
1227 2297 1346 2381 quibus
1366 2301 1451 2366 nihil
1465 2309 1583 2404 ‘sperat
1604 2303 1746 2368 fastuose
1761 2303 1911 2404 despioit:
1933 2312 2106 2405 potentum
2115 2307 2208 2409 lavo·

201 2392 237 2451 et
257 2384 374 2470 quibus
395 2384 492 2451 hono
513 2384 751 2469 mmrsouprde
774 2385 891 2466 inhiat,
919 2406 1064 2471 a1p1so1.
1109 2384 1177 2452 Sed
1228 2405 1298 2449 rem
1320 2393 1429 2471 eaptat
1449 2408 1520 2453 sme
1542 2386 1639 2453 modo
1659 2387 1788 2456 blandus
1799 2392 2089 2459 essentauombus:
2111 2393 2207 2460 bonus

87 2506 88 2510 =
201 2470 312 2538 valeat
331 2462 422 2537 illud
466 2471 540 2556 Ego
568 2472 729 2537 tenuitate
750 2491 825 2537 mea
845 2476 1021 2538 eontentus
1042 2472 1177 2556 frugali·
1227 2470 1347 2554 quibus
1378 2471 1505 2538 invidet
1528 2473 1602 2558 plus
1629 2493 1726 2559 quam
1758 2476 1907 2541 ferooiter
1938 2477 2091 2544 insultat:
2125 2481 2207 2564 quo·

202 2561 305 2621 mmm
326 2554 373 2621 sio
397 2555 492 2635 oolui,
519 2563 557 2622 ut
574 2552 699 2623 nemini
726 2557 838 2642 gravis
865 2557 1009 2622 fuerim
1037 2556 1177 2639 Quietus
1228 2554 1356 2642 uunque
1377 2559 1481 2639 venit,
1502 2558 1558 2624 fax
1573 2566 1631 2640 est
1651 2581 1785 2645 prorsus
1806 2560 1931 2628 liuriulis
1953 2561 1995 2627 ad
2016 2563 2206 2631 excitandas

201 2648 320 2708 'maneo
350 2641 387 2706 in
415 2641 555 2719 statione
587 2660 675 2707 mea:
705 2641 745 2707 de
774 2642 952 2726 stipendio,
981 2643 1067 2728 quod
1094 2643 1177 2710 mihi
1218 2640 1422 2710 -disoordiasz
1455 2642 1595 2727 deniquo
1625 2654 1662 2710 ut
1694 2647 1860 2716 neminem
1895 2669 2039 2733 unquam
2081 2651 2205 2719 sineere

167 2800 168 2803 Ἴ
201 2725 365 2793 medioore
397 2727 609 2793 eonstitutum
640 2733 712 2794 erat
740 2727 862 2812 aliquid
894 2728 1020 2809 remisi,
1047 2735 1177 2795 tantum
1228 2727 1354 2810 dilexit,
1376 2729 1422 2794 ita
1443 2727 1611 2820 neminem
1630 2751 1672 2796 ex
1693 2733 1802 2815 probis
1815 2740 1848 2800 et
1868 2735 2005 2833 integris
2016 2732 2082 2801 Dei
2104 2737 2204 2804 eulto-

202 2810 294 2878 abest
319 2819 357 2877 ut
377 2810 425 2890 de¹
442 2814 593 2898 ‘augendo
628 2812 730 2879 verba
756 2814 897 2882 feeerim.
942 2814 1037 2882 Meas
1063 2836 1177 2881 omnes
1227 2813 1320 2882 ribus
1341 2813 1949 2903 hebetamieum.Si'asperi01-uisus
1970 2821 2072 2905 fuero,
2092 2830 2206 2890 autore

202 2919 308 2979 ouras,
330 2897 467 2980 labores,
489 2897 599 2966 studia
620 2919 688 2965 non
709 2899 806 2966 modo
827 2899 862 2965 in
880 2900 1056 2966 utilitatem
1078 2901 1177 2991 huius
1227 2900 1332 2967 Paulo
1354 2901 1485 2986 eulpam
1507 2902 1543 2968 in
1564 2924 1642 2972 eum
1654 2905 1770 2988 ipsum
1781 2905 1929 2995 reiioiems
1941 2906 1997 2992 qui
2014 2928 2069 2974 me
2090 2911 2204 2997 ooegit

202 3031 387 3038 ..q—“Qa—

228 3141 231 3149 ,
271 3056 300 3153 1)
320 3055 422 3143 claude
440 3085 651 3144 Chsusounette.
1176 3156 1178 3161 ¹
1299 3090 1329 3160 1)
1347 3091 1423 3148 Besa
1440 3097 1465 3148 et
1483 3089 1568 3151 Amet.
1587 3091 1756 3159 adstrictus„

1231 3034 1395 3055 -Ὶ-,.
1402 3036 1433 3042 ἢ.
