4590 5858
70 234 135 299 789
886 224 1254 294 ΡΒΔΕΕΑΤΙΟΝΕΕ.
2011 233 2072 296 790

71 417 166 484 muni
187 418 272 485 bono
293 424 411 484 arceat
456 416 496 482 Id
513 436 593 482 voro
613 414 749 499 perinde
771 424 835 495 est,
865 435 902 481 ac
924 414 953 481 si
974 413 1047 499 quis
1070 415 1075 464 Ι
1097 413 1171 498 plus
1192 413 1273 480 satis
1295 435 1366 482 esse
1387 414 1547 482 odiosam:
1571 417 1646 500 quia
1668 416 1765 482 multi
1783 425 1860 482 sunt
1878 425 2010 485 ventres
2017 419 2075 501 qui

72 503 150 570 huie
171 524 257 588 aqua
272 510 306 570 et
327 503 406 588 igni,
434 501 722 584 communibusque
744 500 916 568 elementis
943 499 1047 565 inter·
1070 468 1075 604 l
1097 520 1163 566 non
1192 500 1258 566 nisi
1308 499 1406 567 lande
1437 503 1526 586 pasci
1565 503 1780 582 sustinerent,
1814 503 1914 568 etiam
1944 513 2074 588 reperta

72 589 166 670 dieat,
183 589 259 673 quia
280 588 427 654 nondum
447 584 487 654 iis
509 588 557 653 uti
579 587 670 654 visus
692 588 742 653 sit.
772 586 856 669 Quis
872 586 1048 670 cogitasset
1096 586 1149 651 fru
1192 636 1199 651 .
1234 583 1260 652 S
1322 586 1505 653 eademum
1527 590 1656 655 novitas
1675 587 1786 654 odium
1807 597 1960 670 meretur,
1976 611 2075 673 quam

71 682 198 741 tantam
225 675 260 739 in
287 675 472 759 pastoribus
505 672 745 751 crudelitatem,
780 674 872 757 (nam
899 678 1047 756 pastores
1098 693 1120 736 n
1170 691 1328 754 ooperae
1349 674 1454 756 pretio
1475 673 1660 740 affectatam
1682 674 1841 740 essedma
1857 683 2074 760 opera,atque

71 769 106 826 et
127 760 240 826 haberi
261 768 295 826 et
317 759 379 826 dici
402 758 531 844 volunt)
554 767 594 825 ut
614 759 701 824 vitae
736 757 1047 824 abulumexovium
1097 757 1232 824 ascitam
1254 765 1394 824 constat:
1417 780 1501 842 quae
1522 780 1601 826 vero
1622 760 1784 844 sepultam
1797 760 1969 826 veritatem
1980 762 2075 841 eruit,

71 845 217 912 faucibus
244 846 278 911 vi
303 846 429 930 eripere
458 867 523 910 non
551 780 734 910 horreantl³
773 843 840 910 Sed
864 843 1047 928 perieulum
1097 863 1171 908 eam
1192 864 1258 908 non
1280 847 1369 909 omni
1390 845 1500 911 favore
1527 845 1693 928 amplecti,
1721 845 1912 928 turpissima
1937 847 2076 932 ingrati·

69 939 132 1010 est,
154 932 318 1016 inquiunt,
331 952 383 996 ·ne
404 932 440 996 in
460 930 575 996 multis
596 952 655 996 sua
682 929 892 1014 simplicitate
917 928 1048 995 labatur
1097 928 1176 994 tudo
1203 939 1261 994 est
1305 928 1402 1010 Quod
1428 930 1457 996 si
1484 939 1599 996 esest
1625 931 1797 996 hominum
1827 929 2010 1012 barbaries,
2038 938 2076 998 ut

72 1017 207 1103 vulgus,
230 1039 272 1083 ne
299 1024 466 1101 pervertat
492 1038 558 1082 non
587 1015 765 1093 intellecta,
794 1024 890 1099 atque
917 1015 966 1080 ita
991 1035 1048 1080 ve·
1097 1012 1263 1081 benefieiis
1290 1015 1390 1080 etiam
1421 1016 1501 1099 ipsis
1535 1016 1620 1082 male
1651 1017 1849 1094 afficiantur,
1877 1017 2076 1085 omittendae

70 1123 194 1170 uenum
216 1124 276 1187 pro
297 1103 451 1168 alimento
473 1101 613 1167 hauriat.
645 1100 754 1183 Quam
777 1100 831 1168 hie
841 1100 1048 1184 impudenter
1098 1099 1206 1183 potius
1228 1101 1423 1168 offensiones
1450 1110 1527 1167 sunt
1559 1114 1592 1167 et
1622 1104 1757 1186 quaevis
1786 1100 1876 1180 odia,
1909 1124 2007 1187 quam
2039 1113 2077 1170 ut

70 1187 327 1255 ratiocinantur?
356 1188 575 1272 Evangelium
598 1194 648 1252 est
669 1187 748 1253 odor
767 1188 882 1253 mortis
901 1186 939 1250 in
959 1206 1047 1250 mor-
1098 1206 1212 1251 eorum
1243 1186 1350 1271 gratia
1388 1187 1537 1253 veritatis
1569 1186 1738 1271 dispendio
1767 1196 1901 1254 constet
1952 1189 2078 1272 Quam·

71 1285 138 1340 tem
171 1275 211 1339 iis
239 1276 294 1358 qui
322 1285 475 1359 pereunt,
509 1273 640 1339 Iudaeis
672 1272 878 1350 scandalum,
910 1271 1047 1338 Graecis
1099 1292 1196 1355 quam
1219 1271 1259 1337 de
1281 1271 1400 1356 populo
1422 1295 1555 1340 securus
1576 1296 1658 1353 sum,
1679 1273 1735 1357 qui
1756 1273 1951 1358 iampridem
1973 1276 2075 1341 fame-

71 1359 226 1426 stultitia:
265 1381 343 1446 ergo
375 1382 418 1425 ne
449 1359 591 1444 legatur,
631 1380 672 1423 ne
705 1357 865 1424 audiatur.
921 1359 967 1422 At
997 1365 1048 1423 est
1097 1357 1180 1424 licus
1199 1358 1319 1424 talibus
1341 1358 1446 1441 epulis
1468 1359 1583 1437 inhiat,
1603 1370 1733 1424 tantum
1755 1359 1847 1426 abest
1873 1372 1912 1425 ut
1938 1381 1958 1424 a
1985 1364 2077 1429 novi·

71 1446 178 1510 virtus
199 1445 263 1511 Dei
285 1446 320 1510 in
342 1446 480 1511 salutem
503 1445 592 1510 omni
614 1442 776 1520 credenti,
804 1443 925 1509 Iudaeo
948 1443 1045 1509 simul
1099 1453 1166 1509 tate
1187 1443 1369 1509 abhorreat.
1413 1442 1480 1510 Sed
1503 1445 1591 1511 huno
1612 1467 1690 1510 suae
1711 1445 1909 1530 malignitati
1925 1456 2076 1529 praetex-

70 1538 105 1597 et
127 1531 262 1597 Graeco.
305 1530 459 1598 Christus
479 1538 530 1596 est
550 1538 643 1613 petra
659 1530 856 1608 offensionis,
884 1530 921 1600 in
949 1551 1047 1613 quam
1098 1536 1171 1596 tum
1184 1538 1364 1612 quaerunt,
1382 1529 1498 1613 quibus
1520 1551 1586 1595 non
1609 1530 1690 1596 satis
1712 1539 1762 1597 est
1783 1533 1820 1596 in
1830 1532 2076 1599 confertissimis

71 1616 167 1681 multi
188 1617 386 1701 impingunt,
400 1626 508 1700 etqua
520 1615 616 1680 multi
633 1614 814 1681 eliduntur:
845 1637 923 1699 ergo
940 1636 981 1679 ue
1003 1615 1048 1679 sit
1098 1615 1261 1681 thesauris
1283 1614 1433 1696 volutari,
1456 1615 1520 1682 nisi
1547 1616 1734 1682 nummulos
1767 1616 1807 1682 de
1836 1617 1971 1684 meliore
2000 1631 2077 1685 nota

72 1701 234 1768 Christus.
265 1701 331 1768 Sed
344 1703 471 1768 estvita
492 1699 795 1778 aeterna,unieaad
812 1710 938 1783 patrem
951 1700 1047 1766 viaet
1097 1719 1269 1784 percussos
1288 1700 1407 1786 populo
1428 1701 1606 1779 invideant,
1629 1701 1730 1768 salvis
1753 1705 1851 1768 etiam
1877 1716 1912 1768 et
1939 1705 2077 1789 integris

70 1788 201 1855 veritas.
215 1787 354 1869 Quando
366 1788 446 1854 haee
456 1808 572 1870 parum
585 1786 688 1852 solida
699 1786 822 1865 vident,
829 1785 954 1851 addunt
960 1786 1048 1851 inter
1098 1786 1166 1852 suis
1188 1786 1360 1852 thesauris.

71 1871 919 1956 tothaeresesquibusnuncorbisvexaturoontineri
929 1873 1046 1938 melius
1184 1873 1236 1938 De
1257 1872 1434 1956 interprete
1462 1873 1593 1956 parcius
1624 1872 1752 1957 loquor,
1781 1896 1822 1939 ne
1852 1874 1929 1957 quid
1956 1898 2076 1960 cogna-

70 1959 228 2044 populum
239 1958 421 2025 obedientia
444 1980 541 2041 quam
565 1957 721 2024 doctrina.
751 1957 818 2023 Sed
836 1967 1046 2042 tumquoque
1099 1957 1179 2022 tioni
1202 1979 1285 2042 quae
1306 1957 1354 2022 illi
1376 1978 1505 2024 meeum
1527 1957 1710 2036 intercedit,
1733 1971 1792 2024 aut
1812 1962 1917 2025 veteri
1946 1971 2087 2027 nostrae·

69 2045 241 2111 fervebant
262 2045 452 2112 haeresibus
474 2045 592 2122 omnia,
615 2065 715 2126 quum
736 2043 761 2108 ii
783 2064 862 2127 quos
884 2043 990 2123 retuli,
1013 2052 1047 2108 et
1095 2043 1311 2111 familiaritati
1339 2043 1417 2109 da're
1439 2043 1561 2110 videar.
1611 2045 1728 2111 Dicam
1762 2057 1871 2112 tamen
1904 2045 2005 2131 (quod
2043 2054 2078 2113 et

70 2130 327 2216 Ohrysostomus
349 2141 382 2196 et
403 2130 619 2214 Augustinus,
642 2150 717 2195 suos
738 2128 779 2194 ad
802 2127 946 2195 studium
973 2149 1046 2195 coe·
1096 2131 1165 2212 ipse
1188 2151 1261 2196 mea
1283 2129 1346 2195 fide
1367 2129 1512 2213 polliceri
1534 2131 1648 2208 ausim,
1667 2152 1727 2196 noc
1749 2130 1833 2197 livor
1855 2132 1924 2214 ipse
1941 2132 2076 2198 infitiari
2159 2128 2160 2133 ’

70 2216 161 2282 lestis
193 2217 359 2282 doetrinae
399 2217 518 2282 aeriter
554 2213 775 2280 stimulabant.
825 2215 950 2298 Nempe
989 2215 1046 2280 tali
1096 2216 1213 2299 possit)
1234 2214 1401 2281 hominem
1423 2238 1483 2283 nee
1501 2217 1633 2301 ingenio
1652 2216 1791 2295 tardum,
1810 2217 2077 2300 neeeruditionis

68 2323 126 2368 eos
147 2302 324 2387 pharmaco
345 2301 503 2367 adversus
524 2301 675 2365 haereses
697 2300 898 2379 muniebant,
926 2300 1046 2367 talibus
1095 2301 1241 2383 inopem,
1271 2309 1432 2386 quantum
1457 2301 1618 2368 industris
1637 2301 1745 2367 studio
1773 2303 1945 2369 sedulitate
1973 2302 2078 2369 adniti

69 2389 171 2454 armis
192 2387 408 2453 instruebant.
452 2387 624 2452 Postremo
651 2387 770 2451 misere
799 2385 969 2470 deplorant
991 2409 1045 2452 su·
1097 2387 1211 2469 potuit,
1235 2408 1365 2452 summa
1385 2386 1449 2453 fide
1470 2387 1506 2452 in
1528 2387 1590 2454 hoc
1611 2386 1849 2470 interpretandi
1873 2389 1980 2456 officio
2004 2410 2077 2455 ver·

67 2475 199 2558 perbire
217 2492 254 2538 ac
275 2473 409 2539 ferocire
431 2472 559 2558 vulgus,
572 2472 683 2537 statim
705 2479 802 2556 atque
830 2485 963 2557 gustum
986 2472 1045 2537 ali·
1097 2481 1205 2538 satum
1230 2494 1309 2538 esso.
1359 2471 1474 2557 Neque
1505 2481 1615 2539 tamen
1649 2473 1809 2556 quaedam
1845 2497 1916 2541 osso
1952 2474 2076 2554 dubito,

65 2581 165 2644 quem
188 2579 354 2625 sacrarum
374 2559 543 2624 literarum
561 2557 716 2641 concepit.
749 2556 1046 2643 Superbiroautem
1096 2579 1179 2641 quae
1202 2559 1253 2623 vel
1276 2578 1335 2641 pro
1357 2558 1554 2625 iudiciorum
1568 2560 1738 2640 varietate,
1762 2560 1814 2625 vel
1835 2563 1911 2644 quia
1922 2581 2020 2645 opere
2041 2561 2077 2626 in

68 2653 203 2723 vocant,
233 2667 300 2710 non
326 2667 369 2710 ex
391 2666 449 2710 suo
473 2666 528 2709 ore
550 2643 706 2727 pendere,
738 2664 776 2709 ae
794 2640 871 2709 ¹non
889 2643 981 2727 quasi
1003 2664 1044 2708 ex
1097 2642 1196 2728 longo
1217 2643 1382 2709 interdum
1405 2665 1540 2710 somnus
1561 2645 1686 2729 irrepit,
1709 2668 1776 2710 non
1798 2645 1947 2712 omnibus
1975 2646 2077 2730 placi-

67 2731 197 2815 tripode
213 2732 394 2815 profectum
416 2728 560 2808 adorare,
572 2728 727 2813 quidquid
740 2728 792 2795 vel
810 2751 869 2814 per
881 2731 1045 2794 somnium
1098 2737 1173 2794 tura
1201 2731 1276 2796 sint.
1320 2729 1447 2796 Verum
1477 2731 1614 2796 lectores
1643 2731 1770 2808 hortor,
1801 2743 1839 2797 ut
1865 2734 1892 2797 si
1921 2753 1985 2815 qua
2006 2734 2077 2798 eius

61 2816 293 2902 cogitaverint.
338 2816 426 2881 Hinc
446 2815 524 2881 hinc
546 2814 623 2880 illae
644 2814 818 2900 lacrymae.
864 2813 920 2881 Sic
942 2837 1045 2898 quon·
1097 2815 1226 2899 generis
1245 2823 1427 2896 occurrant,
1449 2837 1492 2881 ne
1514 2817 1679 2881 hominem
1692 2815 1731 2881 de
1751 2818 1852 2883 saeris
1873 2817 1977 2883 literis
1995 2819 2078 2883 bene

60 2904 145 2969 dam
166 2903 335 2968 Romanus
357 2902 510 2967 Pontifex
532 2908 565 2966 et
588 2900 761 2967 sacrificuli
784 2901 840 2966 vix
864 2922 981 2966 manus
1004 2904 1044 2967 ab
1096 2901 1253 2965 meritum
1278 2901 1442 2980 mordere,
1475 2900 1681 2986 proscindere
1709 2910 1743 2966 et
1768 2903 1923 2969 insectari
1950 2903 2077 2985 malint,

62 2989 124 3055 illo
156 2988 404 3066 continuerunt,
446 2987 501 3070 qui
532 2987 632 3052 fastos
669 2987 787 3070 populo
820 2986 1044 3084 descripserat,
1097 3008 1194 3071 quam
1227 2986 1373 3052 modeste
1406 2986 1457 3053 sui
1487 2986 1598 3070 lapsus
1631 2987 1814 3053 admonere.
1864 2988 1956 3055 Haeo
1984 2990 2077 3074 inge·
2196 3024 2198 3027 ·

55 3094 207 3159 quorum
229 3094 330 3157 penes
352 3093 387 3139 se
408 3094 479 3138 esse
500 3070 671 3137 arbitrium
688 3071 850 3137 volebant
885 3072 937 3137 Ad
959 3073 1046 3138 hunc
1097 3071 1207 3138 nuitas
1229 3082 1262 3138 et
1283 3072 1683 3156 christianampietatem,
1707 3081 1740 3138 et
1761 3074 1928 3139 liberalem
1957 3072 2077 3140 doctri-

59 3158 201 3226 modum
224 3160 287 3234 isti,
310 3179 412 3242 quum
431 3158 537 3223 fumos
560 3179 634 3223 suos
653 3158 716 3222 nisi
737 3159 773 3222 in
794 3157 937 3225 tenebris
966 3181 1045 3224 ven·
1098 3180 1175 3223 nam
1197 3157 1304 3224 decet:
1328 3180 1387 3225 nee
1409 3159 1585 3242 pessimam
1607 3159 1748 3242 gratiam
1770 3180 1791 3224 a
1810 3160 1954 3225 Roberto
1966 3171 2076 3226 nostro

59 3246 145 3312 dere
190 3245 288 3329 opulo
310 3251 494 3327 nequeunt,
524 3243 606 3308 nihil
629 3243 750 3308 mirum
774 3243 803 3307 si
827 3244 912 3310 hanc
938 3244 1045 3311 lucem
1098 3244 1250 3322 referent,
1268 3245 1323 3328 qui
1334 3244 1448 3308 multis
1462 3243 1535 3309 aliis
1551 3242 1681 3311 dotibus
1700 3246 1839 3310 eximius
1858 3245 2017 3311 modestia
2028 3259 2077 3311 ta·

56 3267 199 3398 aecenhi
224 3353 291 3396 non
312 3331 509 3395 sustineant:
531 3330 672 3412 pessime
691 3350 768 3394 vero
790 3330 851 3396 hoc
870 3351 924 3395 eos
937 3331 1044 3409 habet,
1098 3351 1173 3396 men
1184 3351 1219 3396 se
1236 3330 1344 3414 ipsum
1366 3329 1482 3396 vineit:
1505 3329 1534 3394 si
1545 3339 1656 3394 tamen
1671 3352 1710 3396 ea
1721 3342 1772 3396 est
1785 3329 1942 3397 modestia
1956 3353 1994 3396 ae
2008 3353 2076 3397 non

59 3437 190 3483 areana
217 3437 276 3481 sua
303 3415 422 3498 quibus
454 3415 527 3498 plus
560 3416 645 3481 inest
671 3415 914 3495 obscoenitatis,
947 3437 1045 3499 quam
1118 3416 1202 3481 otius
1217 3415 1417 3481 immodicus
1427 3414 1540 3498 pudor,
1563 3437 1625 3499 quo
1637 3438 1741 3500 paene
1752 3416 1792 3482 ab
1805 3416 1866 3484 hoe
1881 3426 1950 3482 tam
1962 3427 2075 3483 sancto

61 3510 126 3568 aut
150 3501 224 3567 ullis
244 3501 357 3567 Bonae
379 3500 471 3566 Deae
498 3501 615 3580 saeris,
644 3511 701 3567 aut
733 3501 815 3585 ipsis
839 3500 938 3567 etiam
960 3501 1045 3568 Bae·
1096 3438 1207 3567 labore
1229 3501 1434 3584 suscipiendo
1466 3502 1648 3567 abstractus
1681 3515 1746 3581 est,
1779 3504 1842 3568 nisi
1876 3504 2008 3568 hortatu
2039 3524 2077 3569 ao

61 3587 275 3666 ehanalibus,
304 3587 351 3653 sie
378 3587 486 3670 palam
515 3588 620 3671 retegi
648 3607 685 3652 ac
714 3585 848 3654 traduci
894 3587 960 3652 Alii
990 3586 1046 3671 qui
1100 3588 1200 3652 etiam
1222 3588 1422 3671 flagitatione
1444 3609 1505 3653 sua
1530 3587 1652 3652 vietum
1681 3590 1784 3653 saneti
1808 3589 1870 3652 viri
1898 3589 2077 3673 invictique

65 3674 166 3758 paulo
199 3673 315 3740 volunt
332 3672 450 3754 videri
481 3674 664 3755 aequiores,
697 3682 882 3750 causantur,
915 3681 1046 3738 tantum
1097 3672 1191 3739 verbi
1212 3682 1313 3738 testes
1332 3672 1533 3739 Ohusemeth
1546 3681 1580 3736 et
1591 3672 1761 3739 Chlorotes
1775 3677 1798 3758 ¹)
1810 3673 1940 3740 tandem
1959 3696 2077 3741 manus

65 3759 197 3845 vulgari
219 3781 280 3824 usu
302 3767 489 3825 contentam
511 3758 627 3825 dobere
649 3779 721 3824 esso
742 3759 960 3843 promiscuam
978 3759 1046 3842 pie·
1098 3758 1176 3824 darn
1204 3760 1393 3844 coegissent
1438 3757 1505 3839 Qui
1534 3780 1612 3824 vero
1632 3759 1733 3829 ‚nulla
1749 3760 1874 3824 ratione
1895 3760 1936 3826 ab
1957 3760 2077 3844 impro-

67 3846 160 3911 bem:
188 3844 249 3911 has
271 3844 437 3911 versiones
459 3865 541 3927 quae
569 3866 637 3909 non
668 3842 762 3910 modo
789 3844 831 3909 ad
858 3843 1046 3943 linguarum
1098 3845 1198 3910 bitate
1219 3845 1351 3929 linguae
1373 3843 1517 3910 cohiberi
1538 3856 1683 3928 possunt,
1707 3845 2077 3912 iimeminerinttacilii-

67 3932 250 4008 veritatem,
268 3928 325 3996 sed
342 3931 446 4014 ipsam
461 3928 614 4011 loquendi
625 3931 856 4013 proprietatem
866 3939 1047 4014 exiguntur
1098 3951 1187 3995 mam
1219 3952 1290 3996 esse
1320 3929 1534 3996 maledicendi
1566 3944 1685 4008 artem,
1719 3931 1746 3995 si
1780 3931 1851 4014 quis
1883 3953 1922 3996 ea
1954 3943 2078 3998 certare

67 4018 103 4081 in
135 4015 339 4081 eruditorum
367 4013 570 4081 bibliothecis
598 4024 746 4100 oportere
777 4017 883 4100 magis
912 4016 1045 4094 versari,
1098 4015 1189 4082 velit:
1213 4024 1247 4082 et
1266 4037 1364 4099 quam
1385 4015 1597 4083 mulierculae
1619 4014 1655 4078 in
1678 4015 1784 4081 triviis
1807 4016 1924 4083 melius
1943 4038 2075 4083 exerce·

66 4123 168 4186 quam
194 4101 326 4167 ‘rudium
352 4102 504 4168 manibus
536 4102 658 4186 passim
687 4102 791 4167 volvi:
824 4123 976 4185 quorum,
1010 4110 1047 4166 ut
1098 4112 1164 4180 aut,
1186 4123 1283 4185 quam
1305 4102 1340 4166 in
1367 4101 1488 4167 scholis
1514 4102 1670 4167 rhetores.
1714 4102 1829 4185 Neque
1856 4124 1935 4169 vero
1965 4101 2075 4169 (lomi-

65 4189 169 4267 aiunt,
192 4186 367 4252 admodum
388 4188 484 4271 pauci
506 4196 592 4266 sunt,
621 4188 678 4271 qui
703 4187 824 4271 aliquid
851 4186 928 4253 inde
956 4209 1044 4253 asse·
1098 4209 1174 4254 cum
1194 4186 1276 4252 illud
1297 4187 1421 4267 minor,
1447 4186 1533 4252 male
1561 4188 1703 4252 vicissim
1732 4187 1901 4255 audituros
1928 4210 1988 4272 pro
2014 4210 2076 4253 sua

68 4283 228 4358 quantur,
256 4293 354 4357 quam
383 4272 517 4357 plurimi
545 4295 623 4339 vero
654 4274 800 4338 novitate
828 4272 1045 4339 offendantur.
1098 4273 1333 4340 maledicentia
1366 4271 1501 4338 Habent
1517 4272 1684 4337 hominem
1705 4295 1801 4356 quem
1824 4275 1956 4357 impune
1973 4273 2075 4339 leces-

67 4359 115 4424 Hi
137 4359 216 4443 quid
245 4366 393 4442 spectent
424 4379 490 4422 non
517 4357 610 4425 video
641 4359 704 4424 nisi
734 4357 818 4443 quod
846 4359 904 4424 soli
933 4379 1047 4442 sapere
1098 4368 1183 4438 sant,
1206 4367 1364 4444 quantum
1386 4356 1428 4423 ad
1450 4358 1657 4443 procacitatis
1679 4360 1766 4426 vices
1788 4361 1914 4425 attinet
1948 4357 2014 4424 Sed
2034 4381 2075 4424 ne

67 4444 193 4511 volunt.
236 4443 347 4525 Quum
370 4445 457 4509 enim
478 4456 602 4530 negant
623 4466 722 4509 usum
744 4466 814 4511 esse
834 4444 975 4528 aliquem
985 4466 1047 4529 pu·
1098 4465 1253 4530 magnam
1275 4444 1459 4510 virulentae
1480 4443 1579 4510 huius
1599 4444 1772 4510 facundiae
1793 4444 1923 4510 laudem
1941 4466 2075 4527 exspec-

67 4531 165 4597 rioris
187 4530 474 4613 interpretationis,
496 4552 595 4615 quam
613 4551 696 4615 quae
717 4552 807 4596 nunc
829 4529 971 4596 habetur
999 4537 1047 4597 tot
1098 4538 1177 4612 tent,
1198 4552 1324 4597 moneo.
1368 4532 1451 4597 Tam
1473 4552 1589 4596 verum
1606 4542 1655 4596 est
1674 4531 1755 4597 illud
1777 4551 1874 4614 quam
1893 4529 2073 4613 vulgatum,

65 4616 147 4684 locis
169 4615 448 4700 depravatissima,
460 4617 495 4681 in
505 4618 655 4700 spiritum
666 4626 814 4683 sanctum
825 4638 891 4681 non
910 4617 1046 4683 obscure
1097 4617 1243 4683 cavillari
1264 4617 1375 4682 omnia
1396 4625 1585 4700 promptum
1607 4637 1687 4696 esse,
1708 4616 1766 4683 sed
1787 4638 1853 4681 non
1872 4616 1949 4678 item
1963 4636 2075 4679 aemu-

66 4710 147 4770 sunt
184 4701 427 4769 contumeliosi:
465 4703 557 4769 cuius
595 4701 716 4768 donum
748 4722 819 4767 esse
856 4700 1046 4786 linguarum
1093 4701 1164 4767 lari.
1208 4701 1334 4769 Valote.

66 4788 371 4873 interpretationem
402 4787 545 4853 affirmat
575 4787 716 4868 Paulus,
753 4802 787 4852 ct
817 4788 853 4852 in
892 4786 1046 4854 ecclesiae

67 4873 329 4941 aedifiemmem
357 4874 502 4973 conform·
529 4874 681 4959 postulat.
726 4873 764 4940 Si
791 4873 913 4940 donum
937 4873 1045 4957 ipsum

67 4969 245 5062 ⁸P⁰²¹J¹¹¹¹tr
278 4958 453 5060 scofflegh'
477 4981 509 5059 ⁸¹.
533 4960 691 5062 supprimi
722 4960 839 5060 volunt
864 4980 905 5024 ¹¹⁰
932 4958 1046 5024 multis
1164 4992 1193 5057 ι)
1214 4991 1271 5049 aa
1288 4993 1332 5048 ιιι
1348 4994 1502 5050 meon
1521 4995 1660 5050 aaran
1679 4999 1704 5046 a
1727 4991 1848 5045 veen·
1871 4991 1954 5045 ιιοιι
1976 5001 2000 5044 c
2022 4966 2075 5060 po

63 5054 203 5125 serviat,
226 5045 330 5111 rnvrdr
354 5053 387 5110 et
406 5066 520 5129 rnrqur.
564 5045 751 5135 Novitatem
781 5044 913 5130 quidem
940 5045 1045 5110 fateor
1082 5073 1124 5146 ¹se
1137 5066 1213 5130 pares
1229 5068 1256 5117 et
1270 5062 1434 5119 additas
1449 5072 1497 5118 ast.

1101 4877 1264 4886 -.--.....----»ἶ
1269 4878 1294 4884 m.

859 5220 987 5229 ...u—...p-

1816 5246 1867 5302 ωδ
