4620 5828
219 251 280 334 soa
906 247 969 313 ou
992 238 1537 314 vuanrnameffnmouu
2163 246 2224 310 eoi

224 458 370 504 asserere
388 436 514 503 Christi
535 456 651 519 eorpus
673 434 714 501 ab
735 432 846 518 impiis
867 432 1002 509 comedi,
1025 454 1124 517 quam
1141 433 1197 499 fri-
1249 433 1486 535 quaosnbterfu
1514 435 1553 513 'a,
1568 433 1855 518 quasfraudes'vel
1867 433 2032 516 captiones
2044 438 2224 500 antversu·

246 521 297 588 ‘de
319 521 494 590 cavilletur
515 521 716 596 Hashusius,
746 541 788 584 ex
815 519 966 604 pluribus
992 519 1072 585 locis
1098 528 1197 604 patet.
1250 530 1314 586 tras
1335 521 1480 586 ostendit
1534 518 1660 587 Omitto
1672 541 1806 606 graecas
1826 540 1932 598 voces,
1970 540 2031 584 uas
2048 539 2090 583 ne
2112 518 2225 602 perde·

252 607 383 683 rimam,
403 609 563 672 virtutem
581 606 775 672 sacramenti
797 606 934 689 opponit
950 603 1074 671 visibili
1091 625 1198 670 sacra-
1251 614 1310 686 ret,
1334 606 1497 673 adiectiva
1541 621 1587 670 ro‘
1607 605 1820 673 substantivis
1841 541 1992 690 ponendo
2013 624 2109 670 suam
2129 605 2225 670 insei-

222 700 348 759 mento:
382 692 545 758 antitheta
576 693 654 758 facit
686 690 885 758 manducare
917 692 1006 757 intus
1039 697 1072 756 et
1102 691 1196 757 foris:
1250 693 1329 757 tiam
1351 691 1468 775 prodit.
1536 700 1644 757 atetur
1664 713 1718 757 me
1739 693 1873 758 reiicere
1893 690 2103 774 metaphoras
2124 696 2159 756 et
2179 690 2225 755 al-

222 779 420 845 manducare
443 777 540 844 cordo
562 788 595 843 et
616 799 766 860 premere
788 775 948 843 dontibus.
994 774 1032 842 si
1055 798 1119 860 qua
1147 798 1198 844 es·
1250 778 1398 862 legorias,
1422 787 1456 844 et
1476 777 1518 843 ad
1536 789 1644 844 meton
1670 779 1771 867 miam
1789 777 1972 843 decurrere.
2004 775 2098 842 Nihil
2120 775 2225 843 adhuc

222 875 273 930 set
299 864 472 931 invisibilis
498 863 706 929 manducatio
737 865 881 947 corporis
909 884 929 928 a
954 863 1117 947 spirituali
1149 861 1197 928 di·
1250 865 1432 948 captiosum
1455 865 1586 947 profert.
1637 800 1729 929 binis
1755 860 1912 937 seeundo,
1939 882 1959 926 a
1987 878 2047 927 me
2062 861 2226 946 repudiari

223 969 336 1030 versu,
369 947 568 1015 trimembris
626 948 753 1014 onenda
786 958 858 1036 erat
890 948 1043 1014 definitio.
1092 948 1197 1013 Paulo
1250 972 1361 1014 eorum
1391 949 1604 1028 sententiam,
1638 950 1694 1032 qui
1721 950 1889 1015 affirmant
1914 949 2083 1015 comedere
2110 968 2225 1031 corpus

222 1046 296 1120 post
322 1034 502 1101 antithesin
531 971 669 1100 eandbm
695 1035 830 1119 repetit:
846 1026 870 1119 ¹)
902 1034 969 1117 Qui
998 1055 1064 1099 non
1087 1031 1199 1099 manet
1250 1035 1374 1101 Christi
1397 1035 1481 1100 nihil
1503 1055 1575 1101 esse
1598 1035 1686 1100 aliud
1707 1056 1807 1119 quam
1824 1032 1889 1099 fide
1910 1034 2062 1118 amplecti
2084 1035 2155 1099 eius
2172 1034 2225 1101 bs·

223 1123 257 1187 in
280 1121 427 1200 Christo,
457 1130 491 1186 et
517 1122 553 1186 in
580 1142 644 1204 quo
666 1140 733 1186 non
754 1127 867 1185 manet
887 1118 1057 1197 Christus,
1085 1119 1198 1203 procul
1250 1120 1377 1187 neficia.
1421 1121 1513 1186 Haec
1535 1141 1661 1204 quoque
1683 1120 1848 1186 distinctio
1868 1120 2005 1185 minime
2022 1119 2151 1185 fumum
2168 1139 2225 1203 pro

224 1206 320 1274 dubio
342 1207 556 1290 spiritualiter
585 1226 652 1271 non
674 1205 851 1272 manducat
871 1220 1009 1273 carnem
1026 1205 1111 1285 eius,
1138 1227 1198 1272 nec
1249 1206 1323 1273 luce
1352 1206 1462 1286 affert,
1490 1205 1548 1272 sed
1578 1229 1647 1272 rem
1669 1216 1744 1292 apte
1766 1216 1800 1272 et
1821 1206 2046 1290 significanter
2073 1205 2224 1289 explicat

224 1293 307 1359 bibit
328 1294 399 1358 eius
422 1295 631 1377 sanguinem:
665 1291 743 1358 licet
772 1291 949 1358 carnaliter
970 1299 1004 1357 et
1024 1292 1199 1358 visibiliter
1251 1292 1348 1375 Quod
1360 1293 1486 1359 Christi
1504 1305 1636 1358 carnem
1654 1290 1870 1376 spiritualiter
1886 1289 1983 1357 edere
2000 1290 2084 1356 mihi
2106 1289 2226 1376 aliquid

224 1388 351 1462 premat
373 1380 526 1444 dentibus
548 1393 788 1445 sacramentum
810 1378 963 1462 corporis.
998 1375 1036 1444 Si
1059 1378 1198 1458 placuis·
1250 1380 1356 1444 maius
1377 1389 1428 1445 est
1448 1400 1486 1445 ac
1508 1380 1728 1462 praestantius
1746 1398 1844 1461 quam
1866 1375 2007 1457 credere,
2028 1377 2226 1446 chimaeram

225 1474 276 1530 set
296 1466 484 1548 Augustino
501 1464 661 1530 Hashusii
683 1472 914 1544 commentum,
938 1463 1111 1530 dicendum
1129 1465 1199 1529 fue·
1250 1475 1374 1530 vocat
1417 1461 1507 1546 Quid
1540 1472 1610 1529 tam
1642 1465 1789 1547 improbo
1810 1463 1968 1530 'convicio
2000 1462 2225 1545 respondeam,

224 1558 290 1616 rat:
318 1551 414 1617 Licet
434 1551 644 1632 corporaliter
669 1548 745 1614 edat
765 1570 906 1615 earnem.
952 1548 1020 1615 Sed
1042 1550 1198 1614 nimirum
1250 1551 1314 1615 nisi
1337 1572 1412 1616 eum
1435 1570 1506 1615 esse
1527 1558 1636 1615 mente
1659 1556 1806 1633 captum,
1835 1548 1964 1632 quando
1983 1571 2018 1614 se
2039 1549 2113 1632 ipse
2134 1551 2171 1614 in
2191 1571 2226 1615 re

226 1636 344 1719 ubique
364 1636 425 1702 sibi
448 1641 522 1717 [pag.
535 1638 589 1715 ta]
612 1635 859 1718 consentitpins
882 1634 1008 1701 doctor:
1032 1631 1198 1701 ncc'aliud
1251 1646 1317 1700 tam
1340 1636 1438 1719 plana
1464 1646 1497 1700 et
1524 1636 1631 1701 soluta
1657 1657 1724 1700 non
1750 1633 1914 1718 explicat?
1966 1635 2052 1699 Nam
2082 1636 2171 1719 quod
2191 1638 2225 1700 in

225 1723 327 1787 tradit
348 1722 410 1788 hoc
432 1722 503 1787 loco
531 1742 628 1804 quam
650 1730 776 1804 postea,
806 1720 917 1787 dicens
939 1721 1082 1804 reliquos
1104 1721 1198 1787 disoi·
1249 1722 1357 1787 locum
1379 1723 1486 1804 carnis
1508 1730 1542 1785 et
1563 1723 1733 1806 sanguinis
1760 1721 1915 1804 supponit
1935 1721 2089 1803 meritum
2113 1742 2152 1786 ao
2172 1721 2225 1788 he-

224 1807 317 1890 pulos
339 1829 455 1890 panem
478 1807 659 1872 Dominum
680 1806 875 1887 comedisse,
902 1807 1020 1872 Iudam
1043 1829 1120 1873 vcro
1142 1828 1198 1890 pa·
1250 1808 1420 1886 aeficium,
1449 1817 1482 1872 et
1509 1806 1605 1890 paulo
1633 1820 1706 1891 post
1735 1804 1826 1871 addit
1847 1827 1900 1871 me
1919 1828 1985 1872 non
2007 1807 2106 1873 aliam
2129 1827 2226 1890 quam

225 1915 300 1958 nem
319 1895 452 1959 Domini
476 1905 591 1959 eontra
608 1891 834 1978 Dominum.²)
878 1890 972 1958 Idem
992 1902 1026 1958 et
1047 1893 1111 1959 alio
1129 1894 1199 1959 loco
1249 1892 1380 1959 deitatis
1402 1894 1618 1976 praesentiam
1645 1893 1682 1957 in
1703 1914 1804 1958 coena
1826 1893 1930 1970 fateri,
1959 1913 2013 1957 me
2034 1901 2165 1959 tacente
2185 1893 2224 1958 li·

223 1978 324 2062 probe
346 1982 526 2057 confirmat,
550 2000 665 2044 rursus
683 1999 849 2062 opponens
866 1979 952 2043 inter
974 2000 1018 2055 so,
1041 1989 1198 2062 tanquam
1249 1979 1301 2044 bri
1328 1980 1403 2044 mci'
1422 1979 1604 2044 calumniae
1633 1978 1873 2062 impudentiam
1899 1987 2094 2067 coarguunt
2140 1978 2225 2044 Nam

224 2067 396 2142 contraria,
420 2075 623 2131 sacramento
646 2076 750 2141 tenus,
769 2082 855 2130 ecre
876 2086 957 2129 vera
978 2064 1105 2130 Christi
1127 2085 1198 2129 oar·
1250 2072 1288 2130 u't
1309 2064 1568 2148 alios‘plurimos
1590 2065 1676 2129 locos
1698 2065 1862 2143 omittam,
1890 2071 2062 2147 postquam
2090 2063 2132 2130 de
2159 2073 2228 2131 tote

224 2173 301 2215 nem
322 2151 501 2216 comodere.
536 2148 633 2218 Unde
655 2151 802 2232 sequitur
825 2171 860 2215 re
883 2172 962 2217 vera
984 2172 1051 2215 non
1073 2149 1198 2216 comedi
1250 2151 1407 2235 mysterio
1428 2150 1634 2216 familiariter
1655 2150 1688 2214 in
1713 2149 1922 2216 Catachismo
1946 2147 2094 2229 disserui,
2118 2152 2225 2235 sequi·

223 2237 263 2302 ab
284 2237 401 2319 impiis.
445 2238 596 2320 Denique
626 2235 703 2318 quid
731 2234 897 2321 intelligat
923 2236 984 2302 hac
1011 2257 1106 2315 voce,
1135 2234 1196 2301 Sa-
1249 2247 1305 2300 tnr
1336 2235 1469 2300 tandem
1499 2236 1654 2302 clausula
1709 2236 1736 2302 Ι.
1752 2239 1775 2312 ¹)
1809 2234 1965 2301 Solamne
1998 2257 2112 2301 eorum
2144 2258 2226 2320 quae

223 2332 391 2388 eramento
420 2332 544 2398 tenus,
568 2321 698 2404 plenius
724 2318 881 2398 ostendit,
918 2321 976 2387 ubi
1003 2323 1198 2405 pronunciat
1250 2322 1361 2387 dixisti
1372 2321 1603 2388 beneficiorum
1615 2321 1884 2406 significationem
1895 2320 2054 2388 hahemus
2065 2323 2102 2386 in
2116 2343 2226 2401 coena,

223 2406 325 2473 bonos
345 2418 378 2472 et
399 2408 503 2474 malos
525 2405 700 2491 signaculis
718 2408 967 2491 communicare.
977 2412 1006 2492 ⁸)
1037 2408 1084 2472 Et
1105 2408 1197 2479 alibi:
1250 2429 1292 2473 an
1314 2407 1381 2474 illio
1403 2407 1539 2492 reipsa
1555 2407 1653 2489 ,nobis
1680 2406 1900 2474 exhihentur?
1945 2409 1986 2490 R.
2020 2406 2134 2489 Quum
2157 2409 2228 2474 Do·

224 2492 318 2560 'lunc
341 2494 408 2557 vita
429 2493 603 2576 unicuique
626 2493 688 2557 erit
710 2514 827 2575 corpus
849 2500 883 2558 et
905 2495 1038 2577 sanguis
1060 2493 1197 2573 Christi,
1250 2494 1360 2559 minus
1382 2502 1493 2559 noster
1515 2493 1668 2559 Christus
1693 2495 1765 2577 ipsa
1787 2495 1830 2558 sit
1851 2492 1983 2571 veritas,
2006 2493 2144 2559 minime
2167 2493 2228 2558 dn-

223 2579 359 2662 siquod
386 2580 419 2643 in
447 2587 651 2644 sacramento
680 2577 854 2644 visibiliter
880 2579 1038 2660 sumitur,
1066 2580 1100 2645 in
1127 2580 1199 2664 ipsa
1249 2580 1340 2645 bium
1362 2580 1504 2664 estquin
1525 2579 1768 2662 promissiones,
1791 2580 1871 2661 quas
1894 2579 1951 2644 dat
1968 2578 2034 2646 illic
2057 2579 2164 2659 nobis,
2184 2581 2229 2646 si·

224 2665 362 2730 veritate
389 2664 600 2749 spiritualiter
627 2662 743 2729 edatur
769 2671 803 2729 ct
828 2663 967 2730 bibatur.
976 2667 1006 2750 ⁴)
1050 2664 1089 2731 Si
1111 2667 1198 2731 exci-
1250 2666 1319 2730 mul
1340 2667 1439 2731 etiam
1460 2665 1604 2748 impleat,
1627 2673 1661 2730 et
1680 2666 1796 2750 figuris
1806 2686 1902 2729 suam
1921 2664 2021 2730 addat
2042 2667 2227 2732 veritatem

224 2751 293 2833 piat
314 2750 515 2828 Hashusius,
544 2750 661 2833 impios
689 2750 904 2833 spiritualiter
925 2771 992 2815 non
1015 2750 1197 2818 comedere:
1250 2750 1472 2833 Quamobrem
1494 2773 1559 2816 non
1582 2750 1694 2816 dubito
1718 2752 1796 2835 quin
1817 2750 1913 2816 sicuti
1928 2749 2040 2817 verbis
2061 2772 2100 2818 ao
2121 2753 2230 2838 signis

224 2856 344 2919 quaero
365 2834 442 2919 quid
464 2837 650 2919 Augustino
672 2835 836 2920 significet
858 2837 987 2912 veritas,
1010 2839 1104 2903 euius
1125 2858 1199 2922 pnr-
1250 2845 1404 2919 testatur,
1430 2837 1478 2902 ita
1506 2838 1605 2902 etiam
1633 2857 1710 2902 snae
1739 2857 1798 2902 nos
1825 2835 2027 2903 substantiae
2049 2838 2231 2922 participes

224 2921 339 3006 ticipes
356 2921 433 2988 facit
443 2922 528 2987 solos
537 2921 656 2988 fideles.
689 2920 744 2987 Ad
761 2921 852 2999 haec,
875 2924 903 2987 si
921 2920 1026 2988 sensit
1039 2925 1198 3008 Augusti·
1249 2924 1363 3001 faciat,
1399 2943 1462 3006 quo
1490 2923 1525 2988 in
1559 2943 1660 2988 unam
1690 2943 1767 2988 cum
1802 2942 1840 2986 eo
1867 2921 1970 2989 vitam
1995 2922 2229 2991 ooalescamus.

224 3029 289 3073 nus
299 3008 556 3074 substantialiter
566 3008 606 3073 ab
617 3007 726 3091 impiis
736 3007 860 3073 comedi
868 3007 992 3074 Christi
1003 3030 1129 3093 corpus,
1140 3032 1198 3075 no·
1249 3007 1276 3074 I.
1299 3009 1425 3074 Verum
1448 3009 1505 3092 qui
1528 3009 1588 3075 hoc
1609 3008 1680 3073 fieri
1702 3016 1826 3092 potest,
1855 3028 1956 3092 quum
1981 3008 2016 3073 in
2039 3009 2129 3074 coelo
2153 3013 2232 3089 [pag.

224 3093 460 3160 bisvisibilere
484 3093 663 3158 raesentari
684 3100 820 3177 oportet,
842 3093 972 3177 quando
993 3095 1037 3159 im
1062 3095 1104 3161 iis
1119 3117 1198 3161 nus·
1252 3100 1307 3175 71]
1330 3095 1373 3159 sit
1392 3092 1516 3160 Christi
1545 3115 1677 3179 eorpus,
1706 3116 1765 3159 nos
1794 3102 1906 3159 autem
1933 3095 1969 3158 in
1998 3102 2086 3160 tarra
2117 3095 2232 3162 adhuc

223 3201 321 3264 quam
344 3179 409 3245 alia
419 3115 576 3245 tribuitur
586 3200 683 3262 qnam
704 3178 843 3245 visibilis
864 3180 1015 3264 sumptio.
1039 3116 1199 3332 biffiluris
1249 3180 1518 3265 peregrinemur?
1561 3181 1603 3245 R.
1636 3179 1866 3245 Hoc'mirifica
1888 3198 2069 3263 arcanaque
2090 3182 2233 3264 spiritns

224 3275 274 3331 est
295 3286 362 3330 una
380 3265 558 3348 Augustini
582 3263 747 3332 sententia
762 3265 938 3346 Hashusio,
969 3286 1068 3350 quam
1108 3288 1197 3334 ocem
1250 3266 1303 3332 sui
1324 3266 1451 3333 virtute
1471 3266 1584 3332 efficit:
1607 3267 1659 3331 cui
1681 3263 1814 3332 difficile
1835 3285 1903 3329 non
1925 3274 1976 3331 est
1996 3267 2120 3332 meiere
2143 3288 2233 3351 quae

224 3351 362 3416 aliorum
374 3359 507 3435 patrum
530 3351 675 3434 prolixae
697 3353 878 3432 conciones,
900 3353 1067 3437 sicutipse
1088 3353 1197 3432 iactat,
1249 3352 1396 3418 locorum
1423 3351 1597 3419 intervallo
1623 3351 1743 3436 alioqui
1771 3357 1850 3417 sunt
1872 3348 2041 3418 disiuncta
2084 3351 2232 3418 Institu-

224 3436 297 3520 plus
321 3457 419 3520 quam
432 3437 575 3521 stipitem
590 3436 766 3520 essepneri
781 3458 908 3520 quoque
926 3437 1050 3518 vident,
1068 3438 1097 3505 si
1115 3438 1198 3504 nihil
1250 3438 1348 3503 tionis
1387 3457 1485 3521 porro
1516 3437 1596 3504 haec
1626 3437 1727 3503 verba
1754 3446 1845 3503 sunt:
1860 3438 1888 3517 2)
1926 3436 2003 3502 Non
2032 3439 2233 3506 satisfacere

224 3529 375 3588 movetur
397 3531 464 3587 tam
484 3522 670 3588 illustribus
690 3523 895 3589 testimoniis.
941 3524 987 3589 Et
1008 3535 1096 3591 certe
1118 3525 1197 3591 dum
1249 3522 1332 3587 mihi
1354 3543 1420 3603 eos,
1448 3522 1604 3606 quidum
1632 3523 1937 3588 communicationis
1959 3520 2093 3589 modum
2117 3534 2233 3591 osten-

225 3630 276 3673 me
294 3609 471 3692 confligere
493 3607 588 3675 video
610 3629 685 3675 cum
706 3616 773 3673 tam
795 3608 924 3693 impuro
946 3606 1068 3690 scurra,
1090 3609 1197 3696 indig·
1249 3607 1326 3675 dere
1346 3609 1471 3687 volunt,
1492 3630 1552 3676 nos
1573 3608 1692 3676 docent
1712 3609 1846 3692 spiritus
1864 3606 1990 3674 Christi
2008 3629 2082 3675 esse
2090 3611 2232 3697 partiei-

225 3693 337 3760 nitatis
358 3694 405 3758 ita
426 3695 532 3778 piget,
562 3705 599 3759 ut
625 3692 861 3778 propemodum
882 3693 1004 3777 pudeat
1029 3697 1064 3762 in
1088 3695 1197 3765 discu-
1248 3716 1315 3778 pes,
1337 3695 1514 3778 praeterita
1535 3695 1645 3761 carnis
1666 3704 1700 3760 et
1720 3695 1890 3780 sanguinis
1909 3695 2084 3760 mentione.
2122 3695 2232 3778 Quasi

225 3777 343 3844 tiendis
365 3781 434 3845 eius
456 3781 553 3866 nugis
575 3801 709 3863 operam
730 3800 930 3846 consumere.
1249 3781 1289 3846 de
1311 3779 1415 3845 nihilo
1436 3779 1560 3847 dictum
1581 3782 1679 3847 foret:
1702 3779 1788 3846 Caro
1804 3801 1878 3846 mea
1893 3798 1972 3846 vere
1989 3787 2040 3846 est
2061 3781 2171 3848 cibus:
2194 3792 2231 3849 et

309 3865 447 3930 Peracta
468 3865 530 3932 hao
551 3877 643 3950 parte
664 3860 793 3931 fabulae
812 3866 931 3931 iterum
953 3866 1118 3934 velitando
1140 3889 1197 3934 ex·
1249 3887 1332 3951 quae
1354 3875 1547 3950 sequuntur.
1596 3866 1732 3932 Prolira
1752 3866 1841 3932 enim
1862 3865 1960 3932 huius
1980 3867 2028 3931 rei
2049 3867 2232 3952 explicatio

224 3949 336 4027 currit,
358 3958 397 4015 ut
417 3971 476 4016 nos
499 3972 518 4016 a
538 3973 638 4018 causa
659 3950 838 4017 abstrahat.
886 3951 956 4020 Noe
984 3953 1121 4020 dubium
1148 3963 1198 4021 est
1250 3953 1398 4037 sequitur
1419 3952 1535 4017 etiam
1558 3963 1633 4018 ante
1656 3951 1700 4017 ali
1720 3951 1778 4017 uid
1800 3949 1924 4021 dictum
1944 3953 2061 4031 fuerat

224 4029 303 4119 quin
331 4033 408 4111 sibi,
444 4035 523 4101 dnm
549 4037 628 4105 hinc
659 4037 736 4103 inde
765 4036 900 4104 dicteria
928 4040 1021 4131 quasi
1047 4038 1197 4107 flosculos
1336 4038 1440 4104 Libro
1462 4045 1572 4105 autem
1595 3974 1738 4103 secundo
1757 4057 1825 4103 non
1847 4037 1983 4116 minore,
2004 4045 2043 4103 nt
2064 4039 2231 4118 existimo,

224 4119 348 4205 colligit
369 4119 411 4185 ad
428 4122 714 4203 seostentandum,
737 4122 889 4189 videatur
906 4123 1048 4193 disertus
1070 4126 1196 4192 rhetor:
1250 4124 1484 4209 perspicuitate
1505 4141 1603 4207 qnam
1635 4123 1806 4209 diligentia
1827 4121 1982 4190 Osiandri
2004 4134 2230 4191 commentum

223 4228 283 4292 ego
311 4215 423 4271 antem
455 4207 539 4272 mihi
571 4209 684 4275 audire
712 4208 824 4275 videor
853 4218 1036 4277 scrutorum
1065 4232 1198 4295 praeco·
1251 4210 1487 4277 refutaveram:
1510 4211 1603 4277 cuius
1624 4231 1677 4275 me
1688 4209 2034 4295 subscriptoremgesse
2056 4213 2227 4277 mentitur.

221 4314 308 4370 nem,
316 4291 346 4376 ὅ)
358 4290 439 4357 adeo
450 4292 566 4358 frivola
576 4303 626 4362 est
634 4295 824 4379 loquacitas.
856 4295 963 4365 Iactat
978 4299 1119 4381 possein
1139 4319 1198 4364 no-
1251 4296 1457 4380 Imaginatus
1479 4307 1530 4361 cst
1551 4293 1716 4362 Osiander
1741 4295 1882 4360 eonferri
1907 4296 2002 4361 nobis
2024 4295 2228 4363 iustitiama

222 4380 272 4446 his
295 4378 383 4444 cerni
405 4397 576 4461 expressas
607 4387 640 4446 st
667 4381 852 4467 singulares
880 4382 1117 4451 haereticorum
1139 4405 1198 4449 no-
1251 4381 1372 4448 deitate
1394 4380 1529 4448 Christi.
1582 4379 1724 4448 Ostendi
1751 4389 1874 4460 contra,
1903 4381 2046 4447 salutem
2067 4390 2105 4448 et
2125 4383 2226 4448 vitam

224 4474 290 4531 tas:
319 4466 396 4548 quia
424 4463 501 4529 dum
529 4485 670 4532 errorem
701 4472 775 4548 [pag.
795 4471 849 4548 70]
878 4469 963 4535 tueri
991 4479 1104 4555 aperte
1130 4491 1198 4536 non
1249 4467 1417 4553 aChristi
1445 4487 1543 4533 carno
1570 4466 1744 4550 petendam
1776 4488 1862 4545 esse,
1895 4468 1932 4531 in
1958 4488 2024 4550 qua
2055 4489 2093 4533 se
2118 4470 2226 4553 ipsum

223 4572 404 4635 possumus,
426 4551 575 4616 fuaemus
599 4572 672 4617 eum
695 4554 879 4638 praestigiis
901 4555 1096 4622 verborum.
1130 4554 1198 4621 Sed
1250 4553 1476 4633 sanctificavit,
1505 4560 1540 4619 et
1560 4552 1596 4618 in
1614 4573 1678 4638 qua
1698 4547 1897 4638 baptismum
1918 4562 1951 4618 st
1971 4572 2111 4620 coenam
2128 4552 2225 4620 'nobis

223 4637 279 4703 ubi
301 4636 433 4702 adrem
456 4643 591 4703 ventum
613 4646 678 4715 est,
706 4639 817 4722 quales
844 4641 966 4726 reperit
991 4641 1197 4727 praestigias,
1250 4648 1425 4708 consecrat
1470 4638 1624 4705 Alterum
1648 4659 1776 4723 quoque
1803 4639 1970 4710 somnium
1998 4639 2039 4705 de
2060 4638 2225 4707 essentiali

1249 4725 1375 4792 institia
1396 4745 1496 4810 qnam
1517 4723 1618 4812 probe
1640 4724 1849 4791 discusserim
1871 4724 1940 4790 illio'
1960 4726 2131 4809 appares·

292 4894 323 4961 1)
340 4894 470 4949 Tractatu
487 4895 514 4949 iu
532 4893 624 4952 Ioann.
641 4891 684 4947 26.
1027 4952 1031 4961 ‚
1099 4960 1111 4966 μ
1249 4918 1453 4928 -—--

291 4963 322 5027 2)
341 4963 471 5018 Tractatu
488 4965 515 5018 in
532 4963 625 5018 loann.
642 4960 685 5017 59.

291 5032 322 5092 a)
341 5032 441 5086 Contra
460 5032 588 5089 Faustum
601 5033 651 5114 lib.
669 5031 710 5100 1³,
728 5048 787 5112 cap.
805 5031 848 5089 16.
1098 5023 1104 5106 J
1319 5033 1348 5102 1)
1368 5031 1446 5116 Quas
1463 5032 1518 5113 ΙΙιίο
1545 5031 1674 5088 desim
1701 5032 1935 5155 Interrffictt'ones
1960 5039 1985 5089 ct
2013 5033 2220 5105 sapsam

292 5098 322 5163 4)
342 5099 436 5154 Sermo
454 5098 471 5152 2
488 5101 521 5156 de
534 5103 623 5157 verbra
641 5101 774 5172 Apostoli·
1249 5101 1599 5159 antecrescentem
1622 5101 1651 5155 Τ.
1675 5101 1725 5169 VI,
1738 5116 1768 5170 p.
1840 5141 1848 5154 .
2115 5118 2117 5123 ·

292 5166 322 5231 b)
341 5169 456 5236 quelque
474 5179 625 5240 regrattcur
634 5174 679 5241 qui
698 5173 760 5227 leuc
779 5186 810 5226 sa
821 5169 950 5238 frippsrie
960 5189 1029 5240 pour
1044 5173 1071 5227 la
1088 5173 1197 5229 vendre.
1317 5171 1348 5240 2)
1367 5171 1430 5226 Lib.
1449 5169 1467 5223 1
1473 5170 1503 5239 V,
1521 5186 1580 5240 cop.
1598 5169 1641 5237 17,
1659 5166 1682 5240 ς.
1703 5167 1728 5226 l.
1808 5174 1812 5181 '
