4776 5844
222 307 224 311 <
274 286 316 349 es
1032 277 1254 348 sneorvoa
1276 278 1515 348 barenste
2136 372 2139 380 Ι
2241 284 2281 346 ιι

273 469 449 538 lostadium
477 467 547 534 dixi
577 466 664 534 mele
691 467 944 552 interpretatum
973 465 1100 534 Obristi
1132 467 1249 534 verba:
1302 467 1415 534 fateor.
1461 466 1560 550 Quod
1580 468 1680 535 etiam
1701 468 1736 534 in
1758 468 1821 534 hae
1840 468 2065 534 oontroversia
2086 469 2200 553 quaeri
2225 489 2283 535 ne-

272 576 403 623 maeum
431 555 466 620 in
479 620 482 626 ,
496 575 534 620 eo
562 562 601 619 tu
628 553 802 620 eonsentis
855 551 947 634 Quid
969 572 1048 637 ergo
1069 554 1188 620 attinet
1209 574 1252 618 ex
1303 559 1361 638 gat
1381 552 1461 636 quid
1478 553 1533 621 hie
1554 553 1610 620 vel
1627 553 1683 619 ille
1703 555 1854 633 somniet,
1877 574 1940 619 nee
1960 553 2169 620 eonseientiis
2186 555 2283 620 satis·

272 640 509 726 repugnantia,
536 660 619 722 qnae
643 647 753 706 teeum
780 637 863 704 mihi
891 639 1074 705 eommunis
1095 647 1160 716 est,
1187 639 1251 706 eri·
1303 640 1375 704 fieri
1396 660 1458 723 per
1478 639 1650 705 hominum
1672 647 1867 718 oommenta,
1891 637 1995 705 donee
2016 647 2107 706 serta
2128 646 2164 704 et
2184 637 2284 706 indu-

272 748 351 793 men
372 724 520 812 fingere?
555 725 667 790 Tertio
688 725 758 791 looo
779 720 1005 791 venerandum
1026 725 1163 790 fratrem
1175 745 1251 790 nos·
1302 723 1358 789 bia
1379 731 1507 791 eonstet
1528 725 1660 806 veritas,
1683 725 1854 791 assentior.
1887 723 2120 806 Quodoertam
2138 725 2284 811 aliquam

272 823 362 878 trum
383 812 540 877 Ioannem
564 832 585 875 a
605 811 712 876 Laseo
733 810 874 894 impetit,
903 811 981 894 quia
1008 809 1095 875 dieat
1116 809 1251 875 demon-
1304 809 1528 876 definitionem
1551 812 1698 894 requirit,
1720 813 1757 875 in
1777 832 1843 895 qua
1853 811 2011 877 consistat
2031 810 2123 891 fides,
2145 832 2214 876 non
2231 833 2285 877 re-

273 897 412 966 strativo
439 897 631 981 pronomine
663 905 768 961 totam
795 897 956 964 astionem
984 896 1100 960 notari.
1146 894 1252 975 Quasi
1303 916 1424 981 pugno.
1471 896 1569 962 Hane
1590 897 1695 981 igitur
1714 896 1809 962 nobis
1830 894 2006 961 ostendant
2026 897 2133 962 severi
2154 897 2213 962 isti
2230 896 2284 963 vel

273 990 567 1136 ζὲξοιὲἕὲιῖἓξὲω
590 981 1252 1134 ttttittttftflldtdtltttss
1302 983 1553 1134 bittit&
1571 982 2029 1152 tttistltlmtttt
2053 984 2139 1151 lio
2166 983 2284 1151 ”effi

273 1175 393 1223 ooenae
421 1175 488 1219 non
516 1154 582 1219 nisi
610 1154 705 1236 panis
727 1163 790 1220 est:
825 1175 862 1221 ae
884 1153 1020 1237 proinde
1042 1152 1174 1219 artieuli
1196 1151 1251 1217 de-
1302 1174 1382 1219 vere
1399 1160 1434 1219 et
1455 1153 1651 1219 naturaliter
1671 1153 1716 1218 sit
1736 1173 1855 1237 eorpus
1876 1151 2011 1218 Christi
2046 1151 2115 1219 Sed
2136 1151 2217 1218 dum
2234 1155 2283 1220 vi·

273 1240 466 1306 monstratio
479 1241 502 1323 ¹)
515 1240 603 1305 intra
613 1240 750 1306 aetionis
760 1248 865 1306 metas
877 1238 1065 1304 inoluditur.
1094 1239 1186 1323 Ergo
1198 1258 1252 1302 ea-
1303 1239 1414 1306 oissim
1427 1249 1596 1323 urgentur,
1609 1240 1695 1304 sitne
1707 1259 1824 1322 eorpus
1835 1239 1966 1322 proprie
1978 1238 2084 1321 panis,
2095 1239 2283 1323 praeeisnm

273 1326 349 1393 dem
371 1325 522 1391 doetrina
542 1326 577 1389 in
601 1345 657 1390 ore
679 1326 822 1391 liutheri
843 1325 910 1391 vim
934 1323 1055 1391 oraouli
1077 1323 1250 1390 obtinebit:
1303 1324 1398 1390 illum
1408 1333 1442 1390 et
1452 1323 1665 1390 inflexibilem
1685 1324 1828 1408 rigorem
1839 1332 2034 1408 temperant,
2054 1329 2130 1403 [pag.
2143 1330 2200 1405 ιο]
2212 1344 2284 1390 eor·

273 1413 303 1480 si
324 1409 457 1476 aliunde
479 1410 624 1493 prolaeta
645 1410 753 1489 fuerit,
776 1411 949 1477 haereseos
959 1419 1070 1474 notem
1082 1407 1251 1476 ineurret?
1303 1410 1446 1493 pusdari
1458 1409 1767 1494 subpaneveloum
1785 1431 1878 1494 pane.
1895 1410 2042 1475 Eteerte
2057 1410 2194 1476 nisihoe
2205 1431 2282 1476 eon-

274 1495 401 1580 Quarto
429 1496 500 1562 loeo
521 1494 556 1594 in
579 1494 868 1597 Oeeelampadium
890 1495 1068 1597 invehitur,
1096 1495 1153 1579 qui
1175 1515 1251 1579 pro-
1302 1495 1465 1597 cederent,
1488 1494 2019 1595 ealixeanaennquefabrioatus
2036 1504 2123 1596 esset
2133 1496 2281 1573 materia,

272 1603 393 1735 ιιι
410 1579 1251 1751 tressera”areatat
1303 1603 1439 1733 leae
1457 1581 1589 1733 ilat
1742 1579 2283 1749 ,satiassem

273 1754 454 1832 orassiore,
467 1759 504 1817 nt
521 1753 622 1831 aiunt,
645 1753 799 1818 Minerva
816 1753 981 1838 explicare
1002 1757 1077 1832 [pag.
1091 1757 1145 1831 ss]
1164 1749 1252 1834 quod
1303 1773 1342 1820 ae
1353 1755 1467 1820 vinum
1477 1751 1645 1833 eantharo,
1657 1752 1715 1836 qui
1725 1754 1763 1817 lit
1774 1759 1814 1816 ut
1821 1751 1968 1817 studium
1976 1751 2184 1834 quaerendae
2194 1771 2283 1817 eom-

275 1839 395 1922 alioqui
408 1837 592 1903 molestiam
603 1839 726 1904 frustra
736 1842 831 1921 parit.
858 1838 955 1903 Dixit
965 1835 1251 1920 Oeeolampadiue,
1303 1839 1419 1904 modae
1440 1838 1719 1922 interpretationis
1737 1847 1908 1920 tantopere
1929 1858 2044 1903 eorum
2065 1836 2166 1903 bilem
2187 1856 2283 1903 exas-

276 1945 364 1992 nuno
375 1921 527 1989 fidelibus
549 1921 713 1988 edendum
737 1924 850 1989 offerri
871 1945 988 2007 eorpus
1010 1922 1145 2001 Christi,
1171 1944 1252 2005 qua·
1303 1923 1419 2008 peret?
1463 1924 1550 1989 Nam
1571 1921 1658 2007 quod
1675 1925 1709 1988 in
1732 1922 1841 1989 verbis
1863 1922 2062 1988 uniformem
2083 1922 2228 1988 aPaulo
2249 1930 2283 1988 et

274 2017 371 2076 tenus
401 2008 502 2074 semel
537 2007 696 2074 traditum
728 2018 780 2076 est
820 2006 862 2074 ad
901 2007 1064 2093 expianda
1103 2015 1251 2090 peeoata:
1304 2009 1517 2094 evangelistis
1538 2010 1699 2074 rationem
1722 2008 1829 2074 teneri
1850 2008 1976 2088 asserit,
2009 2008 2089 2092 qnid
2110 2015 2182 2073 tam
2202 2027 2283 2091 pua·

275 2115 394 2179 nempe
415 2102 453 2159 nt
474 2094 633 2161 seiremns
654 2095 781 2178 priores
803 2094 962 2161 saorifieio
983 2101 1095 2178 partes
1117 2093 1251 2159 ascribi:
1303 2096 1409 2161 riliter
1430 2096 1563 2160 mentiri
1584 2094 1698 2161 iuvat?
1748 2093 1882 2176 Quanto
1910 2094 2040 2177 longius
2061 2092 2186 2159 distent
2206 2114 2284 2165 san·

273 2201 362 2247 nuno
388 2188 485 2265 rogat
513 2179 748 2263 Westphalus,
776 2178 857 2263 quid
884 2180 986 2264 igitur
1014 2179 1187 2245 Matthaeo
1220 2184 1254 2244 et
1304 2182 1377 2267 guis
1399 2187 1434 2248 et
1454 2188 1687 2246 testamentum
1709 2181 1744 2245 in
1772 2179 1947 2264 sanguine,
1976 2200 2076 2263 quam
2094 2178 2229 2263 signnm
2250 2194 2285 2244 et

273 2266 387 2332 Marso
408 2268 482 2344 fiet,
509 2263 597 2349 apud
619 2286 700 2349 qnos
724 2263 841 2332 relatio
861 2286 928 2331 non
950 2263 1104 2331 additur?
1149 2262 1253 2346 Quasi
1304 2265 1505 2351 symbolum,
1535 2286 1669 2331 monere
1691 2285 1933 2349 supervaonum
1957 2273 2017 2330 est.
2061 2263 2283 2348 Wostpbalus

272 2372 352 2419 vero
374 2350 520 2416 brevitas
541 2349 609 2428 illa,
631 2348 717 2433 quod
739 2352 847 2434 praeei
872 2373 952 2416 unm
974 2358 1025 2417 eet
1045 2352 1081 2415 in
1102 2350 1252 2435 legitimo
1304 2360 1424 2430 autem,
1447 2372 1544 2435 quem
1563 2352 1599 2416 in
1622 2353 1783 2436 sanguine
1800 2359 1834 2416 et
1854 2359 2052 2415 testamento
2073 2349 2284 2415 uniformitas

272 2457 393 2504 eoenae
415 2457 488 2514 usu,
511 2434 617 2501 tollat
662 2435 761 2502 Certe
782 2438 833 2503 Pa
868 2458 907 2502 us
931 2445 1108 2519 antequam
1130 2457 1190 2501 nos
1209 2434 1252 2500 ad
1304 2436 1452 2515 deleetat,
1475 2458 1573 2520 quam
1595 2436 1769 2520 multiplici
1789 2444 1890 2519 gustu
1912 2437 1956 2500 sit
1976 2435 2146 2518 praeditus
2169 2442 2284 2500 osten·

273 2519 474 2606 epulandum
492 2518 652 2601 hortetur,
675 2518 771 2588 doeet
791 2521 915 2605 paseha
932 2529 1082 2588 nostrum
1101 2543 1172 2588 esse
1189 2521 1252 2585 im·
1305 2521 1368 2602 dit,
1406 2520 1448 2587 ad
1479 2523 1563 2607 signi
1595 2532 1630 2587 et
1662 2520 1804 2607 symboli
1836 2520 2072 2587 dissonantiam
2105 2540 2282 2587 nauseans.

273 2607 433 2673 molstum
452 2605 484 2689 (1
507 2605 582 2672 Oor.
602 2611 631 2684 5,
651 2606 695 2686 7).
728 2607 850 2673 Fateor
869 2606 1003 2690 quidem
1013 2606 1133 2673 illiode
1151 2627 1253 2674 ooena
1304 2608 1445 2675 (lautius
1466 2622 1578 2673 tamen
1588 2608 1678 2692 loqui
1688 2609 1754 2673 iam
1775 2606 1901 2690 ineipit,
1924 2629 1959 2672 se
1979 2607 2013 2671 in
2032 2605 2131 2672 rebus
2152 2614 2188 2671 et
2205 2626 2284 2672 sen·

273 2713 350 2758 eum
370 2712 436 2757 non
458 2711 570 2776 agere:
604 2692 662 2757 sed
689 2713 792 2775 quum
820 2691 935 2758 eadem
962 2694 1007 2759 sit
1026 2693 1126 2772 ratio,
1175 2712 1253 2758 uor-
1303 2694 1428 2774 tentiis,
1457 2713 1525 2759 non
1545 2695 1582 2758 in
1603 2693 1713 2760 verbis
1735 2691 1908 2759 dissidium
1929 2690 2171 2774 reprehendere
2192 2692 2284 2757 affir-

273 2798 349 2844 sum
371 2784 484 2843 saneto
506 2777 577 2843 viro
597 2779 775 2861 exprobrat
795 2778 1028 2862 Westphalus,
1058 2778 1144 2864 qnod
1190 2797 1254 2843 ane
1303 2800 1408 2845 mans
1441 2780 1515 2864 Ego
1533 2788 1653 2857 antem,
1675 2779 1753 2862 quia
1770 2779 1859 2843 sanis
1876 2777 2053 2844 leetoribns
2070 2776 2285 2859 oonspiouum

274 2863 483 2949 qualitatem,
516 2862 588 2928 sine
620 2884 687 2945 qua
717 2864 805 2947 perit
836 2864 931 2930 nobis
963 2885 1084 2931 eoenae
1116 2863 1252 2942 utilitas,
1305 2886 1377 2931 esse
1399 2865 1536 2943 eonfido,
1559 2865 1696 2930 distorte
1717 2864 1828 2930 varios
1846 2863 1999 2947 loquendi
2020 2863 2144 2940 modes,
2166 2862 2224 2944 qui
2242 2858 2285 2927 ad

273 2947 453 3049 prudenter
476 2947 664 3048 potaverit?
713 2947 807 3017 Haeo
834 2948 957 3016 seilieet
985 2951 1069 3050 ratio
1096 2959 1161 3027 est,
1194 2969 1254 3015 our
1305 2970 1403 3052 esum
1421 2959 1455 3015 et
1470 2952 1571 3050 finem
1589 2971 1709 3049 menae
1727 2947 2021 3050 demonstrandam
2039 2947 2190 3098 tendudndti,
2208 2967 2284 3013 mn·

274 3033 1253 3187 imbelli&ellbfflliibbtiinlndl?
1305 3036 1393 3188 {lii
1420 3034 2285 3218 &tristenttttttttffitststetff

300 3203 386 3271 'ami
418 3204 493 3290 Ego
510 3225 591 3271 vero
608 3205 791 3289 respondeo
811 3207 977 3272 neminem
1000 3213 1070 3272 tam
1088 3227 1159 3273 esse
1177 3227 1254 3272 oen·
1304 3206 1435 3289 Quibus
1457 3215 1568 3272 autem
1579 3206 1710 3273 verbis?
1732 3211 1808 3287 [pag.
1826 3211 1881 3287 41]
1896 3225 2024 3290 ⁴nempe
2044 3205 2121 3289 quia
2142 3201 2286 3270 dixerim

274 3226 390 3369 flatum,
411 3291 468 3374 qui
490 3289 618 3356 somnia
639 3296 699 3356 tua
719 3290 839 3358 videat.
891 3289 979 3373 Quia
998 3313 1078 3359 vero
1106 3291 1198 3360 videt
1218 3312 1255 3357 se
1306 3300 1436 3358 nostres
1467 3291 1618 3359 homines
1650 3292 1730 3357 dum
1763 3293 1988 3375 quaestionem
2023 3289 2232 3383 perplexam·
2251 3296 2286 3355 et

275 3374 424 3443 nondum
446 3374 603 3462 adeptum
619 3396 691 3442 esse
708 3375 796 3461 qued
816 3377 957 3456 volebat,
980 3379 1034 3445 vel
1051 3378 1169 3444 saltem
1187 3398 1255 3442 non
1305 3377 1478 3446 obseuram
1500 3379 1641 3463 agitem,
1668 3377 1821 3461 quamvis
1848 3397 1916 3442 non
1938 3375 2125 3460 diserepent
2145 3396 2182 3440 re
2202 3374 2285 3458 ipsa,

274 3461 478 3546 praestitisse
514 3460 601 3546 quod
628 3469 700 3527 erat
732 3462 912 3546 professus,
945 3463 1064 3530 mutila
1094 3461 1254 3547 quaedam
1305 3464 1463 3547 praebere
1479 3463 1720 3548 repugnantiae
1741 3463 1890 3546 speeiem.
1934 3462 1990 3528 En
2010 3461 2112 3548 digna
2133 3458 2286 3543 theologo

276 3549 378 3615 verba
398 3547 434 3614 in
456 3566 612 3613 aoervum
630 3549 788 3632 oongerit,
810 3569 931 3632 panem
950 3569 1070 3615 ooeuae
1090 3570 1180 3616 nune
1197 3570 1255 3616 vo-
1306 3548 1490 3629 sineeritas,
1525 3570 1610 3632 quae
1630 3550 1719 3614 inter
1740 3548 1894 3631 profanos
1915 3546 2064 3614 rhetores
2084 3543 2226 3632 frigidae
2246 3565 2286 3612 ao

276 3633 387 3700 saria
414 3633 509 3699 nobis
530 3653 680 3714 earnem,
710 3653 800 3699 nuno
826 3635 968 3718 liguram
989 3634 1144 3719 eorporis,
1166 3655 1255 3701 nune
1304 3634 1439 3719 putidae
1471 3633 1689 3701 eavillationis
1723 3640 1837 3699 notam
1873 3655 1939 3700 non
1972 3633 2143 3718 effugeret
2196 3630 2287 3697 Nam

276 3718 472 3802 passionem,
495 3739 583 3785 nuno
604 3724 754 3797 mortem,
776 3738 866 3784 nune
876 3719 1066 3786 memoriale
1083 3719 1254 3804 passionis,
1306 3719 1392 3804 quod
1413 3726 1527 3805 postea
1546 3720 1675 3787 ioeatur
1686 3719 1833 3804 singulos
1844 3719 2035 3803 prophetiae
2054 3717 2286 3801 spirituiuisse

277 3802 359 3869 alias
381 3806 456 3884 [pag.
476 3806 531 3884 ta]
553 3801 669 3883 fidem,
697 3803 779 3870 aliae
800 3804 965 3889 vigorem,
994 3804 1077 3871 alias
1099 3805 1254 3872 virtutem
1306 3806 1445 3884 afflatos,
1468 3803 1546 3871 dnm
1556 3805 1644 3872 hane
1663 3826 1797 3872 eausam
1807 3805 1902 3871 initio
1921 3804 2070 3889 aggressi
2090 3809 2178 3880 sunt,
2197 3801 2287 3868 true

278 3887 418 3968 Obristi,
458 3887 539 3955 alias
577 3889 710 3969 merita,
748 3889 830 3956 alias
869 3889 1063 3975 qualitatem
1098 3892 1254 3975 eorporis,
1306 3902 1362 3957 tur
1388 3912 1448 3957 sua
1477 3890 1648 3958 dioaeitate
1675 3891 1913 3976 potiusquam
1945 3898 1985 3955 ut
2017 3911 2071 3956 me
2094 3886 2287 3954 refellendis

278 3972 359 4040 alias
392 3973 552 4041 aetionem
581 3982 614 4039 et
644 3974 786 4041 formam
817 3996 952 4043 eoenae:
998 3976 1079 4042 item
1118 3977 1255 4044 soeieta·
1306 3977 1375 4044 suis
1396 3975 1543 4043 dioteriis
1563 3987 1707 4060 oooupet
1720 3977 1746 4062 ¹)
1777 3973 1877 4058 Quod
1897 3983 2009 4042 autem
2030 3973 2119 4058 apud
2136 3994 2217 4040 eum
2234 3995 2287 4040 se-

277 4068 346 4125 tem
373 4058 537 4139 eeolesiae,
566 4059 618 4125 ius
645 4060 682 4125 in
705 4062 822 4144 partioi
846 4059 932 4127 ando
959 4080 1095 4145 eorpore
1116 4059 1254 4141 Christi,
1305 4063 1428 4146 quitur,
1449 4083 1504 4128 me
1524 4061 1773 4146 eireumspieere
1795 4061 1836 4128 de
1858 4061 1922 4127 alio
1943 4062 2075 4147 effugio,
2098 4058 2178 4125 dum
2202 4059 2288 4126 obii·

277 4145 408 4222 festum
430 4151 464 4208 et
485 4144 591 4210 multa
611 4145 685 4211 alia
719 4144 809 4228 Quid
822 4080 894 4213 loe
911 4146 1045 4212 homine
1065 4147 1176 4227 iaoias,
1198 4147 1255 4230 qui
1306 4148 1357 4215 eio
1384 4145 1544 4232 quidquid
1570 4147 1675 4214 obiter
1702 4147 1828 4215 dietum
1854 4147 1934 4228 suit,
1963 4168 2002 4214 ae
2029 4147 2058 4213 si
2080 4145 2178 4230 plena
2199 4151 2289 4212 essm

278 4231 315 4296 in
336 4250 470 4296 sensnm
492 4228 667 4314 reprobum
687 4232 852 4299 eonieetus
878 4253 914 4298 se
935 4232 1065 4298 effutire
1092 4254 1159 4300 non
1179 4253 1255 4300 sen·
1307 4233 1466 4311 definitio,
1474 4231 1503 4319 ²)
1532 4232 1733 4300 oalumniose
1761 4233 1872 4316 ipsum
1893 4233 2054 4317 arripere,
2084 4252 2147 4299 eur
2166 4231 2289 4298 renitet

278 4317 335 4396 tit,
363 4333 446 4463 puae
473 4313 699 4383 detestabilem
726 4317 878 4384 omnibns
903 4316 1045 4384 reddant
1067 4318 1139 4384 eius
1160 4318 1255 4384 mali·
1308 4340 1376 4384 non
1397 4316 1502 4397 video,
1524 4319 1590 4385 nisi
1611 4326 1650 4384 nt
1666 4340 1702 4386 se
1721 4319 1773 4386 bis
1789 4316 1964 4385 ridendum
1985 4318 2146 4418 propinet
2178 4317 2288 4384 Reme

278 4400 360 4467 tiam
430 4400 551 4466 Brevis
572 4401 662 4466 enim
683 4411 717 4468 et
738 4403 890 4488 expedita
911 4401 1029 4470 solutio
1050 4411 1117 4485 est,
1147 4404 1255 4471 diver·
1308 4404 1371 4470 boe
1388 4403 1558 4488 effugium,
1578 4402 1666 4489 quod
1684 4405 1756 4488 ipse
1773 4405 1819 4471 im
1843 4403 1977 4485 rudens,
1985 4405 2016 4490 ⁸)
2037 4425 2068 4471 er
2088 4403 2119 4470 ei
2129 4402 2287 4482 ereditur,

278 4489 324 4587 sis
351 4485 506 4571 loquendi
533 4487 659 4552 formis·
673 4488 746 4554 sine
771 4488 841 4554 ulla
868 4489 1090 4576 repugnantia
1116 4489 1257 4558 deseribi
1307 4489 1457 4557 omnium
1484 4489 1590 4558 oeulis
1615 4489 1763 4557 subieei‘l
1814 4425 1877 4556 dui
1900 4491 1989 4558 enim
2016 4487 2156 4556 obseura
2175 4496 2230 4558 est
2251 4490 2289 4559 in

279 4593 436 4658 mquam
458 4573 559 4638 finem
580 4574 675 4658 panis
697 4581 832 4641 voeetur
853 4596 979 4660 eorpus
1306 4573 1489 4642 beerandis
1520 4576 1693 4643 sententiis
1722 4576 1793 4643 eius
1824 4575 2036 4662 malignitas?
2097 4577 2209 4662 Atque
2249 4583 2290 4644 ut

364 4656 462 4740 Quod
483 4659 697 4741 praeeipuam
714 4660 916 4741 quaestionis
938 4666 1061 4728 statum
1083 4682 1155 4728 esse
1177 4659 1258 4728 dieit
1308 4659 1459 4744 exempla
1479 4680 1564 4744 qnae
1586 4683 1692 4744 nuper
1712 4661 1881 4747 attigimus
1902 4669 2117 4748 praeteream,
2137 4663 2193 4730 eni
2212 4685 2290 4748 per·

279 4745 320 4810 de
342 4765 442 4811 sensu
463 4745 638 4811 verborum
661 4742 805 4811 Christi:
827 4745 901 4812 Hoe
922 4753 973 4812 est
993 4767 1114 4832 eorpus
1135 4767 1256 4827 meum,
1308 4745 1445 4813 suadeat
1453 4743 1542 4831 qnod
1559 4745 1600 4813 do
1616 4746 1772 4814 eoelesiae
1788 4748 1943 4815 sotietate
1960 4747 2085 4818 dietam
2100 4756 2154 4816 est
2168 4749 2291 4833 plenae

349 4985 378 5050 l)
397 4985 598 5067 eeumotzoeeei.
901 5053 908 5066 ‚
1378 4984 1812 5070 eramusmaerore·
1863 5002 1898 5043 en
1915 4987 2217 5058 sesamdiaeriesque
2234 5005 2291 5047 non

324 5053 379 5134 ι9)
397 5068 478 5124 qma
501 5053 542 5110 dit
561 5053 639 5124 qo’er
655 5051 776 5121 patellas
793 5051 828 5108 de
845 5051 936 5135 ebriet
957 5069 989 5109 es
1012 5061 1070 5110 met
1093 5052 1198 5126 lamuel
1220 5071 1257 5111 ou
1309 5071 1360 5126 pas
1395 5055 1440 5111 u‘rt
1457 5053 1585 5112 m'smuse
1603 5057 1621 5111 t
1636 5053 1741 5111 reiuter
1756 5070 1801 5111 ιιι
1837 5055 1957 5113 roeards

279 5119 332 5187 Qus
348 5137 382 5176 ne
397 5135 431 5203 ss
448 5120 533 5192 prend
550 5137 601 5191 pas
655 5137 688 5177 ur
708 5127 835 5190 reportet
847 5120 1017 5190 emplement
1033 5122 1060 5178 le
1073 5138 1164 5193 eorps,
1190 5124 1257 5180 nais
1376 5073 1408 5189 l)
1427 5140 1529 5181 eamme
1547 5126 1571 5179 si
1588 5141 1624 5180 on
1641 5123 1746 5180 rouloit
1762 5124 1875 5180 meter
1891 5124 1933 5181 les
1951 5125 2050 5182 obesas
2066 5125 2244 5195 pleinsment

279 5189 347 5259 rend
364 5204 455 5245 raison
472 5189 510 5246 du
527 5205 593 5258 pree
630 5197 684 5246 ent
1377 5193 1408 5255 tr
1426 5208 1522 5263 sansy
1539 5208 1648 5262 penam.
