4748 5798
44 108 104 170 411
764 101 1017 171 Exposmo
1039 100 1310 168 IMPIE'I'A'I'IS

128 293 476 360 Illustrissimiacaere
486 293 538 373 pii
550 291 676 370 domini,
689 292 720 357 si
732 291 917 374 oosleqistis
926 291 1016 356 diam
1061 289 1139 372 pulo
1159 288 1298 354 liberare.
1342 294 1416 368 [pag.
1439 296 1493 370 93]
1520 291 1610 372 Quod
1630 292 1687 355 etsi
1708 311 1729 355 a
1749 311 1799 356 me
1820 290 1950 356 liberius
1969 292 2035 374 tor·

42 400 144 445 meam
153 378 380 461 mntesmonan,
392 399 486 460 quam
493 379 585 442 iussu
593 383 691 442 oestro
701 377 950 459 nudiusquartus
960 397 1015 441 cc·
1065 380 1156 449 tasse,
1178 395 1273 455 quom
1290 377 1431 461 oportuit,
1452 377 1634 456 factumest,
1654 377 1775 460 qaudeo
1790 381 1893 440 tamen
1913 377 1968 442 boc
1985 399 2036 441 no

42 466 153 546 leniplo
164 466 304 546 ecaraoi,
320 463 498 530 nondubito
508 464 584 544 quin
595 463 784 545 eaeataeile
794 461 1014 540 intelleceritis,
1066 462 1157 539 mine,
1178 461 1262 542 quod
1282 462 1474 542 amplissimi
1498 460 1682 527 (mensurii
1709 464 1909 528 conscientiae
1929 483 1967 529 aa
1987 465 2035 527 in·

43 571 90 616 me
107 555 158 616 sat
173 551 299 617 disens
315 549 416 615 uerbis
438 550 614 626 ostendisse,
635 549 815 613 sententiam
832 546 876 612 D.
890 546 1016 613 Caluini
1065 546 1148 611 dicio
1175 565 1223 610 me
1250 548 1379 626 penitus
1398 546 1603 613 submiserim.
1658 546 1752 612 Nunc
1783 569 1853 612 aero
1875 568 1972 629 quum
1995 554 2036 612 tot

41 637 427 718 qreatemitatemstotuere,
448 635 697 700 nontrinitatem.
733 634 835 714 Quum
851 653 922 697 oero
940 638 1014 712 [pig.
1065 631 1293 712 sapientissimi
1312 633 1389 712 oiri,
1416 653 1548 714 quorum
1569 653 1662 714 opera
1681 632 1772 698 Deus
1792 633 1955 714 manifeste
1975 636 2035 699 uti-

43 725 98 801 91]
121 722 350 788 nudiustertius
370 722 474 803 ipsius
491 719 534 784 D.
560 718 684 785 Galoim
699 720 891 800 praecipuae
904 723 1015 799 partes
1064 721 1117 781 tur
1142 718 1178 781 in
1203 717 1372 800 colliqendo
1398 718 1524 784 ecelesia
1549 740 1624 797 sua,
1656 718 1898 784 lucelentissimo
1923 720 2035 802 scripto

43 813 158 886 esseut,
186 827 219 872 se
242 811 306 871 tam
328 806 510 871 exsecrabili
531 825 632 870 errore
653 825 837 887 eapurqam,
860 803 962 869 sciens
982 823 1015 867 se
1064 823 1165 866 meam
1181 803 1355 884 opinionem
1375 824 1438 868 uno
1454 824 1675 870 areerroneam
1696 809 1850 883 testentur,
1871 805 1976 870 ouum
1993 811 2036 870 est

43 894 162 958 malam
188 912 317 958 causam
338 893 434 973 apud
461 891 514 956 bac
535 890 768 956 sanctissimam
791 889 854 954 Dei
875 888 1015 954 tribunal
1059 889 1168 968 potius
1178 889 1269 968 ipsis,
1291 890 1340 955 ael
1349 890 1583 968 sancientibus,
1606 911 1701 971 quam
1722 890 1802 954 mibi
1822 891 2036 973 oiqilmticrc

41 979 171 1043 minime
190 997 284 1059 posse
310 978 463 1042 medinm
493 978 541 1058 (ut
562 995 615 1041 vos
631 975 729 1055 probe
749 977 861 1056 nostis)
890 995 929 1038 ne
949 995 1015 1038 oer-
1064 973 1143 1038 dere.
1189 973 1299 1054 Itaque
1318 979 1353 1039 ut
1366 975 1531 1055 pollicitus
1550 997 1630 1054 sum,
1653 996 1760 1040 eorum
1779 977 1982 1041 minumum
2000 997 2036 1041 ac

1 1061 2 1064 ’
41 1064 115 1129 bum
135 1063 261 1145 quidem
280 1063 369 1146 fecit,
397 1064 453 1128 sed
480 1066 574 1126 totmn
598 1065 718 1141 tempus
736 1066 838 1126 terens
859 1061 895 1124 in
914 1060 1015 1125 conm-
1064 1060 1211 1124 scientiae
1228 1059 1354 1129 libenter
1374 1060 1540 1141 acquiesco,
1562 1082 1688 1142 canique
1706 1061 1753 1141 (ut
1771 1061 1873 1144 debeo)
1896 1067 1955 1127 toto
1966 1064 2037 1142 pec*

41 1151 109 1229 aiis,
131 1155 159 1215 et
178 1150 279 1215 nucia
299 1149 412 1231 quibus
428 1149 522 1231 nuqis
546 1146 673 1226 Serueti,
695 1146 860 1227 artificiose
880 1145 1013 1228 quiderm
1064 1149 1126 1211 tore
1152 1144 1324 1226 amplector.
1377 1146 1578 1226 Quamobrem
1601 1148 1635 1212 si
1658 1147 1736 1228 quid
1758 1148 1792 1210 in
1819 1148 1893 1227 ipsa
1920 1149 2036 1212 octimre

42 1236 97 1301 sed
110 1255 230 1317 parum
252 1233 373 1300 bonmte
390 1234 488 1298 elusit.
531 1232 688 1314 Equidem
709 1232 757 1297 bis
773 1233 856 1312 caepi
877 1252 944 1296 rem
966 1234 1014 1311 (ut
1064 1228 1142 1294 mibi
1178 1231 1389 1310 imprudenter
1430 1232 1597 1312 ceciderit,
1643 1233 1723 1314 quod
1760 1235 1847 1313 ipsos
1893 1233 2035 1298 daninos

42 1322 173 1404 dicitur)
196 1341 255 1385 acu
272 1320 434 1402 attinqere:
454 1319 508 1384 sed
524 1318 577 1383 ille
598 1338 658 1382 sua
678 1319 881 1382 mordacitate
897 1322 925 1381 ct
945 1337 1014 1382 con·
1064 1316 1234 1393 ministros,
1257 1336 1294 1381 ae
1314 1337 1368 1382 aas
1388 1337 1513 1398 quoque,
1542 1318 1760 1383 Illrutrissimi
1780 1319 1924 1386 domini.
1946 1320 2036 1400 offen-

41 1408 134 1472 eiciis
154 1427 202 1472 me
227 1426 349 1486 semper
368 1406 529 1471 deterruit.
573 1402 711 1484 Insuper
733 1403 780 1484 (ut
795 1423 849 1467 oos
871 1404 935 1483 ipsi
957 1424 1014 1466 au·
1064 1402 1160 1480 dmit,
1188 1402 1323 1482 supplere
1350 1407 1421 1483 peto
1453 1408 1488 1466 ut
1513 1404 1709 1486 simplicitati
1736 1424 1823 1468 ureae
1849 1405 2034 1487 iqnosoatur.

43 1492 112 1558 dire
131 1493 293 1574 potuistis)
322 1492 459 1555 minatus
485 1495 532 1554 est
557 1488 611 1554 loc
638 1490 674 1553 in
701 1494 796 1571 eaput
822 1508 924 1552 meum
950 1508 1014 1552 esse
1068 1486 1161 1550 Nunc
1181 1489 1265 1550 enim
1280 1488 1423 1568 primum
1441 1494 1514 1553 ante
1529 1489 1668 1554 tribunal
1688 1491 1774 1554 steti:
1794 1493 1887 1569 atque
1906 1488 2036 1571 difficile

42 1579 228 1644 uertendum.
275 1577 471 1658 Quapropter
499 1595 594 1656 quum
620 1575 701 1640 sotis
721 1579 826 1656 aperte
846 1574 1015 1639 declararit
1065 1578 1110 1637 est
1130 1574 1165 1635 in
1185 1571 1278 1637 rebus
1306 1574 1395 1638 nocis
1421 1572 1573 1638 bominem
1598 1576 1644 1638 ito
1665 1595 1699 1640 se
1721 1595 1841 1658 qerere,
1869 1580 1905 1638 ut
1926 1575 2037 1656 aliquo

43 1686 75 1731 se
96 1684 161 1729 esse
181 1664 285 1729 animo
311 1664 347 1726 in
372 1683 420 1726 mc
444 1663 542 1726 nimis
561 1662 695 1742 infenso,
717 1665 788 1739 peto
808 1659 942 1738 anobis,
965 1659 1015 1723 Il-
1066 1659 1100 1722 in
1117 1658 1363 1723 renonlabatur.
1395 1658 1566 1724 Seddebis
1575 1659 1729 1739 badenim,
1746 1660 1852 1725 amnia
1863 1661 2037 1726 enimbono

44 1751 227 1817 lustrissimi
246 1748 379 1826 donnini,
407 1768 446 1812 ne
462 1747 602 1828 potentia
628 1750 656 1810 et
676 1745 866 1810 volubilitate
889 1739 1014 1827 linquae
1065 1744 1103 1808 de
1123 1744 1280 1809 clementia
1300 1749 1405 1808 uestra
1425 1750 1454 1810 et
1477 1765 1567 1827 spero
1589 1751 1617 1809 et
1637 1745 1717 1810 miii
1734 1745 1890 1828 polliceor.
1944 1745 2036 1811 Venio

43 1837 177 1904 loannis
198 1855 267 1899 mea
287 1834 459 1898 innocentia
474 1833 678 1914 opprimatur,
695 1837 730 1895 ut
750 1831 832 1894 mili
845 1836 1014 1913 patronum
1066 1830 1109 1894 ad
1129 1827 1172 1894 D.
1199 1827 1373 1895 Calvinmn.
1423 1830 1518 1896 Absit
1544 1836 1580 1894 ut
1605 1836 1726 1896 tanturn
1750 1832 1901 1897 doctorum
1922 1833 1958 1897 in
1978 1852 2037 1896 mr·

42 1929 71 1988 ct
90 1922 273 1987 odooedum
291 1919 475 1997 concedatis,
502 1917 557 1998 qui
582 1938 682 1981 meam
710 1917 857 1998 optimam
877 1936 1013 1994 eausam,
1065 1935 1149 1980 mero
1169 1914 1381 1994 sophistarum
1401 1936 1542 1997 unquam
1562 1916 1741 1981 habuerim
1771 1915 1909 2000 Inpenue
1928 1917 2039 1998 satem,

43 2013 79 2072 ut
92 2027 159 2090 par
179 2010 231 2086 est,
253 2009 389 2069 tueatur.⁴
418 2002 505 2068 Nam
524 2002 657 2085 inqenuc
676 2002 835 2084 fateorme
856 2021 1016 2082 nonposse
1066 2001 1321 2083 impius,ncdum
1342 2002 1472 2082 iniquus
1492 2022 1598 2079 essem
1619 2003 1650 2067 si
1671 2004 1782 2067 Diam
1798 2003 2045 2085 incomparabili

43 2098 111 2158 tuta
142 2091 327 2158 conscientia
354 2089 588 2171 quaternitatem
615 2086 659 2153 D.
691 2085 816 2154 Caluini
844 2088 1013 2152 admittere.
1065 2087 1148 2165 viro,
1176 2105 1213 2150 ae
1239 2086 1277 2152 de
1299 2087 1456 2168 republica
1483 2088 1656 2153 christiana
1676 2090 1787 2169 optime
1806 2089 1931 2168 merita,
1957 2089 2043 2154 talia

42 2177 200 2243 Eebibeat
219 2177 289 2255 ille,
317 2179 353 2237 ut
372 2179 492 2241 tantum
514 2173 579 2238 Dei
599 2173 779 2238 ministrum
801 2173 889 2252 decet,
909 2192 1016 2237 veram
1064 2172 1216 2238 sentirern.
1263 2171 1349 2237 Soleo
1371 2174 1511 2254 equidem
1534 2172 1739 2252 Serbonistas,
1759 2179 1950 2255 eaetmosque
1972 2196 2044 2239 ma-

41 2264 222 2342 trinitatem,
244 2267 271 2327 et
292 2260 380 2326 nulla
402 2261 461 2325 erit
481 2260 562 2324 inter
582 2279 638 2324 nos
658 2259 872 2324 controversia.
909 2257 1016 2340 Siqui·
1062 2259 1178 2340 qistros
1192 2258 1399 2338 papistarum
1420 2258 1576 2340 sophistas
1598 2259 1763 2341 appellare.
1806 2257 1948 2326 Decius
1970 2260 2040 2325 doc·

41 2342 111 2415 dem
131 2369 165 2413 ea
186 2368 257 2412 sum
276 2350 371 2411 natus
391 2345 523 2428 inqenio,
550 2348 584 2408 ut
605 2345 763 2424 veritatem
778 2349 958 2426 promptum
979 2345 1014 2408 in
1065 2345 1151 2408 trino
1172 2342 1253 2408 nibil
1274 2345 1393 2410 mctale
1408 2345 1574 2426 suspicari,
1594 2345 1703 2428 reliqio
1719 2349 1763 2410 est
1782 2343 1892 2410 dicere.
1933 2345 2038 2428 Quore

40 2435 140 2517 fronte
159 2453 274 2517 peram.
326 2430 365 2496 Ut
386 2433 468 2496 enim
487 2432 593 2511 ipsam
614 2430 849 2511 quaternitatem
870 2449 1014 2512 perneqo,
1066 2450 1119 2494 aas
1139 2430 1233 2494 etiam
1253 2434 1345 2510 atque
1362 2431 1459 2495 etiam
1475 2435 1579 2495 oratos
1594 2431 1695 2509 aelim,
1716 2452 1755 2495 ue
1774 2430 1854 2494 milii
1874 2429 1951 2496 boec
1967 2438 2037 2496 nota

42 2520 89 2585 sie
105 2538 213 2585 aeram
233 2517 420 2596 trinitatem,
448 2521 476 2581 d
495 2516 645 2580 unitatem
669 2519 729 2579 tote
745 2519 864 2598 pectore
886 2515 1015 2596 amplec
1065 2520 1140 2595 [pag.
1152 2518 1205 2593 94]
1222 2515 1379 2593 inuratur,
1402 2521 1438 2579 ut
1459 2515 1516 2580 illa
1536 2537 1605 2582 mea
1622 2517 1715 2581 oerba
1734 2517 1828 2598 quasi
1849 2517 1885 2580 in
1906 2519 2035 2584 sanctis

42 2608 99 2669 ter.
145 2600 314 2670 Praeterea
338 2622 391 2668 oos
423 2606 524 2667 matos
550 2600 643 2665 etiam
669 2606 762 2682 atque
790 2602 884 2665 etiam
915 2599 1013 2679 uelim,
1065 2602 1179 2667 umam
1198 2600 1355 2665 ecclesiam
1379 2607 1513 2687 cestram
1538 2601 1621 2667 dieta
1642 2602 1896 2691 detorqueantur.
1935 2603 2034 2669 Testis

43 2710 108 2768 me,
136 2709 197 2772 quo
217 2688 340 2769 possim
361 2693 450 2753 eatra
479 2706 630 2752 carcerem
651 2705 753 2750 meam
773 2706 902 2752 causam
923 2686 1014 2765 tueri,
1065 2692 1110 2752 est
1130 2686 1210 2751 milri
1231 2685 1405 2765 Dominus,
1429 2708 1477 2752 nu
1498 2708 1664 2769 nunqnam·
1681 2687 1742 2752 tole
1762 2687 1937 2770 quidquam
1959 2690 2036 2771 eoqi·

43 2775 100 2840 sub
127 2776 240 2840 idonea
266 2774 406 2838 contione
436 2771 575 2837 liberari.
628 2774 702 2850 [pag.
726 2777 780 2851 92]
806 2770 912 2836 Meam
933 2773 1016 2835 enim
1066 2779 1165 2838 losse:
1185 2773 1263 2852 quin
1282 2774 1387 2852 potius
1408 2771 1486 2838 banc
1507 2772 1710 2839 Geneoensem
1731 2773 1887 2839 ecclesiam
1908 2776 2036 2839 caeteris

32 2859 298 2927 'innocentiam'el
319 2859 521 2942 intepritatem
538 2877 627 2940 spero
648 2857 723 2921 adeo
744 2858 860 2923 cunetis
880 2856 1016 2923 ecelesiis
1066 2858 1207 2923 omnibus
1223 2857 1387 2939 puriorem
1414 2879 1451 2924 ao
1476 2860 1668 2925 mundiorem
1695 2864 1722 2923 et
1746 2859 1843 2924 babui
1868 2864 1899 2924 et
1917 2879 2038 2941 semper

44 2952 149 3012 notam
167 2946 284 3030 facere,
310 2944 451 3027 etquasi
476 2943 622 3007 manibus
648 2940 842 3009 tractandam
857 2943 1015 3025 praebem,
1061 2944 1254 3024 praedicavi.
1312 2942 1484 3010 Facessant
1515 2945 1613 3028 iqitur
1643 2965 1744 3010 canae
1774 2946 1983 3028 sospiciones,
2012 2950 2039 3010 et

43 3039 79 3097 ut
100 3033 165 3115 ipsi
185 3032 280 3096 etiam
301 3030 480 3096 aduersarii
497 3029 658 3110 fateantur
678 3048 726 3092 me
742 3027 867 3094 boniac
883 3029 937 3109 pii
953 3029 1016 3093 viri
1066 3030 1152 3094 nuda
1172 3033 1276 3112 reqnet
1292 3030 1486 3111 simplicitas.
1522 3029 1560 3094 Si
1580 3031 1657 3112 quid
1672 3034 1775 3095 tamen
1792 3035 1891 3096 exstat
1906 3032 1945 3095 in
1960 3033 2039 3097 meis

44 3138 172 3184 munere
190 3117 333 3200 sunctum
351 3116 461 3199 fuisse.
494 3114 581 3179 Haec
593 3133 701 3195 pauca
717 3115 821 3178 cisum
842 3119 895 3192 est,
919 3110 1016 3180 Illus-
1067 3116 1209 3197 scriptis,
1235 3115 1315 3195 quod
1336 3114 1379 3180 D.
1404 3115 1569 3182 Caluinum
1589 3124 1724 3198 urqeret:
1755 3117 1791 3180 id
1811 3137 1873 3184 non
1895 3116 2039 3182 medendi

45 3204 179 3270 nummi
200 3203 326 3279 dormm,
350 3222 371 3265 a
391 3200 477 3265 vobis
492 3219 652 3282 perquam·
666 3199 826 3264 numenei
842 3200 1015 3282 postulare,
1067 3202 1119 3267 sui
1140 3220 1238 3266 carna
1258 3220 1280 3263 a
1301 3221 1349 3265 me
1369 3202 1486 3266 dietum
1512 3221 1577 3266 esse
1596 3201 1674 3266 mili
1695 3203 1787 3267 velim
1807 3202 1953 3281 credetis,
1985 3203 2040 3268 sed

45 3297 124 3357 certo
145 3290 261 3367 eciem,
287 3308 352 3369 qua
379 3286 454 3352 estis
482 3286 645 3351 sanctitate
670 3305 707 3350 aa
726 3287 844 3382 pietate
865 3285 1014 3366 praediti,
1067 3286 1247 3368 defendendi
1265 3287 1336 3351 mei.
1391 3287 1582 3370 Quapropter
1602 3288 1731 3368 siquid
1751 3307 1772 3351 a
1793 3308 1841 3353 mc
1862 3288 1971 3352 minus
1990 3309 2040 3353 re·

43 3397 98 3442 uos
130 3375 211 3456 quod
242 3378 358 3439 rectum
384 3376 430 3436 est
461 3375 698 3451 exsequuturos,
725 3375 893 3451 praeterea
918 3370 1015 3435 nint:
1066 3377 1204 3437 verenter
1224 3373 1258 3437 in
1280 3371 1385 3451 ipsum
1406 3373 1584 3452 dictumest,
1606 3393 1668 3438 non
1688 3373 1775 3437 mado
1796 3372 1836 3437 ab
1858 3394 1892 3437 co
1913 3375 2040 3439 veniam

38 3461 229 3543 praesertim
247 3478 344 3539 quum
365 3478 412 3521 mc
433 3476 500 3521 esse
514 3457 717 3540 pereqrinum
736 3457 897 3536 beminen,
920 3458 1015 3540 impe·
1061 3462 1141 3538 peto,
1161 3476 1270 3523 oerum
1290 3458 1384 3523 etiam
1406 3458 1574 3540 (quaeoiri
1590 3464 1635 3523 est
1655 3460 1773 3523 cordas
1794 3463 1822 3523 et
1837 3460 1957 3541 pietus)
1975 3479 2040 3537 oro,

44 3549 143 3612 mum
163 3546 288 3628 linquae
309 3548 435 3620 cosmae
462 3561 499 3606 ac
514 3561 650 3623 prorsris
669 3542 816 3624 iqnarum
836 3563 943 3607 rerum
963 3563 1015 3608 cu·
1066 3548 1102 3608 ut
1121 3563 1169 3607 me
1191 3547 1287 3607 totum
1308 3543 1512 3622 amplectatur
1536 3549 1564 3609 et
1587 3544 1703 3625 foveat,
1729 3545 1822 3626 inque
1847 3563 1957 3608 eonem
1982 3564 2041 3608 ner·

45 3632 177 3696 rialium
194 3630 289 3712 probe
304 3628 499 3711 'irtelliqatis
535 3626 589 3692 Sia
606 3627 725 3694 unicus·
738 3627 793 3693 ille
810 3627 900 3692 Deus
911 3626 1016 3692 Israel
1053 3646 1148 3693 'mero
1169 3627 1292 3707 babcot,
1321 3629 1376 3708 qui
1398 3630 1450 3694 sui
1471 3630 1608 3695 numnis
1628 3634 1702 3694 sunt
1717 3650 1873 3710 perquam
1893 3630 2040 3696 studiosi.

45 3737 138 3781 verus
158 3736 195 3780 ac
215 3716 374 3780 naturalis
389 3719 483 3794 poter
503 3711 596 3792 ambi,
618 3713 709 3778 cuius
730 3733 829 3780 causa
848 3733 932 3779 nune
948 3714 1016 3798 aqi-
1070 3714 1156 3795 Quod
1176 3715 1207 3778 si
1228 3715 1262 3778 in
1283 3719 1323 3778 tot
1344 3715 1422 3778 meis
1440 3716 1580 3781 miseriis
1606 3715 1685 3779 mili
1713 3716 1883 3798 mmiqerl,
1910 3736 2040 3780 muniere

46 3806 116 3881 tur,
141 3801 214 3865 buia
238 3801 435 3865 sanctissimo
461 3799 612 3864 tribunali
638 3819 700 3863 sua
731 3801 844 3864 virtute
863 3807 1014 3880 perpetuo
1066 3799 1188 3865 uidebor
1208 3801 1341 3865 donatus
1361 3801 1537 3865 immortali.
1572 3799 1819 3882 Equidemquod
1840 3802 1883 3866 ad
1899 3821 1950 3866 me
1966 3804 2040 3866 atti·

46 3888 183 3964 assistat,
204 3904 316 3965 cosque
339 3905 450 3963 ornnes,
472 3884 595 3950 etlano
616 3885 722 3950 urbem
737 3890 871 3950 oestrum
892 3887 926 3948 in
947 3886 1016 3950 dies
1066 3891 1130 3965 net,
1157 3885 1236 3950 dabo
1262 3906 1386 3968 operam
1412 3891 1448 3950 ut
1474 3892 1540 3950 tum
1566 3885 1658 3951 dictis
1686 3887 1798 3952 uestris
1825 3888 2037 3969 ecsequmdis,
2162 3933 2184 3963 e
2241 3935 2250 3965 ,

46 3972 149 4055 maqis
170 3971 329 4054 maqisqne
350 3972 419 4035 suis
441 3971 532 4053 donis
553 3975 664 4054 auqeot
686 3975 876 4051 ecornetque.
920 3970 1013 4035 Diei.
1066 3977 1133 4036 tum
1158 3972 1250 4038 illius
1270 3972 1385 4052 pietote
1411 3972 1538 4038 uuida
1565 3992 1613 4036 me
1637 3992 1741 4037 omnes
1763 3971 1885 4054 fidelem
1911 3994 1949 4040 ae
1969 3993 2038 4040 corr·

1066 4063 1197 4123 stantem
1212 4058 1400 4139 praedicent.
1446 4056 1484 4122 Si
1504 4057 1595 4123 Deus
1616 4062 1666 4123 etc.
1735 4131 1737 4137 ¹

48 4141 181 4209 Inutilis
194 4137 439 4221 (Iliristiserous,
465 4141 647 4206 Valentinus
668 4141 804 4220 Gentilis
823 4139 1013 4207 wettinus.

133 4395 355 4463 Illustrissimi
374 4417 410 4461 oc
431 4397 657 4464 elementissimi
677 4388 811 4464 domini:
840 4398 916 4464 Nisi
944 4419 1016 4463 cau·
1066 4396 1301 4464 EPISIOLA
1328 4398 1601 4469 VALENTINI
1625 4398 1858 4465 GENIILIS
1875 4400 1944 4465 AD
1968 4399 2034 4466 SI>
2076 4403 2201 4473 -Ξ
2258 4408 2266 4513 t

46 4507 116 4553 sam
136 4504 237 4548 meam
259 4482 344 4546 cobis
365 4484 480 4565 maqis,
507 4505 602 4567 mam
628 4485 707 4549 mibi
733 4486 799 4566 ipsi
825 4489 929 4549 nouom
950 4504 1016 4550 esse
1068 4483 1244 4550 NAIUM
1262 4484 1602 4564 GENEVENSEM,
1622 4483 1824 4554 SCRIPTA
1842 4486 1916 4551 EX
1933 4485 2034 4552 GAR-
2056 4492 2194 4560 —HI
2249 4529 2257 4543 .

41 4574 139 4657 plone
161 4568 367 4652 intelliqerem,
385 4568 532 4649 pluribus
553 4572 692 4652 muidem
708 4570 863 4637 uobiscum
883 4591 1013 4654 aqerem
1069 4569 1205 4648 CEDE,
1234 4570 1297 4634 IN
1320 4570 1413 4652 QUA
1443 4569 1564 4636 SUAS
1589 4570 1937 4637 BLASPHEIIIAS
1956 4572 2185 4645 ced-53⁷.
2238 4545 2256 4664 ⁴,l

49 4658 112 4725 Sed
133 4656 211 4738 quio
237 4674 304 4719 rem
329 4673 447 4718 omnem
468 4656 562 4734 probe
583 4657 708 4734 tenetis,
721 4658 837 4739 paucis
857 4676 906 4721 me
926 4677 1015 4737 ecpe-
1132 4654 1310 4735 NOSGII,
1332 4656 1398 4720 ΕΤ
1422 4656 1618 4721 VENIAM
1631 4654 1965 4725 DEPREGAI'UR
2237 4675 2246 4783 t

46 4744 142 4808 diam.
189 4739 353 4823 Principio
373 4740 472 4805 nostis
497 4760 545 4805 me
565 4742 657 4806 iussu
678 4748 777 4807 uestro
797 4742 1015 4824 cmifessionem

48 4829 190 4895 edidisse.
244 4825 314 4892 Illa
345 4832 449 4891 oulen
481 4825 563 4890 edita
588 4846 673 4890 meas
694 4833 804 4907 partes
831 4848 898 4893 esse
924 4829 1014 4902 duci,
1153 4833 1227 4906 [pag.
1246 4830 1299 4905 95]
1321 4825 1488 4910 Maqnitici
1508 4828 1636 4893 domini.
1672 4826 1795 4893 Οενιιινν
1817 4834 1863 4893 est
1883 4849 1942 4910 quo
1962 4834 2157 4899 tem-0*
2226 4799 2237 4917 l

48 4913 202 4994 quidquid
226 4912 269 4977 ad
295 4933 363 4977 eam
389 4932 456 4977 rem
477 4912 657 4993 pertineret,
685 4914 752 4978 sine
776 4914 847 4995 fuco
873 4913 1016 4979 ecclesiae
1061 4934 1138 4995 pore
1159 4934 1196 4978 en
1217 4917 1315 4977 oestro
1335 4912 1484 4980 mandato
1509 4933 1610 4979 meam
1638 4914 1726 4979 illam
1747 4915 1964 4996 confessionem
1983 4933 2147 4982 moa

41 5018 222 5079 proponere,
242 5019 337 5081 eaque
357 4999 477 5065 ratione
487 4997 705 5065 conscientiam
724 5019 825 5064 meam
835 5000 1016 5065 omniseru-
1066 4999 1114 5064 bis
1135 4997 1244 5078 obtuli,
1270 5018 1318 5063 mc
1345 5003 1429 5064 tant>
1454 4999 1518 5066 rclc
1537 5000 1641 5081 fuisse
1661 5002 1833 5081 percitum,
1860 5005 1894 5065 ut
1916 4999 2136 5083 fuerim
