<?xml version="1.0" encoding="UTF-8"?>
<!DOCTYPE html PUBLIC "-//W3C//DTD XHTML 1.0 Transitional//EN"
    "http://www.w3.org/TR/xhtml1/DTD/xhtml1-transitional.dtd">
<html xmlns="http://www.w3.org/1999/xhtml" xml:lang="en" lang="en">
 <head>
  <title>
</title>
<meta http-equiv="Content-Type" content="text/html;charset=utf-8" />
  <meta name='ocr-system' content='tesseract 3.04.00' />
  <meta name='ocr-capabilities' content='ocr_page ocr_carea ocr_par ocr_line ocrx_word'/>
</head>
<body>
  <div class='ocr_page' id='page_1' title='image "./ioanniscalvinio01reusgoog_0328.png"; bbox 0 0 4620 5828; ppageno 0'>
   <div class='ocr_carea' id='block_1_1' title="bbox 219 1415 1854 1499">
    <p class='ocr_par' dir='ltr' id='par_1_1' title="bbox 219 1415 1854 1545">
     <span class='ocr_line' id='line_1_1' title="bbox 219 1415 1854 1499; baseline 0.002 -4"><span class='ocrx_word' id='word_1_1' title='bbox 219 1452 223 1462; x_wconf 93' lang='lat'>·</span> <span class='ocrx_word' id='word_1_2' title='bbox 289 1415 520 1497; x_wconf 82' lang='lat' dir='ltr'>lOANNlS</span> <span class='ocrx_word' id='word_1_3' title='bbox 541 1417 771 1498; x_wconf 83' lang='lat' dir='ltr'><strong>CALVINI</strong></span> <span class='ocrx_word' id='word_1_4' title='bbox 795 1417 1098 1498; x_wconf 80' lang='lat' dir='ltr'>RESPONSIO</span> <span class='ocrx_word' id='word_1_5' title='bbox 1121 1418 1201 1499; x_wconf 84' lang='lat' dir='ltr'>AD</span> <span class='ocrx_word' id='word_1_6' title='bbox 1223 1417 1499 1499; x_wconf 79' lang='lat' dir='ltr'>BALllUlNl</span> <span class='ocrx_word' id='word_1_7' title='bbox 1522 1418 1801 1499; x_wconf 82' lang='lat' dir='ltr'><strong>CONVIOIA.</strong></span> <span class='ocrx_word' id='word_1_8' title='bbox 1851 1453 1854 1461; x_wconf 95' lang='lat'>·</span> 
     </span>
    </p>
   </div>
   <div class='ocr_carea' id='block_1_2' title="bbox 46 1614 2049 1910">
    <p class='ocr_par' dir='ltr' id='par_1_2' title="bbox 46 1614 2049 1910">
     <span class='ocr_line' id='line_1_2' title="bbox 130 1614 2049 1739; baseline 0.002 -21"><span class='ocrx_word' id='word_1_9' title='bbox 130 1653 250 1720; x_wconf 88' lang='lat' dir='ltr'>Nescio</span> <span class='ocrx_word' id='word_1_10' title='bbox 264 1616 311 1718; x_wconf 32' lang='lat' dir='ltr'>‘an</span> <span class='ocrx_word' id='word_1_11' title='bbox 340 1653 476 1737; x_wconf 86' lang='lat' dir='ltr'>frigidae</span> <span class='ocrx_word' id='word_1_12' title='bbox 504 1653 705 1737; x_wconf 79' lang='lat' dir='ltr'>rhapsodias,</span> <span class='ocrx_word' id='word_1_13' title='bbox 733 1676 815 1738; x_wconf 91' lang='lat' dir='ltr'>quae</span> <span class='ocrx_word' id='word_1_14' title='bbox 844 1676 958 1720; x_wconf 89' lang='lat' dir='ltr'>rursus</span> <span class='ocrx_word' id='word_1_15' title='bbox 986 1656 1023 1720; x_wconf 91' lang='lat' dir='ltr'>in</span> <span class='ocrx_word' id='word_1_16' title='bbox 1072 1657 1231 1739; x_wconf 92' lang='lat' dir='ltr'>optimum</span> <span class='ocrx_word' id='word_1_17' title='bbox 1242 1655 1423 1721; x_wconf 87' lang='lat' dir='ltr'>remedium</span> <span class='ocrx_word' id='word_1_18' title='bbox 1444 1654 1583 1720; x_wconf 82' lang='lat' dir='ltr'>afferret</span> <span class='ocrx_word' id='word_1_19' title='bbox 1605 1655 1693 1721; x_wconf 91' lang='lat' dir='ltr'>Huic</span> <span class='ocrx_word' id='word_1_20' title='bbox 1704 1614 1850 1738; x_wconf 81' lang='lat' dir='ltr'>opposita</span> <span class='ocrx_word' id='word_1_21' title='bbox 1860 1654 1924 1720; x_wconf 80' lang='lat' dir='ltr'>fuit</span> <span class='ocrx_word' id='word_1_22' title='bbox 1937 1657 2049 1722; x_wconf 87' lang='lat' dir='ltr'>brevis</span> 
     </span>
     <span class='ocr_line' id='line_1_3' title="bbox 46 1737 2048 1824; baseline 0.002 -21"><span class='ocrx_word' id='word_1_23' title='bbox 46 1739 151 1807; x_wconf 86' lang='lat' dir='ltr'>lucem</span> <span class='ocrx_word' id='word_1_24' title='bbox 173 1737 428 1822; x_wconf 85' lang='lat' dir='ltr'>prodieruntad</span> <span class='ocrx_word' id='word_1_25' title='bbox 447 1738 537 1823; x_wconf 91' lang='lat' dir='ltr'>leges</span> <span class='ocrx_word' id='word_1_26' title='bbox 561 1741 610 1805; x_wconf 88' lang='lat' dir='ltr'>De</span> <span class='ocrx_word' id='word_1_27' title='bbox 632 1741 765 1806; x_wconf 87' lang='lat' dir='ltr'>famosis</span> <span class='ocrx_word' id='word_1_28' title='bbox 787 1740 916 1816; x_wconf 86' lang='lat' dir='ltr'>libellis,</span> <span class='ocrx_word' id='word_1_29' title='bbox 946 1750 1022 1806; x_wconf 88' lang='lat' dir='ltr'>ante</span> <span class='ocrx_word' id='word_1_30' title='bbox 1071 1743 1233 1821; x_wconf 75' lang='lat' dir='ltr'>refutatio,</span> <span class='ocrx_word' id='word_1_31' title='bbox 1260 1742 1296 1806; x_wconf 92' lang='lat' dir='ltr'>in</span> <span class='ocrx_word' id='word_1_32' title='bbox 1322 1762 1388 1824; x_wconf 85' lang='lat' dir='ltr'>qua</span> <span class='ocrx_word' id='word_1_33' title='bbox 1415 1741 1608 1823; x_wconf 79' lang='lat' dir='ltr'>perstrictus</span> <span class='ocrx_word' id='word_1_34' title='bbox 1640 1742 1702 1806; x_wconf 90' lang='lat' dir='ltr'>fuit</span> <span class='ocrx_word' id='word_1_35' title='bbox 1739 1740 1929 1807; x_wconf 91' lang='lat' dir='ltr'>Balduinus.</span> <span class='ocrx_word' id='word_1_36' title='bbox 1974 1742 2048 1808; x_wconf 87' lang='lat' dir='ltr'>Hac</span> 
     </span>
     <span class='ocr_line' id='line_1_4' title="bbox 47 1823 2048 1910; baseline 0.001 -20"><span class='ocrx_word' id='word_1_37' title='bbox 47 1846 150 1892; x_wconf 84' lang='lat' dir='ltr'>annos</span> <span class='ocrx_word' id='word_1_38' title='bbox 171 1833 311 1908; x_wconf 88' lang='lat' dir='ltr'>quatuor</span> <span class='ocrx_word' id='word_1_39' title='bbox 332 1823 471 1890; x_wconf 79' lang='lat' dir='ltr'><strong>ediderit</strong></span> <span class='ocrx_word' id='word_1_40' title='bbox 491 1826 688 1894; x_wconf 79' lang='lat' dir='ltr'>Franciscus</span> <span class='ocrx_word' id='word_1_41' title='bbox 711 1826 906 1892; x_wconf 87' lang='lat' dir='ltr'>Balduinus.</span> <span class='ocrx_word' id='word_1_42' title='bbox 920 1891 922 1895; x_wconf 85' lang='grc'>,</span> <span class='ocrx_word' id='word_1_43' title='bbox 935 1826 1021 1891; x_wconf 90' lang='lat' dir='ltr'>Nam</span> <span class='ocrx_word' id='word_1_44' title='bbox 1073 1829 1240 1894; x_wconf 72' lang='lat' dir='ltr'>occasions</span> <span class='ocrx_word' id='word_1_45' title='bbox 1262 1847 1350 1892; x_wconf 91' lang='lat' dir='ltr'>nuuc</span> <span class='ocrx_word' id='word_1_46' title='bbox 1361 1848 1413 1891; x_wconf 92' lang='lat' dir='ltr'>me</span> <span class='ocrx_word' id='word_1_47' title='bbox 1423 1826 1622 1910; x_wconf 91' lang='lat' dir='ltr'>aggreditur,</span> <span class='ocrx_word' id='word_1_48' title='bbox 1645 1826 1729 1892; x_wconf 89' lang='lat' dir='ltr'>etad</span> <span class='ocrx_word' id='word_1_49' title='bbox 1742 1827 1881 1910; x_wconf 85' lang='lat' dir='ltr'>capitale</span> <span class='ocrx_word' id='word_1_50' title='bbox 1891 1826 2048 1894; x_wconf 91' lang='lat' dir='ltr'>iudicium</span> 
     </span>
    </p>
   </div>
   <div class='ocr_carea' id='block_1_3' title="bbox 47 1910 2186 1996">
    <p class='ocr_par' dir='ltr' id='par_1_3' title="bbox 47 1910 2186 1996">
     <span class='ocr_line' id='line_1_5' title="bbox 47 1910 2186 1996; baseline 0 -18"><span class='ocrx_word' id='word_1_51' title='bbox 47 1912 336 1994; x_wconf 77' lang='lat' dir='ltr'>vicesimoquiutc</span> <span class='ocrx_word' id='word_1_52' title='bbox 363 1910 416 1975; x_wconf 92' lang='lat' dir='ltr'>die</span> <span class='ocrx_word' id='word_1_53' title='bbox 437 1911 515 1976; x_wconf 93' lang='lat' dir='ltr'>Iulii</span> <span class='ocrx_word' id='word_1_54' title='bbox 542 1932 628 1977; x_wconf 92' lang='lat' dir='ltr'>anno</span> <span class='ocrx_word' id='word_1_55' title='bbox 656 1914 922 1996; x_wconf 88' lang='lat' dir='ltr'>quiuquagesimo</span> <span class='ocrx_word' id='word_1_56' title='bbox 949 1933 1022 1996; x_wconf 89' lang='lat' dir='ltr'>sep·</span> <span class='ocrx_word' id='word_1_57' title='bbox 1073 1933 1176 1991; x_wconf 85' lang='lat' dir='ltr'>vocat,</span> <span class='ocrx_word' id='word_1_58' title='bbox 1199 1912 1251 1978; x_wconf 87' lang='lat' dir='ltr'>vel</span> <span class='ocrx_word' id='word_1_59' title='bbox 1273 1914 1381 1996; x_wconf 90' lang='lat' dir='ltr'>potius</span> <span class='ocrx_word' id='word_1_60' title='bbox 1403 1912 1514 1991; x_wconf 89' lang='lat' dir='ltr'>trahit,</span> <span class='ocrx_word' id='word_1_61' title='bbox 1537 1934 1575 1980; x_wconf 87' lang='lat' dir='ltr'>ac</span> <span class='ocrx_word' id='word_1_62' title='bbox 1595 1914 1622 1976; x_wconf 90' lang='lat' dir='ltr'>si</span> <span class='ocrx_word' id='word_1_63' title='bbox 1644 1912 1764 1977; x_wconf 90' lang='lat' dir='ltr'>iniuste</span> <span class='ocrx_word' id='word_1_64' title='bbox 1783 1932 1868 1977; x_wconf 90' lang='lat' dir='ltr'>ame</span> <span class='ocrx_word' id='word_1_65' title='bbox 1879 1913 2049 1978; x_wconf 89' lang='lat' dir='ltr'>traductus</span> <span class='ocrx_word' id='word_1_66' title='bbox 2176 1927 2186 1950; x_wconf 89' lang='lat'><strong>·</strong></span> 
     </span>
    </p>
   </div>
   <div class='ocr_carea' id='block_1_4' title="bbox 41 1997 2068 5235">
    <p class='ocr_par' dir='ltr' id='par_1_4' title="bbox 45 1997 2068 3882">
     <span class='ocr_line' id='line_1_6' title="bbox 47 1997 2068 2082; baseline 0.001 -19"><span class='ocrx_word' id='word_1_67' title='bbox 47 1997 126 2063; x_wconf 88' lang='lat' dir='ltr'>timo</span> <span class='ocrx_word' id='word_1_68' title='bbox 155 1997 363 2082; x_wconf 79' lang='lat' dir='ltr'>privilegium</span> <span class='ocrx_word' id='word_1_69' title='bbox 396 1998 591 2080; x_wconf 87' lang='lat' dir='ltr'>impetravit</span> <span class='ocrx_word' id='word_1_70' title='bbox 637 1997 734 2062; x_wconf 91' lang='lat' dir='ltr'>Nunc</span> <span class='ocrx_word' id='word_1_71' title='bbox 761 2018 843 2081; x_wconf 91' lang='lat' dir='ltr'>opus</span> <span class='ocrx_word' id='word_1_72' title='bbox 869 2008 1022 2063; x_wconf 87' lang='lat' dir='ltr'>retexens</span> <span class='ocrx_word' id='word_1_73' title='bbox 1073 2000 1163 2064; x_wconf 85' lang='lat' dir='ltr'>foret</span> <span class='ocrx_word' id='word_1_74' title='bbox 1187 1997 1275 2080; x_wconf 77' lang='lat' dir='ltr'>Quid</span> <span class='ocrx_word' id='word_1_75' title='bbox 1298 2019 1376 2063; x_wconf 88' lang='lat' dir='ltr'>vero</span> <span class='ocrx_word' id='word_1_76' title='bbox 1397 1998 1427 2062; x_wconf 89' lang='lat' dir='ltr'>si</span> <span class='ocrx_word' id='word_1_77' title='bbox 1443 2018 1562 2082; x_wconf 84' lang='lat' dir='ltr'>negem</span> <span class='ocrx_word' id='word_1_78' title='bbox 1573 1997 1728 2075; x_wconf 88' lang='lat' dir='ltr'>libellum,</span> <span class='ocrx_word' id='word_1_79' title='bbox 1750 1999 1803 2064; x_wconf 92' lang='lat' dir='ltr'>cui</span> <span class='ocrx_word' id='word_1_80' title='bbox 1817 2007 1883 2079; x_wconf 83' lang='lat' dir='ltr'>tam</span> <span class='ocrx_word' id='word_1_81' title='bbox 1896 1997 2068 2067; x_wconf 56' lang='lat' dir='ltr'>ardenter,</span> 
     </span>
     <span class='ocr_line' id='line_1_7' title="bbox 46 2081 2049 2167; baseline 0.001 -20"><span class='ocrx_word' id='word_1_82' title='bbox 46 2104 110 2165; x_wconf 87' lang='lat' dir='ltr'>quo</span> <span class='ocrx_word' id='word_1_83' title='bbox 131 2081 230 2166; x_wconf 92' lang='lat' dir='ltr'>pleno</span> <span class='ocrx_word' id='word_1_84' title='bbox 241 2090 375 2166; x_wconf 88' lang='lat' dir='ltr'>gutture</span> <span class='ocrx_word' id='word_1_85' title='bbox 396 2104 490 2148; x_wconf 92' lang='lat' dir='ltr'>suam</span> <span class='ocrx_word' id='word_1_86' title='bbox 512 2084 547 2148; x_wconf 94' lang='lat' dir='ltr'>in</span> <span class='ocrx_word' id='word_1_87' title='bbox 558 2102 612 2147; x_wconf 87' lang='lat' dir='ltr'>me</span> <span class='ocrx_word' id='word_1_88' title='bbox 628 2083 837 2149; x_wconf 79' lang='lat' dir='ltr'>virulentiam</span> <span class='ocrx_word' id='word_1_89' title='bbox 848 2094 1021 2160; x_wconf 83' lang='lat' dir='ltr'>evomeret,</span> <span class='ocrx_word' id='word_1_90' title='bbox 1073 2086 1211 2151; x_wconf 81' lang='lat' dir='ltr'>infestus</span> <span class='ocrx_word' id='word_1_91' title='bbox 1233 2094 1292 2166; x_wconf 89' lang='lat' dir='ltr'>est,</span> <span class='ocrx_word' id='word_1_92' title='bbox 1321 2104 1416 2149; x_wconf 88' lang='lat' dir='ltr'>ame</span> <span class='ocrx_word' id='word_1_93' title='bbox 1444 2083 1623 2167; x_wconf 83' lang='lat' dir='ltr'>scriptum?</span> <span class='ocrx_word' id='word_1_94' title='bbox 1657 2084 1703 2148; x_wconf 81' lang='lat' dir='ltr'>Et</span> <span class='ocrx_word' id='word_1_95' title='bbox 1730 2093 1818 2150; x_wconf 89' lang='lat' dir='ltr'>certe</span> <span class='ocrx_word' id='word_1_96' title='bbox 1846 2084 1873 2149; x_wconf 90' lang='lat' dir='ltr'>si</span> <span class='ocrx_word' id='word_1_97' title='bbox 1902 2083 2049 2150; x_wconf 79' lang='lat' dir='ltr'>cavillari</span> 
     </span>
     <span class='ocr_line' id='line_1_8' title="bbox 46 2167 2051 2253; baseline 0 -19"><span class='ocrx_word' id='word_1_98' title='bbox 46 2189 88 2234; x_wconf 83' lang='lat' dir='ltr'>cu</span> <span class='ocrx_word' id='word_1_99' title='bbox 109 2168 182 2233; x_wconf 88' lang='lat' dir='ltr'>iure</span> <span class='ocrx_word' id='word_1_100' title='bbox 204 2167 411 2252; x_wconf 79' lang='lat' dir='ltr'>privilegium</span> <span class='ocrx_word' id='word_1_101' title='bbox 434 2167 515 2232; x_wconf 92' lang='lat' dir='ltr'>illud</span> <span class='ocrx_word' id='word_1_102' title='bbox 538 2168 625 2251; x_wconf 91' lang='lat' dir='ltr'>quod</span> <span class='ocrx_word' id='word_1_103' title='bbox 648 2168 731 2235; x_wconf 88' lang='lat' dir='ltr'>libro</span> <span class='ocrx_word' id='word_1_104' title='bbox 749 2180 830 2235; x_wconf 92' lang='lat' dir='ltr'>tunc</span> <span class='ocrx_word' id='word_1_105' title='bbox 846 2170 1022 2251; x_wconf 87' lang='lat' dir='ltr'>composito</span> <span class='ocrx_word' id='word_1_106' title='bbox 1073 2171 1181 2249; x_wconf 89' lang='lat' dir='ltr'>libeat,</span> <span class='ocrx_word' id='word_1_107' title='bbox 1211 2190 1331 2253; x_wconf 89' lang='lat' dir='ltr'>negare</span> <span class='ocrx_word' id='word_1_108' title='bbox 1360 2179 1548 2253; x_wconf 90' lang='lat' dir='ltr'>promptum</span> <span class='ocrx_word' id='word_1_109' title='bbox 1575 2179 1633 2234; x_wconf 89' lang='lat' dir='ltr'>est.</span> <span class='ocrx_word' id='word_1_110' title='bbox 1679 2168 1767 2249; x_wconf 77' lang='lat' dir='ltr'>Quia</span> <span class='ocrx_word' id='word_1_111' title='bbox 1793 2181 1910 2235; x_wconf 85' lang='lat' dir='ltr'>tamen·</span> <span class='ocrx_word' id='word_1_112' title='bbox 1928 2189 2051 2253; x_wconf 86' lang='lat' dir='ltr'>magna</span> 
     </span>
     <span class='ocr_line' id='line_1_9' title="bbox 46 2252 2049 2339; baseline 0.003 -20"><span class='ocrx_word' id='word_1_113' title='bbox 46 2252 161 2319; x_wconf 75' lang='lat' dir='ltr'>damni</span> <span class='ocrx_word' id='word_1_114' title='bbox 182 2264 255 2319; x_wconf 90' lang='lat' dir='ltr'>erat</span> <span class='ocrx_word' id='word_1_115' title='bbox 275 2274 379 2320; x_wconf 89' lang='lat' dir='ltr'>novae</span> <span class='ocrx_word' id='word_1_116' title='bbox 401 2255 586 2320; x_wconf 81' lang='lat' dir='ltr'>invectivae</span> <span class='ocrx_word' id='word_1_117' title='bbox 615 2255 785 2337; x_wconf 87' lang='lat' dir='ltr'>aptaverit,</span> <span class='ocrx_word' id='word_1_118' title='bbox 813 2255 912 2320; x_wconf 81' lang='lat' dir='ltr'>velim</span> <span class='ocrx_word' id='word_1_119' title='bbox 941 2255 1022 2319; x_wconf 92' lang='lat' dir='ltr'>mihi</span> <span class='ocrx_word' id='word_1_120' title='bbox 1074 2278 1116 2321; x_wconf 91' lang='lat' dir='ltr'>ex</span> <span class='ocrx_word' id='word_1_121' title='bbox 1144 2266 1236 2339; x_wconf 88' lang='lat' dir='ltr'>parte</span> <span class='ocrx_word' id='word_1_122' title='bbox 1263 2277 1304 2320; x_wconf 90' lang='lat' dir='ltr'>ex</span> <span class='ocrx_word' id='word_1_123' title='bbox 1332 2276 1405 2320; x_wconf 89' lang='lat' dir='ltr'>mco</span> <span class='ocrx_word' id='word_1_124' title='bbox 1432 2276 1584 2321; x_wconf 88' lang='lat' dir='ltr'>sermone</span> <span class='ocrx_word' id='word_1_125' title='bbox 1607 2256 1669 2320; x_wconf 88' lang='lat' dir='ltr'>fuit</span> <span class='ocrx_word' id='word_1_126' title='bbox 1696 2264 1860 2338; x_wconf 89' lang='lat' dir='ltr'>exceptus,</span> <span class='ocrx_word' id='word_1_127' title='bbox 1888 2277 1947 2338; x_wconf 90' lang='lat' dir='ltr'>pro</span> <span class='ocrx_word' id='word_1_128' title='bbox 1977 2276 2049 2325; x_wconf 85' lang='lat' dir='ltr'>meo</span> 
     </span>
     <span class='ocr_line' id='line_1_10' title="bbox 46 2339 2050 2425; baseline 0 -21"><span class='ocrx_word' id='word_1_129' title='bbox 46 2339 241 2423; x_wconf 86' lang='lat' dir='ltr'>respondeat</span> <span class='ocrx_word' id='word_1_130' title='bbox 275 2340 542 2406; x_wconf 87' lang='lat' dir='ltr'>Iurisconsultus.</span> <span class='ocrx_word' id='word_1_131' title='bbox 598 2340 696 2406; x_wconf 83' lang='lat' dir='ltr'>Certe</span> <span class='ocrx_word' id='word_1_132' title='bbox 731 2339 887 2406; x_wconf 89' lang='lat' dir='ltr'>beneficio</span> <span class='ocrx_word' id='word_1_133' title='bbox 919 2341 1023 2425; x_wconf 88' lang='lat' dir='ltr'>Regis</span> <span class='ocrx_word' id='word_1_134' title='bbox 1075 2362 1257 2425; x_wconf 79' lang='lat' dir='ltr'>agnoscam.</span> <span class='ocrx_word' id='word_1_135' title='bbox 1307 2341 1375 2407; x_wconf 93' lang='lat' dir='ltr'>Hic</span> <span class='ocrx_word' id='word_1_136' title='bbox 1407 2341 1491 2406; x_wconf 87' lang='lat' dir='ltr'>velis</span> <span class='ocrx_word' id='word_1_137' title='bbox 1524 2341 1679 2423; x_wconf 81' lang='lat' dir='ltr'>expansis</span> <span class='ocrx_word' id='word_1_138' title='bbox 1714 2342 1749 2404; x_wconf 94' lang='lat' dir='ltr'>in</span> <span class='ocrx_word' id='word_1_139' title='bbox 1782 2362 1835 2405; x_wconf 91' lang='lat' dir='ltr'>me</span> <span class='ocrx_word' id='word_1_140' title='bbox 1866 2340 2050 2406; x_wconf 86' lang='lat' dir='ltr'>Balduinus</span> 
     </span>
     <span class='ocr_line' id='line_1_11' title="bbox 47 2425 2049 2510; baseline -0 -19"><span class='ocrx_word' id='word_1_141' title='bbox 47 2433 123 2491; x_wconf 83' lang='lat' dir='ltr'>aute</span> <span class='ocrx_word' id='word_1_142' title='bbox 156 2426 324 2490; x_wconf 81' lang='lat' dir='ltr'>biennium</span> <span class='ocrx_word' id='word_1_143' title='bbox 357 2425 479 2491; x_wconf 90' lang='lat' dir='ltr'>mortui</span> <span class='ocrx_word' id='word_1_144' title='bbox 518 2446 599 2508; x_wconf 83' lang='lat' dir='ltr'>opue</span> <span class='ocrx_word' id='word_1_145' title='bbox 629 2447 650 2490; x_wconf 89' lang='lat' dir='ltr'>a</span> <span class='ocrx_word' id='word_1_146' title='bbox 683 2436 823 2510; x_wconf 90' lang='lat' dir='ltr'>quatuor</span> <span class='ocrx_word' id='word_1_147' title='bbox 855 2427 1023 2492; x_wconf 89' lang='lat' dir='ltr'>mansibus</span> <span class='ocrx_word' id='word_1_148' title='bbox 1075 2429 1251 2505; x_wconf 80' lang='lat' dir='ltr'>invehitur,</span> <span class='ocrx_word' id='word_1_149' title='bbox 1272 2427 1371 2510; x_wconf 89' lang='lat' dir='ltr'>seque</span> <span class='ocrx_word' id='word_1_150' title='bbox 1393 2426 1650 2493; x_wconf 83' lang='lat' dir='ltr'>falsacalumnia</span> <span class='ocrx_word' id='word_1_151' title='bbox 1672 2429 1804 2510; x_wconf 83' lang='lat' dir='ltr'>gravari</span> <span class='ocrx_word' id='word_1_152' title='bbox 1826 2426 2049 2510; x_wconf 88' lang='lat' dir='ltr'>conqueritur:</span> 
     </span>
     <span class='ocr_line' id='line_1_12' title="bbox 47 2510 2051 2597; baseline -0 -19"><span class='ocrx_word' id='word_1_153' title='bbox 47 2515 205 2594; x_wconf 84' lang='lat' dir='ltr'>scriptum</span> <span class='ocrx_word' id='word_1_154' title='bbox 233 2531 360 2590; x_wconf 87' lang='lat' dir='ltr'>ornare,</span> <span class='ocrx_word' id='word_1_155' title='bbox 389 2510 568 2576; x_wconf 85' lang='lat' dir='ltr'>absurdum</span> <span class='ocrx_word' id='word_1_156' title='bbox 598 2512 668 2576; x_wconf 81' lang='lat' dir='ltr'>fuit</span> <span class='ocrx_word' id='word_1_157' title='bbox 712 2516 823 2594; x_wconf 85' lang='lat' dir='ltr'>Atque</span> <span class='ocrx_word' id='word_1_158' title='bbox 839 2521 889 2577; x_wconf 85' lang='lat' dir='ltr'>·ut</span> <span class='ocrx_word' id='word_1_159' title='bbox 915 2513 1023 2594; x_wconf 84' lang='lat' dir='ltr'>apices</span> <span class='ocrx_word' id='word_1_160' title='bbox 1075 2525 1110 2579; x_wconf 89' lang='lat' dir='ltr'>et</span> <span class='ocrx_word' id='word_1_161' title='bbox 1129 2534 1317 2597; x_wconf 90' lang='lat' dir='ltr'>quanquam</span> <span class='ocrx_word' id='word_1_162' title='bbox 1339 2521 1487 2578; x_wconf 92' lang='lat' dir='ltr'>autorem</span> <span class='ocrx_word' id='word_1_163' title='bbox 1509 2532 1574 2577; x_wconf 93' lang='lat' dir='ltr'>non</span> <span class='ocrx_word' id='word_1_164' title='bbox 1592 2514 1750 2590; x_wconf 89' lang='lat' dir='ltr'>nominat,</span> <span class='ocrx_word' id='word_1_165' title='bbox 1772 2513 1916 2578; x_wconf 91' lang='lat' dir='ltr'>alienum</span> <span class='ocrx_word' id='word_1_166' title='bbox 1939 2522 2051 2577; x_wconf 90' lang='lat' dir='ltr'>tamen</span> 
     </span>
     <span class='ocr_line' id='line_1_13' title="bbox 47 2596 2051 2682; baseline 0 -21"><span class='ocrx_word' id='word_1_167' title='bbox 47 2597 126 2663; x_wconf 83' lang='lat' dir='ltr'>iuris</span> <span class='ocrx_word' id='word_1_168' title='bbox 148 2597 308 2674; x_wconf 87' lang='lat' dir='ltr'>omittam,</span> <span class='ocrx_word' id='word_1_169' title='bbox 332 2598 428 2663; x_wconf 90' lang='lat' dir='ltr'>sicuti</span> <span class='ocrx_word' id='word_1_170' title='bbox 446 2597 634 2679; x_wconf 89' lang='lat' dir='ltr'>loquuntur,</span> <span class='ocrx_word' id='word_1_171' title='bbox 657 2597 824 2662; x_wconf 80' lang='lat' dir='ltr'>falsarium</span> <span class='ocrx_word' id='word_1_172' title='bbox 836 2598 890 2664; x_wconf 92' lang='lat' dir='ltr'>hio</span> <span class='ocrx_word' id='word_1_173' title='bbox 907 2596 1023 2680; x_wconf 91' lang='lat' dir='ltr'>deprc-</span> <span class='ocrx_word' id='word_1_174' title='bbox 1075 2620 1156 2682; x_wconf 87' lang='lat' dir='ltr'>opus</span> <span class='ocrx_word' id='word_1_175' title='bbox 1177 2599 1255 2664; x_wconf 93' lang='lat' dir='ltr'>dicit</span> <span class='ocrx_word' id='word_1_176' title='bbox 1287 2599 1450 2663; x_wconf 89' lang='lat' dir='ltr'>immerito</span> <span class='ocrx_word' id='word_1_177' title='bbox 1477 2597 1540 2662; x_wconf 92' lang='lat' dir='ltr'>sibi</span> <span class='ocrx_word' id='word_1_178' title='bbox 1568 2597 1694 2664; x_wconf 89' lang='lat' dir='ltr'>ascribi.</span> <span class='ocrx_word' id='word_1_179' title='bbox 1737 2599 1810 2681; x_wconf 83' lang='lat' dir='ltr'>Ego</span> <span class='ocrx_word' id='word_1_180' title='bbox 1837 2606 1948 2664; x_wconf 89' lang='lat' dir='ltr'>autem</span> <span class='ocrx_word' id='word_1_181' title='bbox 1975 2618 2051 2663; x_wconf 91' lang='lat' dir='ltr'>eum</span> 
     </span>
     <span class='ocr_line' id='line_1_14' title="bbox 48 2682 2067 2766; baseline 0.001 -20"><span class='ocrx_word' id='word_1_182' title='bbox 48 2682 147 2749; x_wconf 86' lang='lat' dir='ltr'>bandi</span> <span class='ocrx_word' id='word_1_183' title='bbox 168 2704 284 2748; x_wconf 86' lang='lat' dir='ltr'>sensus</span> <span class='ocrx_word' id='word_1_184' title='bbox 306 2683 415 2749; x_wconf 88' lang='lat' dir='ltr'>dictat.</span> <span class='ocrx_word' id='word_1_185' title='bbox 457 2684 563 2748; x_wconf 89' lang='lat' dir='ltr'>Porro</span> <span class='ocrx_word' id='word_1_186' title='bbox 580 2683 730 2766; x_wconf 84' lang='lat' dir='ltr'>quamvis</span> <span class='ocrx_word' id='word_1_187' title='bbox 752 2693 787 2748; x_wconf 91' lang='lat' dir='ltr'>et</span> <span class='ocrx_word' id='word_1_188' title='bbox 808 2684 1023 2750; x_wconf 87' lang='lat' dir='ltr'>audaciaeius</span> <span class='ocrx_word' id='word_1_189' title='bbox 1074 2683 1213 2750; x_wconf 86' lang='lat' dir='ltr'>libenter</span> <span class='ocrx_word' id='word_1_190' title='bbox 1241 2684 1375 2762; x_wconf 87' lang='lat' dir='ltr'>adiuvo,</span> <span class='ocrx_word' id='word_1_191' title='bbox 1405 2705 1443 2750; x_wconf 88' lang='lat' dir='ltr'>ae</span> <span class='ocrx_word' id='word_1_192' title='bbox 1481 2690 1637 2749; x_wconf 91' lang='lat' dir='ltr'>testatum</span> <span class='ocrx_word' id='word_1_193' title='bbox 1668 2683 1742 2748; x_wconf 87' lang='lat' dir='ltr'>volo</span> <span class='ocrx_word' id='word_1_194' title='bbox 1764 2705 1834 2750; x_wconf 91' lang='lat' dir='ltr'>esse</span> <span class='ocrx_word' id='word_1_195' title='bbox 1866 2683 2067 2762; x_wconf 86' lang='lat' dir='ltr'>lectoribus,¹</span> 
     </span>
     <span class='ocr_line' id='line_1_15' title="bbox 48 2767 2053 2852; baseline 0.001 -19"><span class='ocrx_word' id='word_1_196' title='bbox 48 2779 79 2833; x_wconf 88' lang='lat' dir='ltr'>ct</span> <span class='ocrx_word' id='word_1_197' title='bbox 99 2769 292 2852; x_wconf 69' lang='lat' dir='ltr'>imrobitas</span> <span class='ocrx_word' id='word_1_198' title='bbox 313 2768 441 2852; x_wconf 85' lang='lat' dir='ltr'>pridem</span> <span class='ocrx_word' id='word_1_199' title='bbox 464 2767 616 2835; x_wconf 89' lang='lat' dir='ltr'>omnibus</span> <span class='ocrx_word' id='word_1_200' title='bbox 642 2768 775 2852; x_wconf 85' lang='lat' dir='ltr'>cognita</span> <span class='ocrx_word' id='word_1_201' title='bbox 801 2769 909 2847; x_wconf 83' lang='lat' dir='ltr'>fuerit,</span> <span class='ocrx_word' id='word_1_202' title='bbox 938 2790 1023 2835; x_wconf 91' lang='lat' dir='ltr'>nun·</span> <span class='ocrx_word' id='word_1_203' title='bbox 1075 2771 1210 2836; x_wconf 90' lang='lat' dir='ltr'>naenias</span> <span class='ocrx_word' id='word_1_204' title='bbox 1231 2770 1305 2835; x_wconf 90' lang='lat' dir='ltr'>illas</span> <span class='ocrx_word' id='word_1_205' title='bbox 1327 2790 1394 2835; x_wconf 92' lang='lat' dir='ltr'>non</span> <span class='ocrx_word' id='word_1_206' title='bbox 1415 2770 1456 2835; x_wconf 89' lang='lat' dir='ltr'>ab</span> <span class='ocrx_word' id='word_1_207' title='bbox 1478 2789 1545 2833; x_wconf 90' lang='lat' dir='ltr'>uno</span> <span class='ocrx_word' id='word_1_208' title='bbox 1566 2770 1807 2836; x_wconf 83' lang='lat' dir='ltr'>consarcinatae</span> <span class='ocrx_word' id='word_1_209' title='bbox 1835 2770 1943 2836; x_wconf 86' lang='lat' dir='ltr'>fuisse.</span> <span class='ocrx_word' id='word_1_210' title='bbox 1988 2770 2053 2836; x_wconf 82' lang='lat' dir='ltr'>Est</span> 
     </span>
     <span class='ocr_line' id='line_1_16' title="bbox 47 2853 2052 2938; baseline 0.001 -20"><span class='ocrx_word' id='word_1_211' title='bbox 47 2875 145 2936; x_wconf 89' lang='lat' dir='ltr'>quam</span> <span class='ocrx_word' id='word_1_212' title='bbox 172 2863 283 2921; x_wconf 88' lang='lat' dir='ltr'>tamen</span> <span class='ocrx_word' id='word_1_213' title='bbox 309 2856 423 2938; x_wconf 79' lang='lat' dir='ltr'>putavi</span> <span class='ocrx_word' id='word_1_214' title='bbox 450 2875 488 2920; x_wconf 91' lang='lat' dir='ltr'>ec</span> <span class='ocrx_word' id='word_1_215' title='bbox 517 2854 680 2920; x_wconf 86' lang='lat' dir='ltr'>amentiae</span> <span class='ocrx_word' id='word_1_216' title='bbox 709 2863 953 2938; x_wconf 90' lang='lat' dir='ltr'>prorupturum,</span> <span class='ocrx_word' id='word_1_217' title='bbox 986 2864 1024 2920; x_wconf 93' lang='lat' dir='ltr'>ut</span> <span class='ocrx_word' id='word_1_218' title='bbox 1075 2855 1269 2923; x_wconf 87' lang='lat' dir='ltr'>ansander.</span> <span class='ocrx_word' id='word_1_219' title='bbox 1294 2854 1426 2937; x_wconf 88' lang='lat' dir='ltr'>quidam</span> <span class='ocrx_word' id='word_1_220' title='bbox 1461 2855 1501 2920; x_wconf 91' lang='lat' dir='ltr'>ab</span> <span class='ocrx_word' id='word_1_221' title='bbox 1533 2853 1704 2926; x_wconf 86' lang='lat' dir='ltr'>hominum</span> <span class='ocrx_word' id='word_1_222' title='bbox 1737 2855 1979 2935; x_wconf 89' lang='lat' dir='ltr'>consuetudine,</span> <span class='ocrx_word' id='word_1_223' title='bbox 2013 2863 2052 2920; x_wconf 90' lang='lat' dir='ltr'>ut</span> 
     </span>
     <span class='ocr_line' id='line_1_17' title="bbox 47 2939 2050 3022; baseline 0 -16"><span class='ocrx_word' id='word_1_224' title='bbox 47 2940 129 3006; x_wconf 89' lang='lat' dir='ltr'>mihi</span> <span class='ocrx_word' id='word_1_225' title='bbox 151 2948 219 3011; x_wconf 86' lang='lat' dir='ltr'>tarn</span> <span class='ocrx_word' id='word_1_226' title='bbox 241 2948 394 3022; x_wconf 86' lang='lat' dir='ltr'>proterve</span> <span class='ocrx_word' id='word_1_227' title='bbox 415 2940 633 3007; x_wconf 88' lang='lat' dir='ltr'>malediceret.</span> <span class='ocrx_word' id='word_1_228' title='bbox 658 2939 843 3013; x_wconf 85' lang='lat' dir='ltr'>Verumut</span> <span class='ocrx_word' id='word_1_229' title='bbox 864 2940 1024 3006; x_wconf 90' lang='lat' dir='ltr'>eiusmodi</span> <span class='ocrx_word' id='word_1_230' title='bbox 1075 2943 1178 3018; x_wconf 89' lang='lat' dir='ltr'>aiunt,</span> <span class='ocrx_word' id='word_1_231' title='bbox 1200 2950 1353 3007; x_wconf 89' lang='lat' dir='ltr'>remotus.</span> <span class='ocrx_word' id='word_1_232' title='bbox 1377 2940 1447 3006; x_wconf 89' lang='lat' dir='ltr'>Nec</span> <span class='ocrx_word' id='word_1_233' title='bbox 1467 2961 1612 3022; x_wconf 88' lang='lat' dir='ltr'>unquam</span> <span class='ocrx_word' id='word_1_234' title='bbox 1633 2941 1830 3007; x_wconf 89' lang='lat' dir='ltr'>innotuisset</span> <span class='ocrx_word' id='word_1_235' title='bbox 1840 2942 1910 3007; x_wconf 90' lang='lat' dir='ltr'>eius</span> <span class='ocrx_word' id='word_1_236' title='bbox 1920 2962 2050 3022; x_wconf 89' lang='lat' dir='ltr'>nomen,</span> 
     </span>
     <span class='ocr_line' id='line_1_18' title="bbox 47 3024 2053 3110; baseline 0.001 -21"><span class='ocrx_word' id='word_1_237' title='bbox 47 3024 196 3091; x_wconf 89' lang='lat' dir='ltr'>homines</span> <span class='ocrx_word' id='word_1_238' title='bbox 223 3025 264 3089; x_wconf 90' lang='lat' dir='ltr'>ad</span> <span class='ocrx_word' id='word_1_239' title='bbox 293 3025 418 3092; x_wconf 87' lang='lat' dir='ltr'>rabiem</span> <span class='ocrx_word' id='word_1_240' title='bbox 446 3026 562 3092; x_wconf 88' lang='lat' dir='ltr'>incitat</span> <span class='ocrx_word' id='word_1_241' title='bbox 590 3025 783 3109; x_wconf 80' lang='lat' dir='ltr'>desperatio,</span> <span class='ocrx_word' id='word_1_242' title='bbox 811 3027 1023 3110; x_wconf 84' lang='lat' dir='ltr'>praecipitem</span> <span class='ocrx_word' id='word_1_243' title='bbox 1074 3028 1139 3094; x_wconf 90' lang='lat' dir='ltr'>nisi</span> <span class='ocrx_word' id='word_1_244' title='bbox 1160 3025 1318 3092; x_wconf 81' lang='lat' dir='ltr'>Balduini</span> <span class='ocrx_word' id='word_1_245' title='bbox 1344 3026 1607 3108; x_wconf 88' lang='lat' dir='ltr'>impulsu-nunc</span> <span class='ocrx_word' id='word_1_246' title='bbox 1635 3047 1655 3090; x_wconf 86' lang='lat' dir='ltr'>a</span> <span class='ocrx_word' id='word_1_247' title='bbox 1680 3047 1734 3091; x_wconf 92' lang='lat' dir='ltr'>me</span> <span class='ocrx_word' id='word_1_248' title='bbox 1761 3026 1938 3109; x_wconf 90' lang='lat' dir='ltr'>productus</span> <span class='ocrx_word' id='word_1_249' title='bbox 1965 3033 2053 3093; x_wconf 88' lang='lat' dir='ltr'>esset</span> 
     </span>
     <span class='ocr_line' id='line_1_19' title="bbox 46 3110 2053 3196; baseline 0 -20"><span class='ocrx_word' id='word_1_250' title='bbox 46 3132 121 3178; x_wconf 89' lang='lat' dir='ltr'>eum</span> <span class='ocrx_word' id='word_1_251' title='bbox 155 3112 223 3196; x_wconf 87' lang='lat' dir='ltr'>egit</span> <span class='ocrx_word' id='word_1_252' title='bbox 260 3111 348 3178; x_wconf 89' lang='lat' dir='ltr'>mala</span> <span class='ocrx_word' id='word_1_253' title='bbox 384 3113 599 3178; x_wconf 87' lang='lat' dir='ltr'>conscientia:</span> <span class='ocrx_word' id='word_1_254' title='bbox 631 3120 669 3176; x_wconf 93' lang='lat' dir='ltr'>ut</span> <span class='ocrx_word' id='word_1_255' title='bbox 703 3133 798 3178; x_wconf 88' lang='lat' dir='ltr'>caeco</span> <span class='ocrx_word' id='word_1_256' title='bbox 830 3115 956 3195; x_wconf 93' lang='lat' dir='ltr'>impetu</span> <span class='ocrx_word' id='word_1_257' title='bbox 988 3112 1024 3178; x_wconf 91' lang='lat' dir='ltr'>in</span> <span class='ocrx_word' id='word_1_258' title='bbox 1074 3114 1110 3178; x_wconf 94' lang='lat' dir='ltr'>iu</span> <span class='ocrx_word' id='word_1_259' title='bbox 1141 3113 1317 3178; x_wconf 85' lang='lat' dir='ltr'>theatrum.</span> <span class='ocrx_word' id='word_1_260' title='bbox 1370 3112 1405 3177; x_wconf 92' lang='lat' dir='ltr'>Is</span> <span class='ocrx_word' id='word_1_261' title='bbox 1437 3133 1479 3177; x_wconf 84' lang='lat' dir='ltr'>cx</span> <span class='ocrx_word' id='word_1_262' title='bbox 1508 3111 1684 3177; x_wconf 89' lang='lat' dir='ltr'>solitudine</span> <span class='ocrx_word' id='word_1_263' title='bbox 1712 3110 1888 3192; x_wconf 72' lang='grc' dir='ltr'>αὐθάδειαν,</span> <span class='ocrx_word' id='word_1_264' title='bbox 1915 3120 1955 3178; x_wconf 92' lang='lat' dir='ltr'>ut</span> <span class='ocrx_word' id='word_1_265' title='bbox 1980 3113 2053 3178; x_wconf 91' lang='lat' dir='ltr'>ficri</span> 
     </span>
     <span class='ocr_line' id='line_1_20' title="bbox 46 3197 2052 3281; baseline 0 -19"><span class='ocrx_word' id='word_1_266' title='bbox 46 3201 119 3276; x_wconf 73' lang='lat' dir='ltr'>[pag¹</span> <span class='ocrx_word' id='word_1_267' title='bbox 139 3203 172 3277; x_wconf 82' lang='grc'>4]</span> <span class='ocrx_word' id='word_1_268' title='bbox 196 3218 231 3262; x_wconf 89' lang='lat' dir='ltr'>sc</span> <span class='ocrx_word' id='word_1_269' title='bbox 248 3197 359 3280; x_wconf 85' lang='lat' dir='ltr'>ipsum</span> <span class='ocrx_word' id='word_1_270' title='bbox 379 3199 488 3280; x_wconf 90' lang='lat' dir='ltr'>potius</span> <span class='ocrx_word' id='word_1_271' title='bbox 510 3219 607 3281; x_wconf 92' lang='lat' dir='ltr'>quam</span> <span class='ocrx_word' id='word_1_272' title='bbox 630 3198 664 3263; x_wconf 94' lang='lat' dir='ltr'>in</span> <span class='ocrx_word' id='word_1_273' title='bbox 686 3207 881 3264; x_wconf 84' lang='lat' dir='ltr'>meruerat.</span> <span class='ocrx_word' id='word_1_274' title='bbox 925 3199 1023 3263; x_wconf 85' lang='lat' dir='ltr'>(lom-</span> <span class='ocrx_word' id='word_1_275' title='bbox 1075 3199 1167 3277; x_wconf 86' lang='lat' dir='ltr'>solat,</span> <span class='ocrx_word' id='word_1_276' title='bbox 1189 3199 1236 3264; x_wconf 92' lang='lat' dir='ltr'>ita</span> <span class='ocrx_word' id='word_1_277' title='bbox 1260 3198 1432 3274; x_wconf 88' lang='lat' dir='ltr'>contraxit,</span> <span class='ocrx_word' id='word_1_278' title='bbox 1461 3206 1499 3261; x_wconf 95' lang='lat' dir='ltr'>ut</span> <span class='ocrx_word' id='word_1_279' title='bbox 1525 3219 1638 3271; x_wconf 83' lang='lat' dir='ltr'>omnes</span> <span class='ocrx_word' id='word_1_280' title='bbox 1664 3199 1732 3263; x_wconf 86' lang='lat' dir='ltr'>fere</span> <span class='ocrx_word' id='word_1_281' title='bbox 1758 3199 1827 3263; x_wconf 92' lang='lat' dir='ltr'>eius</span> <span class='ocrx_word' id='word_1_282' title='bbox 1854 3219 1970 3263; x_wconf 87' lang='lat' dir='ltr'>seusus</span> <span class='ocrx_word' id='word_1_283' title='bbox 1996 3197 2052 3263; x_wconf 84' lang='lat' dir='ltr'>ob-</span> 
     </span>
     <span class='ocr_line' id='line_1_21' title="bbox 45 3281 2051 3368; baseline 0 -20"><span class='ocrx_word' id='word_1_284' title='bbox 45 3286 171 3350; x_wconf 82' lang='lat' dir='ltr'>motum</span> <span class='ocrx_word' id='word_1_285' title='bbox 191 3284 261 3348; x_wconf 88' lang='lat' dir='ltr'>eius</span> <span class='ocrx_word' id='word_1_286' title='bbox 279 3283 472 3366; x_wconf 83' lang='lat' dir='ltr'>intemperie</span> <span class='ocrx_word' id='word_1_287' title='bbox 483 3305 535 3348; x_wconf 92' lang='lat' dir='ltr'>me</span> <span class='ocrx_word' id='word_1_288' title='bbox 546 3284 645 3349; x_wconf 86' lang='lat' dir='ltr'>fuisse</span> <span class='ocrx_word' id='word_1_289' title='bbox 659 3304 724 3349; x_wconf 88' lang='grc' dir='ltr'>ιιοιι</span> <span class='ocrx_word' id='word_1_290' title='bbox 735 3283 870 3368; x_wconf 89' lang='lat' dir='ltr'>negabo,</span> <span class='ocrx_word' id='word_1_291' title='bbox 892 3284 1024 3368; x_wconf 93' lang='lat' dir='ltr'>quando</span> <span class='ocrx_word' id='word_1_292' title='bbox 1075 3285 1284 3367; x_wconf 82' lang='lat' dir='ltr'>stupefecerit</span> <span class='ocrx_word' id='word_1_293' title='bbox 1314 3284 1493 3349; x_wconf 83' lang='lat' dir='ltr'>morositas.</span> <span class='ocrx_word' id='word_1_294' title='bbox 1539 3281 1704 3363; x_wconf 79' lang='lat' dir='ltr'>Quoniam</span> <span class='ocrx_word' id='word_1_295' title='bbox 1739 3284 1892 3350; x_wconf 79' lang='lat' dir='ltr'>olfecerat</span> <span class='ocrx_word' id='word_1_296' title='bbox 1924 3288 1998 3362; x_wconf 80' lang='lat' dir='ltr'>[pag.</span> <span class='ocrx_word' id='word_1_297' title='bbox 2017 3288 2051 3363; x_wconf 81' lang='grc'>6]</span> 
     </span>
     <span class='ocr_line' id='line_1_22' title="bbox 46 3367 2052 3454; baseline 0 -21"><span class='ocrx_word' id='word_1_298' title='bbox 46 3371 115 3435; x_wconf 90' lang='lat' dir='ltr'>ficri</span> <span class='ocrx_word' id='word_1_299' title='bbox 138 3389 207 3434; x_wconf 93' lang='lat' dir='ltr'>non</span> <span class='ocrx_word' id='word_1_300' title='bbox 229 3378 337 3452; x_wconf 89' lang='lat' dir='ltr'>potest</span> <span class='ocrx_word' id='word_1_301' title='bbox 358 3370 437 3452; x_wconf 92' lang='lat' dir='ltr'>quin</span> <span class='ocrx_word' id='word_1_302' title='bbox 459 3368 645 3435; x_wconf 89' lang='lat' dir='ltr'>hominibus</span> <span class='ocrx_word' id='word_1_303' title='bbox 667 3368 808 3435; x_wconf 85' lang='lat' dir='ltr'>cordatis</span> <span class='ocrx_word' id='word_1_304' title='bbox 826 3371 1023 3454; x_wconf 87' lang='lat' dir='ltr'>etingenuis</span> <span class='ocrx_word' id='word_1_305' title='bbox 1074 3370 1260 3436; x_wconf 84' lang='lat' dir='ltr'>Balduinus</span> <span class='ocrx_word' id='word_1_306' title='bbox 1287 3369 1384 3434; x_wconf 89' lang='lat' dir='ltr'>illum</span> <span class='ocrx_word' id='word_1_307' title='bbox 1411 3368 1530 3451; x_wconf 82' lang='lat' dir='ltr'>viginti</span> <span class='ocrx_word' id='word_1_308' title='bbox 1559 3390 1719 3434; x_wconf 86' lang='lat' dir='ltr'>annorum</span> <span class='ocrx_word' id='word_1_309' title='bbox 1746 3369 1811 3435; x_wconf 91' lang='lat' dir='ltr'>otio</span> <span class='ocrx_word' id='word_1_310' title='bbox 1839 3369 1880 3434; x_wconf 92' lang='lat' dir='ltr'>ad</span> <span class='ocrx_word' id='word_1_311' title='bbox 1910 3367 2052 3434; x_wconf 87' lang='lat' dir='ltr'>mediam</span> 
     </span>
     <span class='ocr_line' id='line_1_23' title="bbox 46 3453 2053 3539; baseline 0 -21"><span class='ocrx_word' id='word_1_312' title='bbox 46 3455 251 3521; x_wconf 87' lang='lat' dir='ltr'>stomachum</span> <span class='ocrx_word' id='word_1_313' title='bbox 274 3467 402 3520; x_wconf 85' lang='lat' dir='ltr'>moveat</span> <span class='ocrx_word' id='word_1_314' title='bbox 423 3462 518 3520; x_wconf 85' lang='lat' dir='ltr'>tanta</span> <span class='ocrx_word' id='word_1_315' title='bbox 537 3453 733 3538; x_wconf 80' lang='lat' dir='ltr'>indignitas:</span> <span class='ocrx_word' id='word_1_316' title='bbox 763 3454 821 3520; x_wconf 90' lang='lat' dir='ltr'>sed</span> <span class='ocrx_word' id='word_1_317' title='bbox 849 3456 919 3523; x_wconf 91' lang='lat' dir='ltr'>eius</span> <span class='ocrx_word' id='word_1_318' title='bbox 946 3476 1023 3521; x_wconf 86' lang='lat' dir='ltr'>con·</span> <span class='ocrx_word' id='word_1_319' title='bbox 1075 3454 1238 3539; x_wconf 90' lang='lat' dir='ltr'>quandam</span> <span class='ocrx_word' id='word_1_320' title='bbox 1262 3467 1296 3520; x_wconf 91' lang='lat' dir='ltr'>et</span> <span class='ocrx_word' id='word_1_321' title='bbox 1316 3456 1495 3523; x_wconf 87' lang='lat' dir='ltr'>flexuosam</span> <span class='ocrx_word' id='word_1_322' title='bbox 1514 3454 1704 3538; x_wconf 81' lang='lat' dir='ltr'>religionem</span> <span class='ocrx_word' id='word_1_323' title='bbox 1722 3455 2053 3521; x_wconf 87' lang='lat' dir='ltr'>cudendama-busum</span> 
     </span>
     <span class='ocr_line' id='line_1_24' title="bbox 46 3540 2052 3624; baseline 0.001 -20"><span class='ocrx_word' id='word_1_324' title='bbox 46 3542 129 3607; x_wconf 82' lang='lat' dir='ltr'>vicia</span> <span class='ocrx_word' id='word_1_325' title='bbox 139 3540 276 3624; x_wconf 90' lang='lat' dir='ltr'>perinde</span> <span class='ocrx_word' id='word_1_326' title='bbox 297 3561 335 3607; x_wconf 87' lang='lat' dir='ltr'>ac</span> <span class='ocrx_word' id='word_1_327' title='bbox 358 3541 384 3605; x_wconf 90' lang='lat' dir='ltr'>si</span> <span class='ocrx_word' id='word_1_328' title='bbox 405 3563 457 3606; x_wconf 92' lang='lat' dir='ltr'>me</span> <span class='ocrx_word' id='word_1_329' title='bbox 474 3563 539 3606; x_wconf 88' lang='lat' dir='ltr'>non</span> <span class='ocrx_word' id='word_1_330' title='bbox 557 3545 756 3624; x_wconf 85' lang='lat' dir='ltr'>attingerent</span> <span class='ocrx_word' id='word_1_331' title='bbox 772 3540 868 3607; x_wconf 85' lang='lat' dir='ltr'>facile</span> <span class='ocrx_word' id='word_1_332' title='bbox 878 3541 1022 3624; x_wconf 88' lang='lat' dir='ltr'>despexi.</span> <span class='ocrx_word' id='word_1_333' title='bbox 1076 3563 1163 3619; x_wconf 87' lang='lat' dir='ltr'>esse,</span> <span class='ocrx_word' id='word_1_334' title='bbox 1194 3561 1236 3606; x_wconf 86' lang='lat' dir='ltr'>ex</span> <span class='ocrx_word' id='word_1_335' title='bbox 1270 3543 1355 3605; x_wconf 88' lang='lat' dir='ltr'>eius&#39;</span> <span class='ocrx_word' id='word_1_336' title='bbox 1372 3543 1447 3605; x_wconf 92' lang='lat' dir='ltr'>sinu</span> <span class='ocrx_word' id='word_1_337' title='bbox 1480 3541 1624 3605; x_wconf 84' lang='lat' dir='ltr'>inlausta</span> <span class='ocrx_word' id='word_1_338' title='bbox 1655 3541 1712 3605; x_wconf 89' lang='lat' dir='ltr'>illa</span> <span class='ocrx_word' id='word_1_339' title='bbox 1744 3549 1927 3606; x_wconf 86' lang='lat' dir='ltr'>commenta</span> <span class='ocrx_word' id='word_1_340' title='bbox 1958 3540 2052 3606; x_wconf 86' lang='lat' dir='ltr'>facile</span> 
     </span>
     <span class='ocr_line' id='line_1_25' title="bbox 45 3624 2052 3710; baseline 0 -18"><span class='ocrx_word' id='word_1_341' title='bbox 45 3626 183 3692; x_wconf 82' lang='lat' dir='ltr'>Celebre</span> <span class='ocrx_word' id='word_1_342' title='bbox 204 3636 256 3692; x_wconf 91' lang='lat' dir='ltr'>est</span> <span class='ocrx_word' id='word_1_343' title='bbox 278 3624 424 3692; x_wconf 81' lang='lat' dir='ltr'>Socratis</span> <span class='ocrx_word' id='word_1_344' title='bbox 446 3626 582 3692; x_wconf 91' lang='lat' dir='ltr'>dictum:</span> <span class='ocrx_word' id='word_1_345' title='bbox 606 3630 659 3692; x_wconf 77' lang='lat' dir='ltr'>An</span> <span class='ocrx_word' id='word_1_346' title='bbox 683 3627 784 3704; x_wconf 88' lang='lat' dir='ltr'>asino,</span> <span class='ocrx_word' id='word_1_347' title='bbox 808 3629 833 3692; x_wconf 95' lang='lat' dir='ltr'>si</span> <span class='ocrx_word' id='word_1_348' title='bbox 854 3649 913 3692; x_wconf 90' lang='lat' dir='ltr'>me</span> <span class='ocrx_word' id='word_1_349' title='bbox 935 3627 1023 3691; x_wconf 83' lang='lat' dir='ltr'>culce</span> <span class='ocrx_word' id='word_1_350' title='bbox 1075 3628 1192 3693; x_wconf 77' lang='lat' dir='ltr'>aficere</span> <span class='ocrx_word' id='word_1_351' title='bbox 1219 3628 1341 3710; x_wconf 91' lang='lat' dir='ltr'>potuit:</span> <span class='ocrx_word' id='word_1_352' title='bbox 1373 3646 1456 3709; x_wconf 86' lang='lat' dir='ltr'>quae</span> <span class='ocrx_word' id='word_1_353' title='bbox 1489 3625 1596 3690; x_wconf 92' lang='lat' dir='ltr'>lucem</span> <span class='ocrx_word' id='word_1_354' title='bbox 1629 3627 1771 3691; x_wconf 90' lang='lat' dir='ltr'>tenebris</span> <span class='ocrx_word' id='word_1_355' title='bbox 1798 3625 1964 3692; x_wconf 90' lang='lat' dir='ltr'>miscendo</span> <span class='ocrx_word' id='word_1_356' title='bbox 1991 3627 2052 3692; x_wconf 85' lang='lat' dir='ltr'>sub</span> 
     </span>
     <span class='ocr_line' id='line_1_26' title="bbox 45 3710 2053 3797; baseline 0 -19"><span class='ocrx_word' id='word_1_357' title='bbox 45 3714 200 3796; x_wconf 87' lang='lat' dir='ltr'>petiisset,</span> <span class='ocrx_word' id='word_1_358' title='bbox 219 3732 327 3779; x_wconf 90' lang='lat' dir='ltr'>coram</span> <span class='ocrx_word' id='word_1_359' title='bbox 351 3722 498 3797; x_wconf 87' lang='lat' dir='ltr'>praetore</span> <span class='ocrx_word' id='word_1_360' title='bbox 510 3711 595 3777; x_wconf 89' lang='lat' dir='ltr'>diem</span> <span class='ocrx_word' id='word_1_361' title='bbox 608 3712 772 3778; x_wconf 85' lang='lat' dir='ltr'>dicerem?</span> <span class='ocrx_word' id='word_1_362' title='bbox 817 3714 889 3778; x_wconf 81' lang='lat' dir='ltr'>Etsi</span> <span class='ocrx_word' id='word_1_363' title='bbox 912 3722 1022 3778; x_wconf 89' lang='lat' dir='ltr'>autem</span> <span class='ocrx_word' id='word_1_364' title='bbox 1074 3713 1246 3796; x_wconf 84' lang='lat' dir='ltr'>pestiferae</span> <span class='ocrx_word' id='word_1_365' title='bbox 1274 3712 1464 3778; x_wconf 87' lang='lat' dir='ltr'>concordiae</span> <span class='ocrx_word' id='word_1_366' title='bbox 1498 3724 1669 3793; x_wconf 86' lang='lat' dir='ltr'>praetextu</span> <span class='ocrx_word' id='word_1_367' title='bbox 1703 3732 1817 3776; x_wconf 92' lang='lat' dir='ltr'>omues</span> <span class='ocrx_word' id='word_1_368' title='bbox 1850 3713 1884 3776; x_wconf 95' lang='lat' dir='ltr'>in</span> <span class='ocrx_word' id='word_1_369' title='bbox 1917 3710 2053 3779; x_wconf 86' lang='lat' dir='ltr'>ccclesia</span> 
     </span>
     <span class='ocr_line' id='line_1_27' title="bbox 67 3796 2054 3882; baseline -0.001 -16"><span class='ocrx_word' id='word_1_370' title='bbox 67 3798 159 3866; x_wconf 90' lang='lat' dir='ltr'>rccul</span> <span class='ocrx_word' id='word_1_371' title='bbox 181 3799 295 3865; x_wconf 85' lang='lat' dir='ltr'>absum</span> <span class='ocrx_word' id='word_1_372' title='bbox 319 3800 359 3864; x_wconf 91' lang='lat' dir='ltr'>ab</span> <span class='ocrx_word' id='word_1_373' title='bbox 377 3820 416 3863; x_wconf 86' lang='lat' dir='ltr'>ea</span> <span class='ocrx_word' id='word_1_374' title='bbox 437 3798 539 3864; x_wconf 88' lang='lat' dir='ltr'>animi</span> <span class='ocrx_word' id='word_1_375' title='bbox 549 3797 775 3882; x_wconf 90' lang='lat' dir='ltr'>magnitudine</span> <span class='ocrx_word' id='word_1_376' title='bbox 787 3819 852 3881; x_wconf 86' lang='lat' dir='ltr'>qus</span> <span class='ocrx_word' id='word_1_377' title='bbox 869 3798 1024 3867; x_wconf 86' lang='lat' dir='ltr'>excelluit</span> <span class='ocrx_word' id='word_1_378' title='bbox 1075 3799 1278 3880; x_wconf 87' lang='lat' dir='ltr'>corruptelas</span> <span class='ocrx_word' id='word_1_379' title='bbox 1299 3799 1458 3862; x_wconf 87' lang='lat' dir='ltr'>foverent.</span> <span class='ocrx_word' id='word_1_380' title='bbox 1481 3797 1547 3861; x_wconf 86' lang='lat' dir='ltr'>Vix</span> <span class='ocrx_word' id='word_1_381' title='bbox 1572 3798 1660 3861; x_wconf 92' lang='lat' dir='ltr'>enim</span> <span class='ocrx_word' id='word_1_382' title='bbox 1683 3796 1836 3862; x_wconf 84' lang='lat' dir='ltr'>credibile</span> <span class='ocrx_word' id='word_1_383' title='bbox 1857 3805 1907 3862; x_wconf 91' lang='lat' dir='ltr'>cst</span> <span class='ocrx_word' id='word_1_384' title='bbox 1927 3809 2054 3881; x_wconf 87' lang='lat' dir='ltr'>quanta</span> 
     </span>
    </p>

    <p class='ocr_par' dir='ltr' id='par_1_5' title="bbox 42 3882 2051 4910">
     <span class='ocr_line' id='line_1_28' title="bbox 110 3882 2051 3968; baseline -0.001 -18"><span class='ocrx_word' id='word_1_385' title='bbox 110 3893 206 3962; x_wconf 86' lang='lat' dir='ltr'>ratae,</span> <span class='ocrx_word' id='word_1_386' title='bbox 229 3884 327 3968; x_wconf 89' lang='lat' dir='ltr'>longo</span> <span class='ocrx_word' id='word_1_387' title='bbox 350 3892 462 3949; x_wconf 87' lang='lat' dir='ltr'>tamen</span> <span class='ocrx_word' id='word_1_388' title='bbox 481 3906 545 3950; x_wconf 91' lang='lat' dir='ltr'>usu</span> <span class='ocrx_word' id='word_1_389' title='bbox 569 3885 634 3949; x_wconf 89' lang='lat' dir='ltr'>iam</span> <span class='ocrx_word' id='word_1_390' title='bbox 659 3883 797 3949; x_wconf 87' lang='lat' dir='ltr'>obdurui</span> <span class='ocrx_word' id='word_1_391' title='bbox 819 3885 860 3949; x_wconf 90' lang='lat' dir='ltr'>ad</span> <span class='ocrx_word' id='word_1_392' title='bbox 884 3886 1022 3950; x_wconf 89' lang='lat' dir='ltr'>istorum</span> <span class='ocrx_word' id='word_1_393' title='bbox 1074 3884 1251 3968; x_wconf 85' lang='lat' dir='ltr'>sagacitate</span> <span class='ocrx_word' id='word_1_394' title='bbox 1277 3883 1433 3967; x_wconf 91' lang='lat' dir='ltr'>quidquid</span> <span class='ocrx_word' id='word_1_395' title='bbox 1470 3882 1584 3966; x_wconf 89' lang='lat' dir='ltr'>pietati</span> <span class='ocrx_word' id='word_1_396' title='bbox 1616 3883 1750 3948; x_wconf 90' lang='lat' dir='ltr'>noxium</span> <span class='ocrx_word' id='word_1_397' title='bbox 1784 3892 1835 3947; x_wconf 94' lang='lat' dir='ltr'>est</span> <span class='ocrx_word' id='word_1_398' title='bbox 1866 3884 2051 3968; x_wconf 85' lang='lat' dir='ltr'>investiget</span> 
     </span>
     <span class='ocr_line' id='line_1_29' title="bbox 44 3968 2051 4053; baseline -0.001 -17"><span class='ocrx_word' id='word_1_399' title='bbox 44 3990 163 4036; x_wconf 81' lang='lat' dir='ltr'>canum</span> <span class='ocrx_word' id='word_1_400' title='bbox 185 3969 333 4049; x_wconf 85' lang='lat' dir='ltr'>latratus,</span> <span class='ocrx_word' id='word_1_401' title='bbox 356 3979 454 4052; x_wconf 90' lang='lat' dir='ltr'>atque</span> <span class='ocrx_word' id='word_1_402' title='bbox 475 3992 517 4034; x_wconf 91' lang='lat' dir='ltr'>ex</span> <span class='ocrx_word' id='word_1_403' title='bbox 539 3970 671 4034; x_wconf 92' lang='lat' dir='ltr'>meliore</span> <span class='ocrx_word' id='word_1_404' title='bbox 682 3968 902 4036; x_wconf 87' lang='lat' dir='ltr'>scholadidici</span> <span class='ocrx_word' id='word_1_405' title='bbox 912 3970 1022 4034; x_wconf 91' lang='lat' dir='ltr'>Deum</span> <span class='ocrx_word' id='word_1_406' title='bbox 1074 3969 1318 4053; x_wconf 79' lang='lat' dir='ltr'>Qualiscunquc</span> <span class='ocrx_word' id='word_1_407' title='bbox 1340 3981 1449 4034; x_wconf 88' lang='lat' dir='ltr'>autem</span> <span class='ocrx_word' id='word_1_408' title='bbox 1471 3977 1542 4033; x_wconf 90' lang='lat' dir='ltr'>erat</span> <span class='ocrx_word' id='word_1_409' title='bbox 1563 3968 1621 4032; x_wconf 90' lang='lat' dir='ltr'>illa</span> <span class='ocrx_word' id='word_1_410' title='bbox 1640 3970 1777 4052; x_wconf 84' lang='lat' dir='ltr'>farrago,</span> <span class='ocrx_word' id='word_1_411' title='bbox 1797 3990 1869 4034; x_wconf 88' lang='lat' dir='ltr'>eam</span> <span class='ocrx_word' id='word_1_412' title='bbox 1894 3989 1953 4034; x_wconf 90' lang='lat' dir='ltr'>suo</span> <span class='ocrx_word' id='word_1_413' title='bbox 1971 3969 2051 4034; x_wconf 87' lang='lat' dir='ltr'>arti·</span> 
     </span>
     <span class='ocr_line' id='line_1_30' title="bbox 44 4054 2050 4138; baseline -0.001 -16"><span class='ocrx_word' id='word_1_414' title='bbox 44 4055 173 4138; x_wconf 86' lang='lat' dir='ltr'>probris</span> <span class='ocrx_word' id='word_1_415' title='bbox 193 4066 228 4120; x_wconf 92' lang='lat' dir='ltr'>et</span> <span class='ocrx_word' id='word_1_416' title='bbox 249 4055 452 4123; x_wconf 87' lang='lat' dir='ltr'>contumeliis</span> <span class='ocrx_word' id='word_1_417' title='bbox 473 4056 584 4121; x_wconf 85' lang='lat' dir='ltr'>cervos</span> <span class='ocrx_word' id='word_1_418' title='bbox 606 4076 690 4132; x_wconf 86' lang='lat' dir='ltr'>suos,</span> <span class='ocrx_word' id='word_1_419' title='bbox 713 4064 752 4119; x_wconf 93' lang='lat' dir='ltr'>ut</span> <span class='ocrx_word' id='word_1_420' title='bbox 774 4056 887 4137; x_wconf 90' lang='lat' dir='ltr'>probet</span> <span class='ocrx_word' id='word_1_421' title='bbox 908 4076 1021 4121; x_wconf 91' lang='lat' dir='ltr'>eorum</span> <span class='ocrx_word' id='word_1_422' title='bbox 1073 4056 1147 4121; x_wconf 91' lang='lat' dir='ltr'>ficio</span> <span class='ocrx_word' id='word_1_423' title='bbox 1167 4055 1289 4138; x_wconf 85' lang='lat' dir='ltr'>polivit</span> <span class='ocrx_word' id='word_1_424' title='bbox 1330 4055 1416 4120; x_wconf 90' lang='lat' dir='ltr'>Nam</span> <span class='ocrx_word' id='word_1_425' title='bbox 1439 4055 1560 4136; x_wconf 88' lang='lat' dir='ltr'>siquis</span> <span class='ocrx_word' id='word_1_426' title='bbox 1583 4054 1925 4138; x_wconf 88' lang='lat' dir='ltr'>rogetcurnullain</span> <span class='ocrx_word' id='word_1_427' title='bbox 1947 4055 2050 4120; x_wconf 89' lang='lat' dir='ltr'>Refu-</span> 
     </span>
     <span class='ocr_line' id='line_1_31' title="bbox 44 4138 2049 4224; baseline 0 -19"><span class='ocrx_word' id='word_1_428' title='bbox 44 4139 261 4220; x_wconf 85' lang='lat' dir='ltr'>tolerantiam,</span> <span class='ocrx_word' id='word_1_429' title='bbox 285 4142 451 4208; x_wconf 90' lang='lat' dir='ltr'>subiicere.</span> <span class='ocrx_word' id='word_1_430' title='bbox 475 4143 526 4206; x_wconf 90' lang='lat' dir='ltr'>De</span> <span class='ocrx_word' id='word_1_431' title='bbox 548 4139 915 4224; x_wconf 90' lang='lat' dir='ltr'>magnitudinequidcm</span> <span class='ocrx_word' id='word_1_432' title='bbox 928 4161 1021 4206; x_wconf 88' lang='lat' dir='ltr'>reve-</span> <span class='ocrx_word' id='word_1_433' title='bbox 1073 4142 1197 4207; x_wconf 86' lang='lat' dir='ltr'>tatione</span> <span class='ocrx_word' id='word_1_434' title='bbox 1229 4141 1313 4206; x_wconf 84' lang='lat' dir='ltr'>facta</span> <span class='ocrx_word' id='word_1_435' title='bbox 1348 4140 1448 4205; x_wconf 91' lang='lat' dir='ltr'>fuerit</span> <span class='ocrx_word' id='word_1_436' title='bbox 1480 4138 1657 4205; x_wconf 80' lang='lat' dir='ltr'>Cassandri</span> <span class='ocrx_word' id='word_1_437' title='bbox 1698 4141 1836 4218; x_wconf 89' lang='lat' dir='ltr'>mentio,</span> <span class='ocrx_word' id='word_1_438' title='bbox 1870 4140 2049 4223; x_wconf 91' lang='lat' dir='ltr'>respondeo</span> 
     </span>
     <span class='ocr_line' id='line_1_32' title="bbox 44 4225 2048 4310; baseline 0 -19"><span class='ocrx_word' id='word_1_439' title='bbox 44 4227 215 4306; x_wconf 85' lang='lat' dir='ltr'>lationum,</span> <span class='ocrx_word' id='word_1_440' title='bbox 237 4229 328 4310; x_wconf 88' lang='lat' dir='ltr'>quasi</span> <span class='ocrx_word' id='word_1_441' title='bbox 342 4227 384 4293; x_wconf 90' lang='lat' dir='ltr'>ad</span> <span class='ocrx_word' id='word_1_442' title='bbox 397 4226 538 4294; x_wconf 89' lang='lat' dir='ltr'>Paulum</span> <span class='ocrx_word' id='word_1_443' title='bbox 551 4225 746 4303; x_wconf 85' lang='lat' dir='ltr'>accederem,</span> <span class='ocrx_word' id='word_1_444' title='bbox 769 4247 836 4292; x_wconf 90' lang='lat' dir='ltr'>non</span> <span class='ocrx_word' id='word_1_445' title='bbox 846 4225 1018 4309; x_wconf 82' lang='lat' dir='ltr'>gloriabor.</span> <span class='ocrx_word' id='word_1_446' title='bbox 1072 4226 1198 4292; x_wconf 92' lang='lat' dir='ltr'>nullam</span> <span class='ocrx_word' id='word_1_447' title='bbox 1220 4227 1321 4292; x_wconf 84' lang='lat' dir='ltr'>fuisso</span> <span class='ocrx_word' id='word_1_448' title='bbox 1342 4226 1512 4299; x_wconf 88' lang='lat' dir='ltr'>rationem,</span> <span class='ocrx_word' id='word_1_449' title='bbox 1535 4246 1593 4291; x_wconf 93' lang='lat' dir='ltr'>cur</span> <span class='ocrx_word' id='word_1_450' title='bbox 1616 4225 1714 4291; x_wconf 86' lang='lat' dir='ltr'>lamia</span> <span class='ocrx_word' id='word_1_451' title='bbox 1735 4226 1800 4302; x_wconf 90' lang='lat' dir='ltr'>illa,</span> <span class='ocrx_word' id='word_1_452' title='bbox 1823 4225 1876 4292; x_wconf 76' lang='lat' dir='ltr'>cel</span> <span class='ocrx_word' id='word_1_453' title='bbox 1901 4226 2005 4301; x_wconf 81' lang='lat' dir='ltr'>larva,</span> <span class='ocrx_word' id='word_1_454' title='bbox 2029 4248 2048 4290; x_wconf 92' lang='lat' dir='ltr'>e</span> 
     </span>
     <span class='ocr_line' id='line_1_33' title="bbox 44 4310 2045 4396; baseline -0.001 -18"><span class='ocrx_word' id='word_1_455' title='bbox 44 4313 118 4380; x_wconf 92' lang='lat' dir='ltr'>Hoc</span> <span class='ocrx_word' id='word_1_456' title='bbox 140 4323 253 4378; x_wconf 86' lang='lat' dir='ltr'>tamen</span> <span class='ocrx_word' id='word_1_457' title='bbox 273 4314 356 4378; x_wconf 91' lang='lat' dir='ltr'>mihi</span> <span class='ocrx_word' id='word_1_458' title='bbox 378 4333 550 4380; x_wconf 87' lang='lat' dir='ltr'>commune</span> <span class='ocrx_word' id='word_1_459' title='bbox 572 4331 729 4377; x_wconf 83' lang='lat' dir='ltr'>casecum</span> <span class='ocrx_word' id='word_1_460' title='bbox 745 4311 1028 4396; x_wconf 82' lang='lat' dir='ltr'>Pauloagnosco,</span> <span class='ocrx_word' id='word_1_461' title='bbox 1073 4333 1132 4377; x_wconf 87' lang='lat' dir='ltr'>suo</span> <span class='ocrx_word' id='word_1_462' title='bbox 1155 4321 1258 4389; x_wconf 92' lang='lat' dir='ltr'>antro,</span> <span class='ocrx_word' id='word_1_463' title='bbox 1282 4312 1336 4377; x_wconf 92' lang='lat' dir='ltr'>ubi</span> <span class='ocrx_word' id='word_1_464' title='bbox 1359 4312 1517 4378; x_wconf 84' lang='lat' dir='ltr'>hactenus</span> <span class='ocrx_word' id='word_1_465' title='bbox 1542 4311 1623 4377; x_wconf 89' lang='lat' dir='ltr'>bene</span> <span class='ocrx_word' id='word_1_466' title='bbox 1634 4310 1741 4389; x_wconf 86' lang='lat' dir='ltr'>latuit,</span> <span class='ocrx_word' id='word_1_467' title='bbox 1763 4311 1893 4377; x_wconf 90' lang='lat' dir='ltr'>extrahi</span> <span class='ocrx_word' id='word_1_468' title='bbox 1904 4310 2045 4376; x_wconf 89' lang='lat' dir='ltr'>deberet.</span> 
     </span>
     <span class='ocr_line' id='line_1_34' title="bbox 44 4395 2048 4483; baseline -0.001 -20"><span class='ocrx_word' id='word_1_469' title='bbox 44 4398 200 4483; x_wconf 76' lang='lat' dir='ltr'>angelum</span> <span class='ocrx_word' id='word_1_470' title='bbox 222 4398 336 4476; x_wconf 81' lang='lat' dir='ltr'>Satan,</span> <span class='ocrx_word' id='word_1_471' title='bbox 359 4419 401 4463; x_wconf 91' lang='lat' dir='ltr'>ne</span> <span class='ocrx_word' id='word_1_472' title='bbox 423 4397 572 4476; x_wconf 85' lang='lat' dir='ltr'>extollar,</span> <span class='ocrx_word' id='word_1_473' title='bbox 593 4397 672 4462; x_wconf 83' lang='lat' dir='ltr'>milri</span> <span class='ocrx_word' id='word_1_474' title='bbox 702 4396 857 4463; x_wconf 88' lang='lat' dir='ltr'>divinitus</span> <span class='ocrx_word' id='word_1_475' title='bbox 884 4402 1020 4465; x_wconf 90' lang='lat' dir='ltr'>missum</span> <span class='ocrx_word' id='word_1_476' title='bbox 1072 4399 1199 4464; x_wconf 90' lang='lat' dir='ltr'>Verum</span> <span class='ocrx_word' id='word_1_477' title='bbox 1226 4398 1305 4482; x_wconf 93' lang='lat' dir='ltr'>quia</span> <span class='ocrx_word' id='word_1_478' title='bbox 1335 4399 1456 4479; x_wconf 87' lang='lat' dir='ltr'>passim</span> <span class='ocrx_word' id='word_1_479' title='bbox 1484 4396 1669 4462; x_wconf 89' lang='lat' dir='ltr'>Balduiuus</span> <span class='ocrx_word' id='word_1_480' title='bbox 1693 4418 1760 4462; x_wconf 92' lang='lat' dir='ltr'>non</span> <span class='ocrx_word' id='word_1_481' title='bbox 1788 4398 1941 4463; x_wconf 81' lang='lat' dir='ltr'>obscuras</span> <span class='ocrx_word' id='word_1_482' title='bbox 1969 4395 2048 4479; x_wconf 89' lang='lat' dir='ltr'>styli</span> 
     </span>
     <span class='ocr_line' id='line_1_35' title="bbox 43 4482 2046 4567; baseline -0.003 -14"><span class='ocrx_word' id='word_1_483' title='bbox 43 4506 131 4562; x_wconf 64' lang='lat' dir='ltr'>cmc,</span> <span class='ocrx_word' id='word_1_484' title='bbox 152 4486 224 4566; x_wconf 47' lang='lat' dir='ltr'>‘qui</span> <span class='ocrx_word' id='word_1_485' title='bbox 261 4506 314 4551; x_wconf 88' lang='lat' dir='ltr'>me</span> <span class='ocrx_word' id='word_1_486' title='bbox 346 4485 492 4567; x_wconf 85' lang='lat' dir='ltr'>colaphis</span> <span class='ocrx_word' id='word_1_487' title='bbox 531 4482 695 4549; x_wconf 92' lang='lat' dir='ltr'>caedendo</span> <span class='ocrx_word' id='word_1_488' title='bbox 729 4482 770 4547; x_wconf 92' lang='lat' dir='ltr'>ad</span> <span class='ocrx_word' id='word_1_489' title='bbox 801 4482 1019 4549; x_wconf 85' lang='lat' dir='ltr'>humilitatem</span> <span class='ocrx_word' id='word_1_490' title='bbox 1072 4484 1124 4549; x_wconf 88' lang='lat' dir='ltr'>sui</span> <span class='ocrx_word' id='word_1_491' title='bbox 1145 4483 1239 4550; x_wconf 89' lang='lat' dir='ltr'>notas</span> <span class='ocrx_word' id='word_1_492' title='bbox 1259 4483 1368 4550; x_wconf 90' lang='lat' dir='ltr'>libello</span> <span class='ocrx_word' id='word_1_493' title='bbox 1384 4485 1604 4565; x_wconf 87' lang='lat' dir='ltr'>impresserat,</span> <span class='ocrx_word' id='word_1_494' title='bbox 1627 4492 1665 4547; x_wconf 95' lang='lat' dir='ltr'>ut</span> <span class='ocrx_word' id='word_1_495' title='bbox 1676 4484 1825 4549; x_wconf 90' lang='lat' dir='ltr'>omnibus</span> <span class='ocrx_word' id='word_1_496' title='bbox 1836 4483 2046 4564; x_wconf 86' lang='lat' dir='ltr'>conspicuum</span> 
     </span>
     <span class='ocr_line' id='line_1_36' title="bbox 43 4567 2046 4655; baseline -0.003 -18"><span class='ocrx_word' id='word_1_497' title='bbox 43 4569 184 4637; x_wconf 87' lang='lat' dir='ltr'>erudiat</span> <span class='ocrx_word' id='word_1_498' title='bbox 234 4569 399 4651; x_wconf 76' lang='lat' dir='ltr'>Quoniam</span> <span class='ocrx_word' id='word_1_499' title='bbox 425 4583 534 4635; x_wconf 86' lang='lat' dir='ltr'>tumen</span> <span class='ocrx_word' id='word_1_500' title='bbox 562 4567 654 4637; x_wconf 88' lang='lat' dir='ltr'>nobie</span> <span class='ocrx_word' id='word_1_501' title='bbox 684 4568 827 4652; x_wconf 91' lang='lat' dir='ltr'>quotidie</span> <span class='ocrx_word' id='word_1_502' title='bbox 856 4568 1021 4655; x_wconf 82' lang='lat' dir='ltr'>rogandus</span> <span class='ocrx_word' id='word_1_503' title='bbox 1072 4582 1160 4636; x_wconf 87' lang='lat' dir='ltr'>esset</span> <span class='ocrx_word' id='word_1_504' title='bbox 1184 4591 1249 4635; x_wconf 89' lang='lat' dir='ltr'>non</span> <span class='ocrx_word' id='word_1_505' title='bbox 1273 4570 1404 4635; x_wconf 86' lang='lat' dir='ltr'>nisiex</span> <span class='ocrx_word' id='word_1_506' title='bbox 1434 4569 1504 4634; x_wconf 87' lang='lat' dir='ltr'>ciue</span> <span class='ocrx_word' id='word_1_507' title='bbox 1536 4588 1636 4633; x_wconf 86' lang='lat' dir='ltr'>manu</span> <span class='ocrx_word' id='word_1_508' title='bbox 1663 4569 1820 4650; x_wconf 88' lang='lat' dir='ltr'>prodiisse</span> <span class='ocrx_word' id='word_1_509' title='bbox 1849 4574 1924 4647; x_wconf 90' lang='lat' dir='ltr'>(nec</span> <span class='ocrx_word' id='word_1_510' title='bbox 1951 4576 2046 4651; x_wconf 84' lang='lat' dir='ltr'>typo·</span> 
     </span>
     <span class='ocr_line' id='line_1_37' title="bbox 43 4653 2047 4740; baseline -0.002 -17"><span class='ocrx_word' id='word_1_511' title='bbox 43 4665 95 4723; x_wconf 87' lang='lat' dir='ltr'>cst</span> <span class='ocrx_word' id='word_1_512' title='bbox 115 4657 218 4734; x_wconf 89' lang='lat' dir='ltr'>Deus,</span> <span class='ocrx_word' id='word_1_513' title='bbox 241 4665 279 4720; x_wconf 92' lang='lat' dir='ltr'>ut</span> <span class='ocrx_word' id='word_1_514' title='bbox 300 4655 464 4723; x_wconf 90' lang='lat' dir='ltr'>diabolum</span> <span class='ocrx_word' id='word_1_515' title='bbox 486 4656 618 4738; x_wconf 90' lang='lat' dir='ltr'>eiusque</span> <span class='ocrx_word' id='word_1_516' title='bbox 641 4655 807 4720; x_wconf 86' lang='lat' dir='ltr'>ministros</span> <span class='ocrx_word' id='word_1_517' title='bbox 829 4668 1020 4738; x_wconf 87' lang='lat' dir='ltr'>compescat,</span> <span class='ocrx_word' id='word_1_518' title='bbox 1072 4654 1220 4740; x_wconf 84' lang='lat' dir='ltr'>graphue</span> <span class='ocrx_word' id='word_1_519' title='bbox 1252 4665 1412 4739; x_wconf 77' lang='lat' dir='ltr'>negaret),</span> <span class='ocrx_word' id='word_1_520' title='bbox 1443 4675 1480 4719; x_wconf 89' lang='lat' dir='ltr'>ac</span> <span class='ocrx_word' id='word_1_521' title='bbox 1512 4655 1696 4738; x_wconf 89' lang='lat' dir='ltr'>quicunque</span> <span class='ocrx_word' id='word_1_522' title='bbox 1724 4653 1878 4720; x_wconf 90' lang='lat' dir='ltr'>mediocri</span> <span class='ocrx_word' id='word_1_523' title='bbox 1906 4653 2047 4735; x_wconf 85' lang='lat' dir='ltr'>praediti</span> 
     </span>
     <span class='ocr_line' id='line_1_38' title="bbox 43 4737 2046 4826; baseline -0.002 -18"><span class='ocrx_word' id='word_1_524' title='bbox 43 4753 233 4809; x_wconf 86' lang='lat' dir='ltr'>nostrarum</span> <span class='ocrx_word' id='word_1_525' title='bbox 255 4764 383 4826; x_wconf 90' lang='lat' dir='ltr'>quoque</span> <span class='ocrx_word' id='word_1_526' title='bbox 404 4742 546 4825; x_wconf 81' lang='lat' dir='ltr'>partium</span> <span class='ocrx_word' id='word_1_527' title='bbox 566 4749 624 4819; x_wconf 87' lang='lat' dir='ltr'>eat,</span> <span class='ocrx_word' id='word_1_528' title='bbox 647 4762 688 4806; x_wconf 85' lang='lat' dir='ltr'>nc</span> <span class='ocrx_word' id='word_1_529' title='bbox 711 4761 823 4806; x_wconf 88' lang='lat' dir='ltr'>eorum</span> <span class='ocrx_word' id='word_1_530' title='bbox 840 4739 1021 4807; x_wconf 76' lang='lat' dir='ltr'>mendaciis</span> <span class='ocrx_word' id='word_1_531' title='bbox 1072 4748 1168 4806; x_wconf 86' lang='lat' dir='ltr'>erant</span> <span class='ocrx_word' id='word_1_532' title='bbox 1188 4740 1307 4805; x_wconf 91' lang='lat' dir='ltr'>iudicio</span> <span class='ocrx_word' id='word_1_533' title='bbox 1327 4738 1414 4806; x_wconf 90' lang='lat' dir='ltr'>idem</span> <span class='ocrx_word' id='word_1_534' title='bbox 1436 4740 1596 4806; x_wconf 86' lang='lat' dir='ltr'>sentirent</span> <span class='ocrx_word' id='word_1_535' title='bbox 1617 4760 1655 4805; x_wconf 92' lang='lat' dir='ltr'>ac</span> <span class='ocrx_word' id='word_1_536' title='bbox 1671 4740 1894 4823; x_wconf 89' lang='lat' dir='ltr'>loquerentur:</span> <span class='ocrx_word' id='word_1_537' title='bbox 1917 4737 2046 4821; x_wconf 91' lang='lat' dir='ltr'>oblique</span> 
     </span>
     <span class='ocr_line' id='line_1_39' title="bbox 42 4823 2045 4910; baseline -0.004 -14"><span class='ocrx_word' id='word_1_538' title='bbox 42 4830 203 4897; x_wconf 83' lang='lat' dir='ltr'>obruatur</span> <span class='ocrx_word' id='word_1_539' title='bbox 224 4829 356 4906; x_wconf 81' lang='lat' dir='ltr'>veritas,</span> <span class='ocrx_word' id='word_1_540' title='bbox 380 4828 516 4894; x_wconf 83' lang='lat' dir='ltr'>effraeni</span> <span class='ocrx_word' id='word_1_541' title='bbox 536 4848 648 4893; x_wconf 83' lang='lat' dir='ltr'>eorum</span> <span class='ocrx_word' id='word_1_542' title='bbox 677 4825 827 4892; x_wconf 87' lang='lat' dir='ltr'>licentiae</span> <span class='ocrx_word' id='word_1_543' title='bbox 853 4827 1018 4893; x_wconf 86' lang='lat' dir='ltr'>obsistere.</span> <span class='ocrx_word' id='word_1_544' title='bbox 1073 4847 1147 4892; x_wconf 91' lang='lat' dir='ltr'>eum</span> <span class='ocrx_word' id='word_1_545' title='bbox 1180 4826 1402 4910; x_wconf 87' lang='lat' dir='ltr'>perstringere</span> <span class='ocrx_word' id='word_1_546' title='bbox 1429 4826 1483 4909; x_wconf 94' lang='lat' dir='ltr'>qui</span> <span class='ocrx_word' id='word_1_547' title='bbox 1512 4825 1657 4891; x_wconf 90' lang='lat' dir='ltr'>libellum</span> <span class='ocrx_word' id='word_1_548' title='bbox 1687 4823 1854 4909; x_wconf 81' lang='lat' dir='ltr'>vulgando</span> <span class='ocrx_word' id='word_1_549' title='bbox 1881 4844 2045 4889; x_wconf 89' lang='lat' dir='ltr'>venenum</span> 
     </span>
    </p>

    <p class='ocr_par' dir='ltr' id='par_1_6' title="bbox 41 4910 2046 5170">
     <span class='ocr_line' id='line_1_40' title="bbox 130 4910 2046 4996; baseline -0.003 -17"><span class='ocrx_word' id='word_1_550' title='bbox 130 4912 281 4981; x_wconf 87' lang='lat' dir='ltr'>Basilsac</span> <span class='ocrx_word' id='word_1_551' title='bbox 303 4923 379 4979; x_wconf 86' lang='lat' dir='ltr'>aute</span> <span class='ocrx_word' id='word_1_552' title='bbox 401 4913 544 4996; x_wconf 92' lang='lat' dir='ltr'>quinque</span> <span class='ocrx_word' id='word_1_553' title='bbox 565 4933 694 4977; x_wconf 91' lang='lat' dir='ltr'>menses</span> <span class='ocrx_word' id='word_1_554' title='bbox 710 4911 834 4976; x_wconf 89' lang='lat' dir='ltr'>editum</span> <span class='ocrx_word' id='word_1_555' title='bbox 846 4913 909 4977; x_wconf 85' lang='lat' dir='ltr'>fuit</span> <span class='ocrx_word' id='word_1_556' title='bbox 919 4913 1021 4995; x_wconf 87' lang='lat' dir='ltr'>scrip·</span> <span class='ocrx_word' id='word_1_557' title='bbox 1072 4934 1114 4977; x_wconf 91' lang='lat' dir='ltr'>ex</span> <span class='ocrx_word' id='word_1_558' title='bbox 1141 4912 1254 4979; x_wconf 88' lang='lat' dir='ltr'>clausa</span> <span class='ocrx_word' id='word_1_559' title='bbox 1271 4911 1393 4994; x_wconf 83' lang='lat' dir='ltr'>pyxide</span> <span class='ocrx_word' id='word_1_560' title='bbox 1415 4911 1589 4991; x_wconf 85' lang='lat' dir='ltr'>effuderat,</span> <span class='ocrx_word' id='word_1_561' title='bbox 1620 4911 1724 4987; x_wconf 86' lang='lat' dir='ltr'>nulla,</span> <span class='ocrx_word' id='word_1_562' title='bbox 1752 4910 1882 4992; x_wconf 90' lang='lat' dir='ltr'>opinor,</span> <span class='ocrx_word' id='word_1_563' title='bbox 1910 4910 2046 4975; x_wconf 88' lang='lat' dir='ltr'>vetabat</span> 
     </span>
     <span class='ocr_line' id='line_1_41' title="bbox 42 4994 2045 5083; baseline -0.004 -15"><span class='ocrx_word' id='word_1_564' title='bbox 42 5010 118 5068; x_wconf 89' lang='lat' dir='ltr'>tum</span> <span class='ocrx_word' id='word_1_565' title='bbox 140 5000 263 5083; x_wconf 85' lang='lat' dir='ltr'>absque</span> <span class='ocrx_word' id='word_1_566' title='bbox 285 5002 408 5066; x_wconf 86' lang='lat' dir='ltr'>autoris</span> <span class='ocrx_word' id='word_1_567' title='bbox 431 5004 504 5079; x_wconf 76' lang='lat' dir='ltr'>[pag.</span> <span class='ocrx_word' id='word_1_568' title='bbox 524 5004 556 5077; x_wconf 82' lang='lat' dir='ltr'>c]</span> <span class='ocrx_word' id='word_1_569' title='bbox 584 4997 731 5063; x_wconf 89' lang='lat' dir='ltr'>nomine:</span> <span class='ocrx_word' id='word_1_570' title='bbox 761 4999 812 5063; x_wconf 90' lang='lat' dir='ltr'>cui</span> <span class='ocrx_word' id='word_1_571' title='bbox 841 4997 1021 5081; x_wconf 86' lang='lat' dir='ltr'>plausibilis</span> <span class='ocrx_word' id='word_1_572' title='bbox 1073 4998 1187 5082; x_wconf 89' lang='lat' dir='ltr'>religio</span> <span class='ocrx_word' id='word_1_573' title='bbox 1227 4996 1279 5063; x_wconf 78' lang='lat' dir='ltr'>vel</span> <span class='ocrx_word' id='word_1_574' title='bbox 1317 4998 1470 5080; x_wconf 88' lang='lat' dir='ltr'>aequitas.</span> <span class='ocrx_word' id='word_1_575' title='bbox 1524 4999 1634 5080; x_wconf 78' lang='lat' dir='ltr'>Atque</span> <span class='ocrx_word' id='word_1_576' title='bbox 1666 4996 1719 5062; x_wconf 89' lang='lat' dir='ltr'>hic</span> <span class='ocrx_word' id='word_1_577' title='bbox 1752 4996 1853 5060; x_wconf 89' lang='lat' dir='ltr'>crassi</span> <span class='ocrx_word' id='word_1_578' title='bbox 1885 4994 2045 5060; x_wconf 89' lang='lat' dir='ltr'>mendacii</span> 
     </span>
     <span class='ocr_line' id='line_1_42' title="bbox 41 5081 2045 5170; baseline -0.003 -16"><span class='ocrx_word' id='word_1_579' title='bbox 41 5087 222 5170; x_wconf 86' lang='lat' dir='ltr'>inscriptus</span> <span class='ocrx_word' id='word_1_580' title='bbox 239 5087 301 5152; x_wconf 84' lang='lat' dir='ltr'>luit</span> <span class='ocrx_word' id='word_1_581' title='bbox 311 5087 437 5162; x_wconf 90' lang='lat' dir='ltr'>titulus,</span> <span class='ocrx_word' id='word_1_582' title='bbox 460 5104 497 5150; x_wconf 85' lang='lat' dir='ltr'>ac</span> <span class='ocrx_word' id='word_1_583' title='bbox 508 5085 536 5148; x_wconf 89' lang='lat' dir='ltr'>si</span> <span class='ocrx_word' id='word_1_584' title='bbox 547 5082 699 5149; x_wconf 85' lang='lat' dir='ltr'>sedandis</span> <span class='ocrx_word' id='word_1_585' title='bbox 710 5083 865 5152; x_wconf 86' lang='lat' dir='ltr'>ecclcsiae</span> <span class='ocrx_word' id='word_1_586' title='bbox 878 5082 1021 5149; x_wconf 87' lang='lat' dir='ltr'>dissidiis</span> <span class='ocrx_word' id='word_1_587' title='bbox 1073 5085 1242 5150; x_wconf 82' lang='lat' dir='ltr'>convictus</span> <span class='ocrx_word' id='word_1_588' title='bbox 1264 5091 1403 5161; x_wconf 88' lang='lat' dir='ltr'>tenetur,</span> <span class='ocrx_word' id='word_1_589' title='bbox 1426 5105 1460 5150; x_wconf 90' lang='lat' dir='ltr'>se</span> <span class='ocrx_word' id='word_1_590' title='bbox 1483 5084 1585 5149; x_wconf 90' lang='lat' dir='ltr'>totius</span> <span class='ocrx_word' id='word_1_591' title='bbox 1606 5081 1654 5146; x_wconf 89' lang='lat' dir='ltr'>rei</span> <span class='ocrx_word' id='word_1_592' title='bbox 1675 5081 1816 5147; x_wconf 90' lang='lat' dir='ltr'>inscium</span> <span class='ocrx_word' id='word_1_593' title='bbox 1832 5081 1930 5146; x_wconf 80' lang='lat' dir='ltr'>lincea</span> <span class='ocrx_word' id='word_1_594' title='bbox 1941 5081 2045 5147; x_wconf 89' lang='lat' dir='ltr'>simu·</span> 
     </span>
    </p>

    <p class='ocr_par' dir='ltr' id='par_1_7' title="bbox 1786 5179 1837 5235">
     <span class='ocr_line' id='line_1_43' title="bbox 1786 5179 1837 5235; baseline 0 -19"><span class='ocrx_word' id='word_1_595' title='bbox 1786 5179 1837 5235; x_wconf 63' lang='grc'>361</span> 
     </span>
    </p>
   </div>
   <div class='ocr_carea' id='block_1_5' title="bbox 0 0 2314 5828">
    <p class='ocr_par' dir='ltr' id='par_1_8' title="bbox 0 0 2314 5828">
     <span class='ocr_line' id='line_1_44' title="bbox 0 0 2314 5828; baseline 0 1"><span class='ocrx_word' id='word_1_596' title='bbox 0 0 2314 5828; x_wconf 95' lang='lat' dir='ltr'> </span> 
     </span>
    </p>
   </div>
  </div>
 </body>
</html>
