4776 5844
279 263 343 324 219
1040 248 1222 315 curma
1245 246 1509 315 ADMONI'PIO
2213 250 2279 310 220

280 447 369 511 tione
395 443 496 510 fuisse
525 442 565 508 ab
592 440 658 506 illis
687 440 867 524 digestum:
906 435 964 504 sed
991 436 1071 502 dum
1097 443 1251 502 mutuum
1302 436 1405 501 travit
1426 455 1485 518 per
1506 435 1592 502 iores
1610 434 1753 502 clausas:
1777 457 1854 501 vere
1876 435 2117 502 tamonelansis
2139 444 2172 501 et
2192 435 2280 500 benc

280 531 361 597 muli
390 528 541 604 scabunt,
574 524 662 611 quod
689 525 806 606 cuique
842 523 971 589 effutire
983 522 1007 606 ¹)
1037 521 1175 605 placuit,
1209 521 1250 586 ab
1303 521 1461 589 obseratis
1485 520 1609 587 foribus
1633 541 1786 604 egressus
1813 530 1871 587 est
1919 522 2117 589 Miracuhrm
2146 533 2280 605 praeter

279 617 351 682 aliis
368 621 543 697 receptum.
577 615 687 696 Atque
707 617 745 676 01
762 608 887 693 reliqua
908 609 1066 687 omittam,
1088 607 1166 691 quid
1189 606 1250 673 sibi
1302 616 1441 672 naturae
1462 606 1612 672 ordinem
1638 606 1765 672 editum
1792 608 1981 673 fatebimur:
2016 606 2142 674 dnobus
2165 619 2280 673 autem

278 701 353 768 vult
380 698 467 784 quod
498 698 660 764 tricesimo
695 698 766 762 loco
798 695 885 760 idern
914 716 1048 778 prorsus
1075 692 1249 770 inculcant,
1302 693 1336 758 in
1358 691 1437 758 locis
1459 691 1558 758 simul
1586 693 1686 759 fuisse
1714 714 1781 758 non
1808 694 1918 759 minue
1939 694 2147 778 negabimus,
2165 698 2294 779 0000·

280 788 343 853 0101
386 787 442 851 uia
463 783 658 869 symbolum,
681 781 767 866 quod
789 780 951 847 secundus
974 780 1137 857 attulerat,
1160 780 1251 862 prior
1302 778 1404 844 fuisse
1425 776 1636 863 bicorporem.
1687 779 1779 845 Haec
1807 779 1891 844 ratio
1913 801 1973 844 nos
1995 779 2136 863 expedit,
2159 801 2202 846 ne
2226 800 2281 844 ar-

279 809 451 957 repudiore
473 869 600 935 noluit?
644 868 750 934 Venio
772 888 861 933 nnnc
877 865 920 931 ed
940 865 1143 932 solutionem.
1190 865 1250 930 Di·
1302 883 1442 948 guamus
1470 863 1640 930 Christum
1668 862 1829 930 mendacii
1857 863 1943 948 quod
1971 887 2030 931 nos
2052 866 2172 944 facere,
2203 872 2281 948 [pag.

279 967 368 1036 0001,
391 978 450 1022 000
471 960 639 1035 [000110]
662 975 800 1038 arguere
822 951 949 1018 011010
970 953 1150 1018 secundum
1171 951 1250 1035 quid
1304 953 1379 1029 031]
1403 971 1467 1032 000
1493 950 1599 1016 solent
1619 950 1838 1034 impudentia,
1864 952 1990 1018 iactant
2010 950 2281 1037 Megdeburgen·

280 1044 322 1111 ed
343 1042 465 1110 dictum
487 1040 687 1125 simpliciter.
736 1038 834 1105 Unde
861 1037 1020 1121 probant?
1050 1039 1126 1120 0010
1147 1039 1251 1102 maior
1302 1057 1364 1101 ses.
1408 1035 1525 1102 Fidem
1548 1036 1637 1101 enim
1664 1045 1830 1114 nostram,
1858 1057 1923 1119 qua
1944 1037 2052 1103 verbis
2074 1036 2201 1104 Christi
2224 1059 2282 1105 ao-

280 1131 423 1197 oontinet
450 1127 645 1212 principium
666 1125 853 1225 physicum,
883 1123 967 1207 quod
996 1123 1037 1187 de
1064 1123 1251 1206 corporibus
1302 1122 1513 1203 quiescimus,
1537 1123 1716 1188 00100010
1738 1122 1827 1188 coelo
1853 1123 2046 1189 sacrificium
2069 1124 2146 1189 boni
2168 1123 2282 1190 odoris

278 1214 473 1297 intelligitur
494 1214 528 1277 in
551 1211 668 1295 quibus
690 1211 773 1275 mhil
794 1210 882 1275 inest
904 1217 1034 1294 praeter
1055 1219 1249 1276 creaturam.
1303 1228 1383 1273 0000.
1416 1206 1582 1273 101100
1593 1208 1736 1273 Lntheri
1754 1207 1950 1292 hyperbolae
1972 1209 2157 1291 proiiciunt,
2178 1210 2281 1275 modo

279 1299 453 1383 Quaerunt
473 1299 584 1383 igitur,
606 1297 704 1363 fuerit
720 1296 886 1361 infinitum
903 1293 986 1360 illud
1004 1314 1120 1378 corpus
1139 1316 1250 1374 necne,
1302 1230 1503 1376 plebeculam
1526 1315 1664 1376 suosque
1685 1295 1876 1360 fraterculos
1898 1296 2067 1372 fascirent,
2098 1296 2199 1362 huius
2221 1317 2282 1380 po-

278 1389 314 1452 10
336 1406 400 1469 000
422 1386 515 1449 Deus
538 1383 691 1448 Abrahae
712 1382 871 1467 apparuit.
917 1378 956 1446 si
974 1380 1051 1464 0011
1074 1403 1128 1446 eos
1149 1381 1251 1464 pude—
1303 1379 1426 1462 palaris
1449 1379 1569 1444 theatri
1592 1380 1708 1463 plausu
1731 1381 1891 1459 contenti,
1921 1403 1981 1445 neo
2004 1381 2066 1446 Dei
2093 1403 2154 1448 nec
2176 1401 2280 1466 ange-

278 1480 344 1551 ret,
371 1471 426 1536 hic
454 1480 542 1535 certe
571 1467 847 1544 obmutescerent,
878 1488 920 1532 ne
948 1489 1022 1532 cum
1044 1466 1161 1549 puerili
1192 1486 1252 1532 suo
1303 1465 1409 1530 lorum
1431 1462 1587 1532 iudicium
1609 1485 1808 1549 magnopere
1835 1477 1961 1532 curant
2010 1466 2103 1533 Haec
2123 1469 2207 1532 ratio
2230 1477 2282 1534 eet

279 1556 405 1643 garritu
432 1553 609 1639 proderent
635 1575 734 1636 qnam
762 1553 850 1617 inter
878 1573 912 1617 00
941 1554 1055 1618 fovent
1082 1554 1251 1634 profanam
1303 1572 1362 1616 cur
1383 1563 1480 1616 antea
1502 1550 1641 1615 dixerim
1652 1550 1801 1617 Lnthero
1818 1552 1940 1617 multas
1962 1573 2033 1617 esse
2050 1553 2173 1633 simiae,
2197 1575 2280 1637 pau·

279 1642 497 1709 ambitionem.
559 1638 611 1704 Ad
643 1640 802 1704 minorem
834 1637 1046 1719 respondent,
1080 1638 1251 1703 Christum
1302 1657 1357 1703 eos
1385 1636 1572 1703 imitatores.
1627 1636 1714 1702 Nam
1742 1638 1834 1720 quasi
1866 1638 2036 1703 cothurnis
2067 1640 2103 1703 in
2137 1640 2280 1706 sublime

279 1751 346 1794 non
374 1727 520 1792 humana
541 1724 637 1791 modo
665 1733 792 1802 natura,
818 1723 874 1789 sed
897 1722 1011 1788 divina
1035 1725 1134 1789 etiam
1156 1745 1252 1807 prae-
1302 1722 1390 1802 elati,
1412 1721 1571 1805 quomodo
1592 1722 1745 1806 possibile
1767 1723 1825 1802 sit,
1854 1723 2015 1806 10001001,
2042 1733 2081 1789 01
2104 1724 2279 1791 delinitum

279 1815 383 1879 ditum
406 1833 491 1890 esee,
521 1831 602 1894 quae
622 1809 832 1875 ineffabiliter
859 1810 946 1874 inter
973 1811 1140 1875 00001100
1162 1818 1249 1875 sunt

1303 1807 1390 1873 adsit
1410 1830 1526 1892 corpus
1548 1807 1732 1891 ubicunque
1761 1810 1929 1893 peragitur
1950 1829 2064 1889 coena,
2092 1812 2164 1894 ipse
2190 1810 2279 1877 vide·

280 1897 369 1982 Quid
397 1896 473 1962 inde
499 1894 630 1961 tandem
659 1894 820 1961 efficient?
850 1902 938 1960 certe
966 1916 1033 1959 non
1065 1896 1253 1962 conflabunt
1302 1894 1361 1959 rit:
1384 1915 1443 1959 nos
1464 1893 1622 1959 habemus
1643 1903 1769 1960 certum
1791 1894 1993 1973 mandatum,
2020 1906 2057 1961 ut
2077 1896 2280 1979 pendeamus

279 1984 365 2070 quod
391 1982 561 2067 imaginati
589 1990 667 2047 sunt
694 1988 892 2059 monstrum,
925 1980 1054 2064 quando
1082 2002 1149 2047 non
1177 2002 1251 2065 per-

196 2100 198 2102 ·
279 2071 395 2136 miscet
415 2088 520 2151 neque
543 2065 713 2134 confundit
737 2066 818 2131 duas
841 2074 976 2132 naturas
996 2087 1155 2149 personae
1177 2068 1250 2131 uni-

280 2164 339 2222 tas.
384 2155 429 2220 Et
450 2152 579 2237 quando
601 2153 768 2218 ecclesiam
786 2152 891 2217 citant
908 2159 1033 2230 100100,
1056 2162 1168 2218 tencre
1186 2152 1251 2218 sal-

280 2250 346 2308 tem
368 2239 549 2305 debuerant
565 2237 643 2321 quid
661 2236 840 2303 secundum
862 2237 1031 2322 vulgarem
1054 2259 1150 2304 usum
1168 2240 1250 2303 istae

279 2325 433 2412 loquendi
455 2326 577 2389 formae
599 2325 686 2388 intcr
707 2345 742 2389 00
763 2321 931 2402 differant,
960 2324 1069 2388 unitas
1098 2334 1131 2389 et
1163 2325 1248 2389 unio.

280 2413 398 2480 Unitas
426 2430 584 2495 personae
610 2409 646 2474 in
667 2408 800 2474 Christo
829 2412 903 2487 [pag.
926 2414 1002 2489 231]
1030 2410 1101 2475 sine
1123 2418 1250 2475 contro-

280 2497 389 2565 versia
415 2497 503 2560 inter
529 2502 641 2560 omnes
668 2493 865 2560 orthodoxos
885 2496 1049 2578 recipitur.
1093 2492 1251 2560 810010-

280 2604 337 2649 rae
359 2581 488 2648 divinae
510 2600 585 2646 cum
605 2579 752 2645 humana
773 2577 978 2662 praedicetur
1000 2582 1123 2659 unitas,
1154 2603 1251 2646 nemo

278 2670 352 2753 pins
374 2667 447 2745 erit,
469 2667 524 2750 qui
547 2686 613 2730 non
631 2665 818 2735 abhorreat:
841 2686 919 2750 ergo
940 2667 1251 2733 inunicneneeesse

279 2762 345 2831 est,
374 2762 412 2818 ut
432 2774 492 2817 sua
513 2752 629 2833 cuique
650 2757 787 2817 naturae
810 2759 942 2817 maneat
962 2753 1144 2836 proprietas
1166 2753 1251 2817 inte·

280 2860 348 2926 gra
381 2836 477 2920 Quod
498 2845 659 2920 quaerunt
680 2858 802 2915 rursus,
826 2835 984 2919 quomodo
999 2838 1121 2904 intacto
1142 2838 1250 2921 sigillo

279 2932 528 2991 monumentum
557 2943 653 2987 suum
681 2922 909 3007 pertransierit
935 2922 1103 3002 Christus,
1138 2932 1172 2989 et
1202 2925 1249 2988 fo·

279 3010 369 3076 ribus
413 3008 530 3074 clausis
576 3008 803 3093 pertransierit
842 3006 884 3072 ad
924 3007 1111 3091 discipulos,
1163 3031 1250 3076 nova

279 3096 439 3164 solutione
461 3115 528 3158 non
549 3091 683 3177 indiget
729 3091 818 3175 Quid
845 3094 933 3158 enim
960 3093 1140 3177 impedient
1160 3095 1249 3160 clau-

279 3202 374 3248 surae
400 3201 528 3258 omnes,
556 3179 726 3243 hominum
762 3180 898 3243 artificio
924 3180 1045 3259 factae,
1074 3182 1250 3264 quominus

279 3268 342 3335 sibi
359 3266 535 3332 transitum
552 3266 644 3330 Deus
665 3264 860 3348 patefaciat?
903 3265 989 3330 Nam
1011 3266 1067 3348 qui
1084 3266 1124 3331 de
1145 3267 1249 3332 nihilo

279 3352 405 3421 creavit
425 3352 548 3428 omnia,
578 3357 685 3433 potest
711 3349 752 3415 ad
780 3358 908 3433 tempus
936 3352 972 3415 in
1000 3352 1150 3434 nihilum,
1163 3351 1249 3417 redi-

279 3461 356 3525 gere
389 3457 471 3520 quae
503 3435 657 3503 videntur
690 3435 847 3521 impedire
875 3457 1086 3521 progressum
1113 3459 1247 3522 operum

279 3526 357 3591 eius
403 3523 449 3588 Et
470 3543 550 3588 sane
571 3542 725 3604 quorsum
754 3522 886 3587 redacta
912 3544 1048 3605 corpora
1068 3544 1139 3590 esse
1163 3522 1248 3591 diee-

279 3632 368 3687 mus,
399 3609 515 3691 quihus
544 3615 577 3672 01
599 3606 731 3690 angelos
758 3629 848 3685 euos,
882 3615 916 3671 et
943 3630 979 3674 se
1006 3610 1114 3691 ipsum
1141 3610 1250 3676 induit

278 3696 381 3772 Deus,
403 3701 574 3778 postquam
596 3700 793 3775 exsequutus
815 3700 865 3758 est
885 3692 1134 3776 quodvolehat?
1167 3697 1250 3762 Pro-

279 3779 411 3846 dierunt
431 3780 532 3863 igitur
553 3798 696 3860 corpora,
720 3778 783 3843 Dei
793 3777 956 3858 0001010,
979 3788 1091 3863 postea
1108 3803 1249 3847 evanue·

280 3871 374 3930 runt:
403 3871 437 3930 et
467 3873 578 3930 tamen
604 3864 700 3928 fateri
729 3872 856 3946 oportet
884 3886 964 3930 vera
985 3866 1084 3931 fuisse
1106 3886 1247 3950 corpora.

279 3950 346 4016 Η10
366 3955 437 4029 [pag.
458 3954 530 4028 232]
554 3949 594 4014 de
615 3949 762 4032 potentia
783 3951 848 4014 Dei
869 3971 936 4014 non
958 3952 1153 4035 inquirimus
1174 3955 1249 4019 sub·

280 4035 373 4100 tilius
394 4052 490 4117 quam
510 4055 571 4117 par
592 4044 650 4111 est,
674 4035 769 4101 sicuti
791 4056 851 4101 nos
874 4037 1092 4102 criminantur
1113 4039 1166 4104 isti
1190 4040 1249 4104 ho·

279 4121 395 4196 01000,
418 4119 534 4202 quihus
557 4121 700 4202 potentia
720 4119 785 4185 Dei
812 4122 940 4186 utinam
966 4123 1075 4188 fumus
1103 4144 1169 4189 non
1196 4126 1248 4204 sit,

280 4216 316 4273 01
338 4204 491 4290 profuco
512 4203 639 4270 abillis
660 4205 855 4273 obtenditur.
899 4207 1078 4274 Facessant
1100 4230 1176 4292 ergo
1198 4211 1249 4275 fu-

278 4292 346 4359 ooei
367 4291 423 4357 isti
443 4288 575 4369 colores,
598 4290 683 4373 quod
705 4312 821 4375 corpus
843 4315 939 4359 suum
962 4292 1115 4360 Christus
1136 4296 1171 4358 in
1194 4318 1249 4361 00-

279 4378 379 4445 111100
400 4374 580 4442 sustulerit.
630 4375 744 4459 Neque
766 4379 855 4443 enim
876 4379 930 4445 hic
952 4379 1061 4463 agitur
1081 4402 1165 4464 quae
1187 4383 1248 4445 mi·

280 4464 391 4530 recula
411 4459 550 4528 ediderit
570 4459 724 4529 Christus
744 4463 778 4527 in
800 4485 898 4530 carne
919 4485 984 4547 qua
1006 4467 1141 4531 vestitus
1163 4475 1247 4531 erat:

280 4547 338 4616 sed
358 4547 435 4632 quid
465 4546 649 4612 necessario
674 4550 820 4631 requirat
847 4572 926 4617 vera
949 4551 1093 4633 corporis
1119 4559 1247 4617 natura.

279 4633 472 4701 Ambulavit
493 4633 612 4697 Petrus
638 4654 736 4716 super
802 4655 874 4701 uas:
903 4658 945 4701 an
971 4635 1044 4701 ideo
1067 4636 1163 4702 desiit
1190 4638 1248 4703 ha-

279 4721 356 4788 bere
377 4739 492 4786 verum
513 4717 651 4802 eorpus?
701 4717 776 4798 Quo
825 4721 947 4787 factum
969 4732 1062 4800 esset,
1085 4723 1112 4787 si
1135 4723 1248 4789 eodem

280 4813 445 4872 momento
472 4804 527 4870 rel
552 4803 588 4869 in
615 4804 709 4882 navi,
737 4803 792 4869 vel
811 4805 847 4870 in
869 4816 965 4889 portu
987 4809 1138 4874 sedisset:
1172 4811 1250 4894 0010

281 4900 447 4975 spectrum
468 4897 502 4955 01
520 4889 713 4975 imaginatio
734 4890 850 4956 fuisset
870 4891 1025 4976 quidquid
1035 4894 1248 4979 apparuisset

280 4976 401 5052 Petrus
420 4977 491 5060 ipse
511 4997 612 5059 quum
634 4998 653 5042 e
674 4995 964 5061 carcereegressus
980 4990 1039 5059 cst,
1062 5002 1129 5046 non
1150 5003 1251 5065 pene-

352 5162 381 5229 1)
399 5164 433 5220 10
450 5165 558 5234 0110000.

1303 1978 1344 2044 ah
1365 1981 1436 2045 eius
1457 2001 1521 2045 ore.
1555 1979 1631 2062 Ipse
1653 2000 1731 2045 vero
1742 1979 1896 2046 Christus
1917 1983 1997 2047 satis
2015 1980 2114 2047 vidit:
2137 1992 2177 2048 ut
2193 1984 2281 2048 frus·

1303 2074 1355 2130 tra
1376 2065 1579 2150 ignorantiae
1607 2087 1685 2131 suae
1713 2066 1842 2149 culpam
1867 2066 1902 2130 in
1931 2088 2005 2132 eum
2027 2077 2197 2153 regerent,
2222 2069 2280 2152 qui

1303 2160 1417 2233 sponte
1445 2152 1637 2235 0000011001
1688 2150 1787 2231 Quod
1812 2153 1933 2217 iterum
1962 2151 2144 2219 obtendunt
2176 2176 2279 2220 unam

1303 2237 1428 2302 Christi
1462 2259 1633 2319 personam
1663 2239 1771 2303 Deum
1804 2247 1838 2302 01
1864 2238 2030 2304 hominem
2058 2260 2143 2317 esse,
2177 2262 2279 2323 quam

1302 2323 1452 2405 ineptum
1472 2324 1524 2401 sit,
1547 2322 1624 2388 alibi
1646 2322 1855 2389 ostendimus.
1901 2325 1966 2391 Ubi
1988 2326 2098 2389 omnia
2121 2325 2277 2405 dixerint,

1303 2409 1384 2473 haec
1405 2409 1528 2474 veteris
1554 2408 1720 2474 ecclesiae
1736 2430 1897 2475 consensu
1925 2411 2104 2493 approbata
2125 2410 2280 2478 doctrina

1302 2499 1376 2574 [pag.
1396 2498 1470 2572 234]
1492 2494 1599 2572 stabit,
1623 2493 1795 2560 Christum
1818 2494 2030 2561 mediatorem
2052 2496 2173 2580 ubique
2195 2519 2280 2576 esse,

1302 2591 1335 2647 et
1357 2588 1517 2663 quatenus
1544 2602 1611 2645 nna
1637 2588 1687 2646 est
1706 2580 1776 2646 eius
1804 2602 1958 2663 persona,
1987 2582 2096 2647 Deum
2117 2590 2151 2647 et
2171 2583 2281 2650 homi·

1302 2688 1387 2744 nem,
1410 2666 1464 2731 vel
1482 2664 1591 2731 Deum
1613 2667 1646 2730 in
1670 2687 1767 2731 carne
1789 2667 2031 2733 manifestatum
2052 2668 2190 2752 implere
2208 2691 2280 2735 om·

1302 2753 1371 2831 nia,
1403 2753 1552 2836 quamvis
1579 2751 1757 2818 secundum
1784 2770 1916 2818 carnem
1939 2753 1974 2817 in
1996 2754 2084 2819 coelo
2106 2758 2158 2820 sit.
2204 2756 2282 2823 Hac

1302 2839 1337 2902 in
1358 2859 1393 2902 re
1415 2860 1473 2904 cur
1493 2836 1664 2902 Christum
1693 2859 1804 2922 regem
1834 2860 1999 2904 summum
2026 2860 2064 2904 ac
2089 2841 2281 2924 pontificem

1302 2923 1499 2990 contumelia
1519 2923 1749 3002 0110111001,
1778 2924 1854 3008 quia
1877 2924 1946 2990 eius
1973 2947 2089 3008 corpus
2111 2927 2148 2991 in
2169 2927 2280 3010 phan-

1302 3011 1451 3076 tasticam
1484 3009 1737 3075 immensitatem
1770 3031 1838 3074 non
1865 3010 2086 3089 extendimus,
2117 3011 2281 3080 iudicium

1302 3104 1370 3161 esto
1392 3117 1491 3178 penes
1512 3116 1657 3160 summos
1679 3102 1712 3160 et
1728 3095 1867 3161 infimos.
1901 3095 2102 3178 Supremam
2118 3096 2187 3163 illis
2204 3121 2280 3167 ora-

1302 3181 1412 3247 culum
1434 3192 1491 3260 est,
1515 3180 1656 3246 Lutheri
1678 3182 1858 3264 responsio,
1888 3202 1992 3246 unum
2019 3204 2138 3267 corpus
2160 3206 2280 3251 00000-

1302 3265 1380 3332 100
1401 3266 1578 3332 humanam
1601 3267 1759 3331 rationem
1779 3287 1847 3332 non
1868 3288 1940 3333 esse
1961 3269 1997 3331 in
2020 3268 2161 3334 divorsis
2183 3271 2278 3348 locis,

1301 3373 1396 3437 posse
1426 3361 1537 3417 10000
1558 3351 1740 3419 secundum
1761 3351 1825 3417 Dei
1851 3354 2046 3436 potentiam:
2076 3356 2151 3437 0010
2179 3355 2279 3439 0011·

1301 3437 1379 3522 0011
1401 3437 1545 3520 loquitur
1567 3438 1658 3503 Deus
1680 3447 1847 3520 praestare
1870 3447 1992 3523 potest,
2022 3451 2056 3504 01
2078 3440 2159 3506 nihil
2189 3443 2279 3526 apud

1301 3526 1411 3589 Deum
1432 3533 1482 3588 est
1503 3523 1711 3606 impossihile.
1756 3525 1805 3589 Ae
1827 3525 1855 3589 01
1877 3526 1949 3607 0010
1966 3523 2128 3590 mundum
2150 3526 2192 3592 ab
2221 3550 2276 3594 ae·-

1302 3621 1396 3674 terno
1418 3616 1564 3674 creatum
1586 3607 1855 3691 0001000νο101,-
1877 3611 1953 3692 quia
1973 3618 2105 3677 aeterna
2127 3613 2191 3678 1011
2211 3614 2274 3680 1101

1301 3695 1460 3778 potentia,
1491 3693 1544 3759 vel
1575 3692 1715 3759 eundem
1743 3695 1846 3759 solem
1876 3696 1973 3762 simul
1999 3717 2094 3780 posse
2127 3699 2273 3765 lucidum

1301 3802 1372 3847 esse
1394 3790 1427 3845 et
1448 3779 1636 3845 obscurum:
1660 3781 1737 3863 quia
1758 3779 1851 3846 Deus
1870 3790 1976 3864 potest
1998 3782 2116 3848 omnia

1386 3865 1552 3932 Vicesimo
1573 3872 1687 3931 octavo
1708 3865 1777 3932 loco
1803 3878 2035 3951 argumentum
2057 3890 2116 3934 suo
2137 3870 2274 3936 arbitrio

1301 3952 1493 4028 conficiunt,
1528 3951 1613 4034 quod
1641 3973 1699 4016 suo
1725 3952 1860 4017 arbitrio
1886 3961 2044 4019 evertant
2096 3959 2172 4034 [pag.
2197 3962 2272 4037 010]

1301 4039 1346 4103 Et
1369 4037 1522 4102 videntur
1543 4037 1652 4103 nescio
1675 4037 1752 4120 quid
1776 4037 1851 4104 data
1876 4059 1975 4122 opera
1996 4051 2151 4122 captasse,
2183 4051 2222 4107 01
2238 4065 2274 4108 se

1302 4123 1509 4189 venditarent
1535 4121 1576 4188 de
1602 4123 1701 4189 sorite
1727 4125 1888 4207 negativo.
1943 4123 2000 4192 Sic
2027 4126 2089 4209 ipsi
2119 4128 2272 4194 recitant:

1301 4210 1445 4275 Tantum
1460 4230 1499 4274 ea
1511 4217 1620 4292 potest
1630 4207 1724 4274 Deus
1739 4230 1822 4292 quae
1833 4209 1922 4275 vult:
1934 4210 2009 4276 vult
2025 4220 2136 4277 autem
2142 4222 2273 4280 tantum

1301 4316 1444 4377 eaquae
1466 4304 1604 4360 naturae
1619 4315 1710 4360 ‘suae
1732 4297 1949 4361 conveniunt:
1982 4298 2183 4365 conveniens
2205 4321 2274 4366 non

1300 4389 1351 4445 est
1372 4381 1498 4462 corpori
1508 4379 1643 4459 Christi,
1666 4389 1703 4445 01
1725 4380 1820 4445 sitin
1832 4383 2040 4447 0000001001
2061 4386 2150 4448 etin
2168 4385 2269 4451 0001οῑ

1300 4487 1378 4551 ergo
1400 4463 1552 4531 Christus
1573 4487 1639 4532 non
1667 4473 1774 4549 potest
1795 4466 1940 4546 efficere,
1974 4477 2012 4533 ut
2033 4489 2154 4553 corpus
2175 4493 2273 4537 sunm

1300 4552 1335 4616 in
1357 4572 1457 4617 coena
1479 4551 1689 4634 corporaliter
1716 4551 1923 4634 percipiatur.
1974 4551 2030 4620 Sic
2059 4555 2208 4637 quidem,
2235 4567 2274 4622 ut

1301 4637 1404 4715 video,
1429 4636 1517 4702 inter
1538 4659 1573 4703 se
1590 4637 1748 4722 garriunt.
1792 4637 1913 4703 Nostra
1935 4646 2044 4705 autem
2065 4641 2273 4710 ratiocinatio

1300 4721 1365 4788 alia
1386 4731 1448 4788 cet:
1473 4720 1561 4804 Quia
1581 4724 1672 4789 Deus
1691 4744 1902 4807 quaecunque
1925 4724 1998 4790 vult
2018 4725 2104 4804 facit,
2131 4749 2200 4794 non
2220 4750 2274 4797 se·

1301 4807 1445 4892 paranda
1466 4818 1517 4874 est
1537 4809 1609 4875 eius
1629 4809 1775 4891 potentia
1796 4830 1816 4874 a
1836 4810 2021 4877 voluntate:
2055 4832 2134 4897 ergo
2158 4815 2270 4896 stulto,

1300 4896 1488 4980 importune
1520 4903 1553 4959 et
1584 4901 1793 4977 praepostere
1833 4895 2017 4980 disputatur
2048 4896 2128 4980 quid
2159 4902 2272 4983 possit,

1301 4981 1365 5047 nisi
1386 4978 1517 5048 accedat
1535 4980 1607 5047 eius
1628 4979 1786 5047 voluntas.
1830 4981 1904 5048 Iam
1920 5003 2022 5066 0000
2038 5004 2201 5068 nusquam
2220 5008 2272 5053 os·

1301 5066 1444 5132 tenderit
1464 5085 1580 5131 verum
1602 5073 1636 5131 et
1656 5065 1807 5132 naturale
1832 5088 1950 5151 corpus
1975 5068 2034 5133 lilii
2054 5070 2108 5135 sui
2129 5072 2278 5140 0000110

1301 5153 1407 5218 facere
1444 5151 1656 5231 immensum,
1695 5154 1896 5237 praeposteri
1932 5164 2011 5220 sunt
2046 5175 2085 5222 ac
2122 5159 2270 5240 perversi
