4620 5828
218 230 281 294 683
948 220 1217 288 ΒΟΟΤΒΙΝΔΕ
1240 224 1303 289 DE
1325 223 1481 289 OOENA
2150 225 2220 288 684

218 417 307 482 tione
328 434 424 499 porro
446 414 510 478 duo
535 415 753 491 constituunt,
782 422 993 496 posteaquam
1021 431 1113 476 sacra
1139 418 1190 476 est
1239 411 1431 496 probemus,
1461 414 1764 497 controversiasque
1792 413 1870 480 huic
1897 435 1957 497 pro
1985 418 2097 478 nostra
2123 411 2218 476 virili

218 502 317 567 actio:
344 521 461 583 nempe
482 499 517 564 id
539 498 624 583 quod
644 498 777 563 videtur
797 498 896 580 inque
917 517 1033 562 sensus
1061 504 1189 561 nostros
1239 497 1437 563 medeamur.

216 585 364 663 incurrit,
387 591 421 650 et
441 584 527 668 quod
548 606 614 650 non
634 584 767 650 videtur
788 583 928 667 quidem,
956 603 1018 647 neo
1039 583 1188 661 sentitur,
1327 581 1577 650 Sacramentum
1607 585 1709 669 igitur
1739 585 1793 650 hic
1826 584 2028 661 vocabimus,
2062 603 2130 648 non
2160 605 2217 649 res

217 672 275 740 sed
296 693 356 757 per
373 671 534 736 visibilem
555 670 648 735 illam
676 670 926 752 sensibilemque
950 667 1112 733 actionem
1134 667 1188 733 de·
1239 669 1327 751 ipsas
1344 689 1426 751 quae
1447 690 1565 736 menae
1583 671 1704 736 actioni
1725 670 1931 750 adhibentur,
1954 689 2070 752 nempe
2091 689 2218 752 panem

217 760 336 842 signat.
352 754 375 842 ¹)
412 756 532 822 Postea
552 756 770 840 extremam2)
792 755 882 819 illam
905 754 1066 819 actionem
1087 763 1189 818 totam
1241 765 1274 819 et
1295 754 1430 833 vinum,
1458 776 1563 838 neque
1584 757 1664 820 item
1684 756 1863 822 invisibilia
1881 755 1940 819 illa
1957 762 2088 819 tantum
2110 755 2217 819 actio·

217 863 300 928 quae
320 843 356 907 in
379 863 492 908 sensus
513 841 661 916 incurrit,
690 841 876 926 symbolum
898 841 1107 916 sacramenti,
1137 860 1189 904 res
1241 840 1293 905 nis
1314 842 1481 924 mysteria,
1510 841 1568 907 sed
1588 851 1688 906 totam
1709 840 1801 905 illam
1822 841 1995 924 mysticam
2016 861 2136 906 coenae
2155 839 2216 905 do·

218 930 401 1012 itemquae
424 928 543 994 actioni
571 926 782 1007 adhibentur,
812 926 973 991 elementa
994 925 1189 991 sacramenti
1240 926 1379 990 minicae
1401 928 1576 1006 actionem,
1603 949 1670 992 una
1691 948 1765 992 cum
1788 926 1958 1012 symbolis,
1987 926 2157 991 elementis
2181 933 2217 990 et

217 1021 345 1081 vocant.
395 1013 436 1079 Id
464 1035 541 1078 vero
568 1011 654 1096 quod
681 1035 741 1096 per
772 1012 958 1097 symbolum
988 1010 1187 1094 designatur,
1240 1012 1405 1095 mysteriis
1433 1013 1517 1089 suis,
1544 1014 1591 1079 sic
1618 1022 1657 1077 ut
1684 1022 1926 1079 sacramentum
1953 1012 1988 1075 in
2015 1032 2116 1077 coena
2144 1032 2216 1077 uon

218 1100 368 1184 quodque
389 1119 458 1166 non
481 1098 617 1178 videtur,
641 1100 834 1183 mysterium
856 1097 1031 1180 appellant,
1054 1097 1189 1178 eiusque
1241 1105 1309 1161 tam
1330 1099 1460 1180 proprie
1481 1098 1547 1164 iam
1571 1097 1731 1176 distribui,
1754 1097 1806 1162 edi
1824 1120 1862 1164 ao
1882 1097 2012 1181 percipi,
2035 1118 2133 1180 qnam
2153 1118 2216 1180 po·

218 1207 296 1253 suae
328 1184 494 1251 doctrinae
530 1185 636 1249 fontes
676 1185 710 1248 in
743 1184 880 1248 Irenaeo
916 1190 1188 1248 commonstrant:
1240 1182 1307 1247 tius
1325 1185 1453 1267 peragi,
1481 1205 1616 1266 eamque
1645 1186 1805 1250 actionem
1834 1182 2056 1249 administrari
2085 1183 2213 1247 intelli-

218 1270 348 1356 quod·is
365 1270 605 1348 eucharistiam,
627 1269 689 1336 hoo
709 1278 759 1335 est
779 1271 888 1352 ipsum
909 1289 1028 1334 caenae
1050 1267 1188 1333 domini·
1240 1288 1363 1352 gamem
1397 1270 1510 1352 Neque
1528 1271 1715 1354 ignoramus
1729 1269 1763 1333 iu
1786 1291 1850 1334 usu
1872 1290 1951 1348 esse,
1973 1276 2012 1332 ut
2032 1268 2214 1352 prandium

217 1378 275 1425 cae
296 1363 545 1433 sacramentum,
568 1353 694 1421 duabus
716 1356 813 1421 rebus
824 1361 975 1420 constare
993 1354 1095 1430 docet,
1119 1362 1187 1417 ter·
1240 1361 1297 1418 aut
1318 1374 1451 1419 coenam
1474 1376 1602 1420 sumere
1624 1356 1785 1421 dicamur:
1809 1354 1867 1420 sed
1888 1355 1975 1419 hanc
1995 1355 2116 1419 scimus
2139 1375 2212 1420 esse

217 1465 300 1510 rena
321 1441 481 1520 videlicet,
504 1441 633 1518 hocest,
656 1448 793 1506 externa
803 1460 885 1523 quac
897 1440 1028 1505 videtur
1050 1438 1186 1517 actione,
1240 1440 1339 1504 etiam
1359 1440 1533 1523 figuratam
1544 1441 1776 1525 loquutionem,
1798 1450 1922 1505 utnon
1943 1447 2012 1504 tam
2034 1439 2212 1522 prandium

218 1549 336 1612 nempe
364 1527 459 1610 panis
488 1537 521 1591 et
548 1527 655 1609 poculi
682 1527 944 1611 participatione,
984 1534 1018 1590 et
1045 1524 1186 1602 coelesti,
1238 1524 1348 1606 ipsum
1369 1535 1428 1590 aut
1448 1545 1591 1606 coenam,
1615 1548 1697 1610 qnae
1708 1527 1852 1592 actiones
1872 1533 1959 1605 suut,
1981 1545 2079 1608 quam
2097 1545 2138 1589 ea
2153 1547 2213 1608 po·

217 1635 336 1696 nempe
358 1611 519 1696 spirituali
540 1633 652 1677 eorum
675 1612 896 1695 invisibilique
924 1612 1081 1694 mysterio
1103 1608 1188 1692 quod
1239 1610 1305 1675 tius
1328 1632 1410 1693 quae
1432 1611 1568 1693 prandio
1597 1633 1756 1678 coenaeve
1778 1619 1987 1694 apponuntur
2008 1631 2140 1675 sumere
2163 1611 2212 1675 di·

218 1720 278 1785 psr
299 1706 470 1764 externam
497 1697 586 1762 illam
608 1697 833 1780 visibilemque
855 1698 1015 1762 actionem
1037 1696 1187 1780 designa-
1239 1716 1361 1761 camur.
1415 1696 1585 1762 Eiusmodi
1606 1696 1688 1762 illud
1709 1696 1796 1780 apud
1820 1696 2002 1781 Vergilium
2024 1694 2065 1761 de
2086 1697 2212 1762 mensis

218 1794 282 1851 tur.
316 1782 404 1850 Sunt
425 1790 593 1866 praeterea
610 1783 666 1866 qui
687 1784 883 1851 sacramenti
903 1802 1025 1847 nomen
1047 1782 1187 1866 proipso
1239 1783 1440 1864 consumptis
1460 1782 1607 1849 hahetur.
1641 1783 1710 1848 Nos
1730 1805 1809 1848 vero
1831 1783 1924 1849 nohis
1946 1783 1982 1846 in
2003 1782 2211 1848 excutiendis

218 1870 381 1937 duntaxat
403 1868 558 1934 invisibili
585 1869 811 1953 spiritualique
837 1868 993 1952 mysterio
1016 1875 1187 1950 usurpant,
1239 1869 1458 1933 controversis
1481 1868 1685 1952 dogmatibus
1707 1870 2037 1951 maximeproprieac
2060 1867 2210 1948 dilucida,

218 1956 392 2040 vulgatum
414 1954 566 2021 videlicet
587 1956 664 2020 novi
685 1955 873 2024 testamenti
892 1954 1114 2037 interpretem
1137 1974 1187 2019 sc·
1239 1953 1326 2035 quod
1343 1951 1366 2039 ¹)
1388 1954 1460 2018 eius
1481 1955 1552 2019 ficri
1571 1963 1685 2037 potest,
1707 1954 1907 2037 loquendum
1918 1975 1987 2020 esse
1999 1953 2210 2020 arbitramur.

219 2042 328 2126 qunti,
357 2041 411 2124 qui
435 2038 522 2123 apud
543 2040 685 2106 Paulum
712 2061 825 2106 vocem
851 2060 1003 2125 graecam
1028 2038 1188 2121 μυστήριον
1326 2038 1454 2105 Deinde
1483 2060 1582 2122 quum
1610 2041 1646 2104 in
1673 2062 1785 2118 coena,
1816 2038 2094 2122 quemadmodum
2121 2041 2211 2104 etin

218 2127 332 2193 multis
352 2126 503 2208 locisper
524 2127 875 2192 sacramentumlatine
893 2124 1035 2191 reddidit
1051 2124 1186 2208 (Ephes.
1239 2124 1312 2190 aliis
1333 2126 1554 2206 sacramentis,
1576 2125 1697 2209 duplex
1719 2126 1762 2191 sit
1784 2127 1877 2204 actio,
1900 2135 2037 2190 externa
2059 2125 2212 2191 videlicet

222 2219 249 2292 l,
269 2218 298 2278 3.
317 2219 337 2275 4
359 2211 431 2278 coll.
463 2217 487 2275 l.
507 2212 590 2277 Tim.
611 2211 653 2297 3).
713 2213 806 2278 Haec
827 2232 906 2277 vero
928 2218 996 2276 tam
1018 2211 1110 2277 varia
1131 2231 1188 2275 vo·
1239 2219 1273 2275 et
1291 2210 1431 2289 interna,
1454 2212 1585 2294 utrique
1606 2212 1706 2276 etiam
1728 2232 1788 2277 sua
1810 2211 1944 2276 nomina
1966 2208 2142 2290 addemus,
2171 2231 2210 2276 nc

219 2300 267 2366 cis
288 2298 388 2363 huius
410 2299 577 2380 usurpatio
595 2297 775 2364 doctrinam
792 2298 884 2363 uobis
906 2295 1003 2362 hodie
1025 2295 1065 2360 de
1088 2316 1189 2361 coena
1239 2295 1274 2360 in
1295 2317 1413 2362 vocum
1434 2305 1547 2380 postea
1566 2296 1778 2381 ambiguitate
1798 2297 2005 2374 haereamus,
2031 2303 2132 2379 atquc
2155 2318 2210 2363 ex·

218 2384 354 2452 Domini
374 2405 441 2449 non
461 2383 579 2448 leviter
604 2383 768 2468 inoluit,⁸)
805 2383 885 2448 dum
910 2402 977 2447 non
1013 2380 1055 2447 ad
1083 2403 1188 2446 unum
1239 2389 1366 2463 ternam
1384 2389 1486 2447 totam
1497 2383 1588 2448 illam
1599 2403 1717 2451 coenae
1739 2383 1919 2448 dominicae
1941 2382 2104 2448 actionem
2122 2404 2210 2468 sym·

220 2469 338 2554 ubique
359 2469 493 2534 modum
515 2490 580 2534 vox
601 2470 798 2536 sacramenti
823 2471 946 2533 intuta
968 2466 1187 2551 disputatione
1238 2467 1349 2534 bolum
1372 2469 1572 2547 vocabimus,
1606 2469 1701 2551 panis
1722 2468 2091 2541 videlicetiractionem
2113 2467 2209 2534 simul

220 2556 385 2639 accipitur.
418 2552 630 2620 Idutomues
651 2554 846 2639 intelligant,
869 2574 935 2618 uno
956 2553 1018 2625 hoc
1039 2553 1188 2634 exemplo
1240 2574 1277 2620 ac
1316 2554 1552 2637 sumptionem,
1586 2563 1619 2620 et
1655 2554 1763 2638 poculi
1803 2556 1881 2619 item
1917 2554 2208 2637 participationem,

220 2660 337 2709 verum
365 2661 436 2705 esse
462 2639 681 2707 ostendemus.
730 2640 855 2706 Multos
882 2637 1033 2705 audimus
1058 2640 1114 2721 qui
1135 2658 1187 2703 sa·
1239 2639 1332 2704 iuxta
1352 2638 1477 2705 Christi
1498 2640 1634 2705 Domini
1656 2641 1904 2706 institutionem.
1936 2639 2111 2704 internam
2132 2660 2208 2704 vero

218 2735 388 2793 eramenta
408 2726 444 2789 in
465 2726 539 2809 ipsa
560 2726 702 2807 actione,
731 2747 797 2791 non
818 2732 927 2791 autem
949 2726 985 2789 in
1005 2725 1102 2791 rebus
1122 2723 1187 2789 illis
1239 2745 1359 2790 coenae
1380 2726 1542 2792 actionem
1563 2725 1751 2792 vocabimus
1772 2725 1981 2810 mysterium:
2011 2723 2098 2808 quod
2118 2726 2208 2791 nobis

221 2832 304 2896 quac
326 2811 446 2878 actioni
468 2811 680 2892 adhibentur,
707 2813 813 2894 posita
841 2832 912 2877 esse
938 2811 1098 2876 fatentur:
1132 2809 1188 2893 qui
1238 2831 1297 2894 per
1318 2819 1487 2877 externam
1507 2810 1600 2875 illam
1622 2812 1783 2879 actionem
1800 2812 1987 2894 συμβολικῶς
2008 2811 2207 2895 designetur,

220 2898 354 2964 interim
381 2896 554 2962 tamenin
585 2918 760 2982 progressu
790 2899 860 2981 ipso
894 2896 1122 2980 disputationis
1154 2903 1189 2961 et
1239 2918 1278 2962 ao
1300 2897 1390 2962 velut
1416 2897 1458 2963 ob
1484 2896 1592 2962 oculos
1619 2905 1769 2981 ponatur.
1819 2899 1888 2964 Res
1909 2916 1989 2965 vero
2009 2898 2133 2973 actioni
2154 2918 2207 2963 ex·

220 2984 293 3050 dari
314 2991 347 3048 et
368 2982 489 3066 percipi
508 2992 713 3049 sacramenta
730 2982 847 3050 dicent
880 2982 929 3048 Hi
949 3003 1026 3048 vero
1046 2982 1112 3046 iam
1128 3002 1188 3048 va-
1240 2989 1353 3047 ternae
1375 2980 1523 3048 adhiberi
1540 2982 1652 3050 solitas
1669 2984 1832 3049 elementa
1849 2982 2047 3049 sacramenti
2068 3004 2141 3049 esse
2163 2981 2208 3047 di·
2243 3032 2246 3039 .
2277 3031 2291 3038 -

218 3070 307 3136 riant
328 3069 524 3134 sacramenti
545 3069 823 3153 significationem,
851 3069 1031 3152 ipsamque.
1043 3067 1188 3151 disputa-
1240 3087 1364 3133 cemus:
1387 3067 1550 3135 distinctis
1572 3069 1661 3133 enim
1682 3068 1724 3139 ad
1745 3070 1834 3137 huno
1855 3069 1989 3135 modum
2010 3068 2102 3134 hisce
2125 3069 2208 3135 roci·

219 3155 344 3222 tionem
389 3155 516 3220 rotinus
533 3155 716 3220 involvunt.
762 3156 845 3220 Tam
866 3155 954 3220 enim
976 3155 1086 3238 inepte
1109 3152 1188 3219 dici·
1239 3153 1301 3219 bus
1328 3175 1482 3238 magnam
1515 3155 1622 3221 lucem
1650 3155 1817 3221 doctrinae
1841 3164 1974 3221 nostrae
2005 3174 2208 3221 accessuram

218 3264 294 3308 mus
310 3242 356 3307 in,
389 3240 583 3323 'putatione
604 3241 699 3319 seria,
726 3241 919 3324 praesertim
940 3240 996 3305 ubi
1018 3239 1188 3322 simplicis·
1240 3259 1311 3306 esse
1331 3248 1498 3322 putamus,
1526 3239 1561 3306 id
1579 3239 1665 3323 quod
1683 3241 1823 3306 aliorum
1844 3261 1970 3324 quoque
1991 3248 2209 3306 sacramento-

218 3328 311 3395 simis
332 3336 367 3392 et
387 3324 587 3409 planissimis
596 3326 829 3393 verbisomnia
849 3335 928 3392 sunt
949 3324 1085 3410 agenda,
1108 3325 1187 3405 dari,
1239 3347 1312 3390 rum
1334 3325 1504 3392 collatione
1526 3327 1732 3410 perspicuum
1754 3327 1918 3394 faciemus.

219 3412 380 3490 distribui,
403 3410 456 3478 edi
477 3418 511 3477 et
527 3412 649 3495 percipi
659 3418 899 3478 sacramentum
922 3410 966 3497 (si
987 3411 1118 3494 quidem
1135 3432 1188 3477 sa-
1325 3412 1366 3477 In
1387 3411 1629 3477 circumcisione
1650 3420 1973 3479 sacramentumerat
1994 3418 2065 3476 tota
2084 3411 2142 3477 illa
2155 3431 2209 3477 ex·

219 3505 425 3565 aramentum
446 3519 513 3562 non
529 3518 676 3581 sanepro
687 3498 785 3563 rebus
804 3498 923 3565 actioni
945 3496 1108 3574 adhibitis,
1130 3496 1186 3563 sed
1240 3505 1335 3566 terna
1356 3497 1454 3563 simul
1481 3503 1515 3563 et
1536 3499 1666 3563 interna
1694 3497 1778 3565 actio
1800 3520 1875 3564 oum
1897 3496 2044 3581 symbolo
2066 3505 2101 3563 et
2122 3517 2210 3582 mys·

219 3605 279 3669 pro
300 3584 373 3668 ipsa
394 3585 520 3649 actione
542 3581 761 3733 accipiamus),
783 3604 880 3666 quam
902 3584 1013 3667 inepte
1035 3604 1115 3666 opus
1137 3583 1186 3666 ip·
1239 3584 1321 3651 tario
1343 3605 1410 3649 suo.
1455 3581 1649 3666 Symbolum
1666 3593 1736 3649 erat
1757 3605 1839 3667 quae
1861 3583 2012 3650 manibus
2033 3583 2210 3667 perageba-

219 3689 295 3735 snm
315 3670 450 3735 actionis
472 3689 584 3735 sacrae
628 3671 676 3734 ari
697 3688 756 3735 seu
778 3668 937 3749 distribui,
958 3669 1039 3734 item
1060 3675 1094 3734 st
1114 3690 1187 3751 per·
1239 3679 1294 3737 tur
1321 3670 1481 3752 praeputii
1511 3670 1698 3752 amputatio.
1754 3671 1791 3736 M
1815 3670 1954 3735 sterium
1979 3681 2051 3733 erat
2080 3668 2209 3752 duplex,

220 3755 286 3839 cipi
308 3753 502 3833 diceremus,
532 3762 703 3820 ettamen
732 3755 817 3821 hanc
844 3756 1041 3821 sacramenti
1062 3755 1188 3838 signifi·
1239 3763 1279 3822 ut
1305 3756 1340 3820 in
1367 3755 1440 3820 aliis
1470 3757 1680 3821 sacramentis
1703 3694 1869 3835 omnihus,
1898 3754 2158 3840 obsignatorium
2179 3760 2210 3819 et

130 3923 132 3927 .
220 3840 383 3907 cationem
403 3842 438 3905 in
461 3861 527 3906 una
547 3841 725 3924 eademque
753 3839 969 3924 disputatione
991 3841 1126 3919 variari,
1155 3846 1189 3907 et
1240 3841 1501 3907 admonitorium.
1535 3839 1803 3925 Obsignatorium
1820 3850 1900 3921 orat,
1921 3839 2115 3923 complenda
2135 3840 2210 3904 olim

220 3924 357 4009 proinde
379 3925 616 4008 disputationes
637 3947 764 4010 quoque
785 3927 875 4011 ipsas
884 3926 1010 3992 involvi
1031 3948 1097 3992 non
1114 3947 1188 3991 raro
1240 3927 1277 3991 in
1299 3925 1430 3993 Christo
1452 3927 1616 4010 praeputii
1637 3926 1787 4013 nostrii)
1815 3927 1876 3994 hoc
1897 3935 1947 3993 est
1968 3925 2210 3992 condemnatio·

221 4009 380 4079 videmus.
427 4012 492 4077 Est
512 4012 613 4098 igitur
634 4013 729 4079 nobis
751 4011 979 4079 constituenda
1001 4010 1188 4078 retinenda·
1241 4014 1294 4078 nis
1315 4021 1446 4079 nostrae
1474 4014 1515 4080 ab
1537 4013 1645 4078 Adam
1673 4014 1708 4078 in
1741 4035 1801 4078 nos
1829 4019 2034 4097 propagatae.
2072 4012 2129 4076 ,In
2156 4011 2209 4077 illo

220 4118 285 4181 que
307 4102 465 4180 perpetuo
492 4099 526 4162 in
551 4104 665 4165 nostra
692 4099 754 4165 hac
776 4097 996 4182 disputatione
1019 4104 1108 4165 certa
1130 4097 1189 4164 ali·
1241 4099 1331 4165 snim
1351 4107 1424 4182 post
1445 4107 1650 4182 amputatum
1671 4098 1950 4164 condemnationis
1966 4105 2097 4163 nostrae
2117 4118 2209 4180 prae-

220 4204 286 4267 qua
305 4182 394 4247 vocis
418 4182 516 4248 huius
547 4184 741 4268 significatio
770 4205 869 4267 quam
895 4192 1052 4268 perpetuo
1074 4203 1189 4267 sequa·
1241 4187 1378 4269 putium,
1400 4204 1468 4249 non
1489 4185 1697 4250 manufacta
1716 4185 1839 4251 scilicet
1859 4184 2112 4262 circumcisione,
2134 4182 2209 4248 iusti
2295 4218 2310 4242 a

220 4289 311 4335 mur:
339 4265 374 4332 id
395 4266 481 4350 quod
505 4268 540 4332 in
558 4269 780 4353 symbolorum
800 4271 878 4336 item
900 4290 938 4336 ac
959 4271 1190 4356 mysteriorum
1240 4272 1307 4336 iam
1329 4292 1443 4336 sumus
1463 4291 1594 4349 omnes,
1622 4291 1685 4354 quo
1714 4291 1813 4336 sensu
1841 4271 1940 4335 etiam
1966 4270 2208 4337 circumcisioa
2295 4303 2305 4325 .-

220 4355 320 4438 inque
341 4353 578 4419 elementorum
587 4356 722 4423 vocibus
742 4357 906 4435 faciemus,
928 4355 1190 4440 quandoquidem
1241 4356 1345 4422 Paulo
1372 4356 1618 4439 obsignaculum
1646 4356 1789 4422 iustitiae
1816 4364 1961 4422 vocatur.
2016 4354 2304 4420 Admone-—

220 4440 259 4506 in
290 4439 331 4506 iis
358 4459 489 4505 summa
521 4441 587 4505 fere
624 4442 864 4509 controversiae
898 4443 998 4507 tetius
1031 4451 1188 4509 versatur.
1242 4443 1328 4508 rium
1355 4450 1434 4507 tero
1462 4443 1656 4526 mysterium
1683 4450 1734 4507 est
1765 4443 1836 4525 ipsa
1862 4442 1968 4508 cordis
1998 4440 2201 4515 circumcisio.
2225 4474 2292 4530 q,

221 4526 291 4592 Nec
313 4535 424 4591 nmen
450 4524 532 4590 alias
557 4526 841 4609 interpretationes
869 4527 942 4594 ideo
968 4527 1045 4592 ullis
1073 4548 1189 4627 grava·
1242 4529 1334 4596 cuius
1355 4525 1511 4593 Israelem
1529 4529 1720 4594 universum
1741 4539 1878 4594 externa
1891 4527 1951 4593 illa
1968 4527 2286 4609 praeputium-2⁴.

221 4632 296 4680 mus
346 4609 544 4688 raoiudiciis,
573 4611 658 4693 quod
686 4612 780 4678 nobis
803 4634 904 4679 unam
932 4633 1009 4696 prae
1037 4613 1110 4679 alhs
1139 4635 1190 4680 se-
1242 4614 1368 4698 putatio
1389 4634 1449 4695 per
1470 4634 1599 4679 omnem
1626 4614 1728 4680 vitam
1755 4614 1857 4698 ipsius
1885 4614 2076 4696 συμβολικῶς
2097 4609 2276 4690 admn-

221 4718 309 4781 qnen
404 4717 476 4762 esse
498 4703 666 4780 putamus:
689 4697 747 4763 sed
768 4699 829 4765 hoc
845 4701 991 4780 facimus,
1014 4708 1051 4764 ut
1072 4698 1191 4782 doctrir
1243 4701 1349 4766 nebat
1383 4699 1556 4765 Elementa
1576 4707 1685 4766 autem
1702 4700 1899 4767 sacramenti
1915 4706 1994 4764 sunt
2014 4698 2050 4763 in
2071 4697 2264 4778 circh.

222 4804 302 4849 nam
322 4790 469 4850 nostram
495 4782 582 4850 clare
611 4790 644 4846 et
669 4784 838 4865 perspicue
864 4786 927 4867 piis
953 4785 1104 4854 omnibus
1132 4806 1189 4868 ap·
1241 4786 1364 4853 cisione
1385 4785 1536 4852 cultellus
1558 4807 1616 4850 seu
1638 4785 1800 4851 novacula
1819 4794 1853 4851 et
1875 4785 2040 4869 praeputii
2060 4804 2139 4848 caro.

1328 4869 1385 4938 Sic
1406 4878 1440 4935 et
1455 4871 1491 4936 in
1502 4871 1641 4954 pascatis
1657 4871 1860 4943 institutione
1880 4878 2116 4940 sacramentnm
2131 4887 2241 4955 effi„

293 5005 323 5070 1)
341 5007 505 5076 designatur.
1243 5013 1446 5023 W

292 5072 323 5139 2)
342 5083 487 5129 externam.
1311 5076 1340 5143 1)
1358 5075 1455 5146 quoad

293 5141 322 5206 3)
340 5143 468 5197 involvit?
1311 5145 1339 5214 2)
1357 5145 1466 5214 supple:
1483 5145 1639 5212 amputatio·
