<?xml version="1.0" encoding="UTF-8"?>
<!DOCTYPE html PUBLIC "-//W3C//DTD XHTML 1.0 Transitional//EN"
    "http://www.w3.org/TR/xhtml1/DTD/xhtml1-transitional.dtd">
<html xmlns="http://www.w3.org/1999/xhtml" xml:lang="en" lang="en">
 <head>
  <title>
</title>
<meta http-equiv="Content-Type" content="text/html;charset=utf-8" />
  <meta name='ocr-system' content='tesseract 3.04.00' />
  <meta name='ocr-capabilities' content='ocr_page ocr_carea ocr_par ocr_line ocrx_word'/>
</head>
<body>
  <div class='ocr_page' id='page_1' title='image "./ioanniscalvinio01reusgoog_0293.png"; bbox 0 0 4620 5828; ppageno 0'>
   <div class='ocr_carea' id='block_1_1' title="bbox 49 203 2052 324">
    <p class='ocr_par' dir='ltr' id='par_1_1' title="bbox 49 203 2052 324">
     <span class='ocr_line' id='line_1_1' title="bbox 49 203 2052 324; baseline 0.003 -7"><span class='ocrx_word' id='word_1_1' title='bbox 49 255 112 318; x_wconf 76' lang='lat' dir='ltr'>aaa</span> <span class='ocrx_word' id='word_1_2' title='bbox 824 253 1015 324; x_wconf 76' lang='lat' dir='ltr'>naaman</span> <span class='ocrx_word' id='word_1_3' title='bbox 1036 253 1088 322; x_wconf 85' lang='lat' dir='ltr'>m</span> <span class='ocrx_word' id='word_1_4' title='bbox 1109 253 1275 324; x_wconf 73' lang='lat' dir='ltr'>coena</span> <span class='ocrx_word' id='word_1_5' title='bbox 1357 264 1362 271; x_wconf 88' lang='lat'><strong>·</strong></span> <span class='ocrx_word' id='word_1_6' title='bbox 1985 203 2052 324; x_wconf 76' lang='lat' dir='ltr'>aaa</span> 
     </span>
    </p>
   </div>
   <div class='ocr_carea' id='block_1_2' title="bbox 37 440 2056 5170">
    <p class='ocr_par' dir='ltr' id='par_1_2' title="bbox 37 440 2056 5170">
     <span class='ocr_line' id='line_1_2' title="bbox 46 440 2056 529; baseline 0.003 -22"><span class='ocrx_word' id='word_1_7' title='bbox 46 447 128 520; x_wconf 89' lang='lat' dir='ltr'>tum,</span> <span class='ocrx_word' id='word_1_8' title='bbox 162 440 205 507; x_wconf 89' lang='lat' dir='ltr'>ad</span> <span class='ocrx_word' id='word_1_9' title='bbox 234 442 341 524; x_wconf 88' lang='lat' dir='ltr'>prima</span> <span class='ocrx_word' id='word_1_10' title='bbox 371 440 558 510; x_wconf 88' lang='lat' dir='ltr'>rudimenta</span> <span class='ocrx_word' id='word_1_11' title='bbox 582 443 784 528; x_wconf 79' lang='lat' dir='ltr'><strong>ablegandus</strong></span> <span class='ocrx_word' id='word_1_12' title='bbox 811 450 874 522; x_wconf 68' lang='lat' dir='ltr'>cst,</span> <span class='ocrx_word' id='word_1_13' title='bbox 897 453 946 529; x_wconf 65' lang='lat' dir='ltr'>ut⁸</span> <span class='ocrx_word' id='word_1_14' title='bbox 963 445 1023 511; x_wconf 91' lang='lat' dir='ltr'>ali·</span> <span class='ocrx_word' id='word_1_15' title='bbox 1073 443 1190 527; x_wconf 84' lang='lat' dir='ltr'>Neque</span> <span class='ocrx_word' id='word_1_16' title='bbox 1210 444 1319 509; x_wconf 87' lang='lat' dir='ltr'>etiam·</span> <span class='ocrx_word' id='word_1_17' title='bbox 1331 444 1552 511; x_wconf 88' lang='lat' dir='ltr'>controversia</span> <span class='ocrx_word' id='word_1_18' title='bbox 1572 450 1643 524; x_wconf 74' lang='lat' dir='ltr'>est.</span> <span class='ocrx_word' id='word_1_19' title='bbox 1659 443 1825 527; x_wconf 79' lang='lat' dir='ltr'><strong>quodnam</strong></span> <span class='ocrx_word' id='word_1_20' title='bbox 1848 465 1966 529; x_wconf 86' lang='lat' dir='ltr'>corpus</span> <span class='ocrx_word' id='word_1_21' title='bbox 1994 447 2056 514; x_wconf 87' lang='lat' dir='ltr'>de·</span> 
     </span>
     <span class='ocr_line' id='line_1_3' title="bbox 48 526 2056 615; baseline 0.003 -23"><span class='ocrx_word' id='word_1_22' title='bbox 48 526 179 611; x_wconf 91' lang='lat' dir='ltr'>quando</span> <span class='ocrx_word' id='word_1_23' title='bbox 201 529 498 605; x_wconf 83' lang='lat' dir='ltr'>sanctificationem,</span> <span class='ocrx_word' id='word_1_24' title='bbox 525 534 599 608; x_wconf 72' lang='lat' dir='ltr'>[pag.</span> <span class='ocrx_word' id='word_1_25' title='bbox 616 535 671 610; x_wconf 80' lang='lat'>40]</span> <span class='ocrx_word' id='word_1_26' title='bbox 699 552 783 613; x_wconf 86' lang='lat' dir='ltr'>qnae</span> <span class='ocrx_word' id='word_1_27' title='bbox 808 531 886 597; x_wconf 91' lang='lat' dir='ltr'>solis</span> <span class='ocrx_word' id='word_1_28' title='bbox 912 531 1024 599; x_wconf 87' lang='lat' dir='ltr'>electis</span> <span class='ocrx_word' id='word_1_29' title='bbox 1074 529 1184 614; x_wconf 83' lang='lat' dir='ltr'>signet</span> <span class='ocrx_word' id='word_1_30' title='bbox 1210 528 1377 596; x_wconf 89' lang='lat' dir='ltr'>Christus:</span> <span class='ocrx_word' id='word_1_31' title='bbox 1409 531 1486 614; x_wconf 89' lang='lat' dir='ltr'>quia</span> <span class='ocrx_word' id='word_1_32' title='bbox 1512 531 1653 597; x_wconf 84' lang='lat' dir='ltr'>antehac</span> <span class='ocrx_word' id='word_1_33' title='bbox 1679 534 1759 596; x_wconf 92' lang='lat' dir='ltr'>satis</span> <span class='ocrx_word' id='word_1_34' title='bbox 1790 552 1950 614; x_wconf 87' lang='lat' dir='ltr'>superque</span> <span class='ocrx_word' id='word_1_35' title='bbox 1975 553 2056 615; x_wconf 91' lang='lat' dir='ltr'>pro-</span> 
     </span>
     <span class='ocr_line' id='line_1_4' title="bbox 48 611 2052 700; baseline 0.004 -23"><span class='ocrx_word' id='word_1_36' title='bbox 48 623 82 677; x_wconf 91' lang='lat' dir='ltr'>et</span> <span class='ocrx_word' id='word_1_37' title='bbox 103 611 179 679; x_wconf 89' lang='lat' dir='ltr'>filiis</span> <span class='ocrx_word' id='word_1_38' title='bbox 189 614 252 678; x_wconf 90' lang='lat' dir='ltr'>Dei</span> <span class='ocrx_word' id='word_1_39' title='bbox 264 614 397 697; x_wconf 87' lang='lat' dir='ltr'>propria</span> <span class='ocrx_word' id='word_1_40' title='bbox 407 625 466 690; x_wconf 85' lang='lat' dir='ltr'>est,</span> <span class='ocrx_word' id='word_1_41' title='bbox 485 614 854 700; x_wconf 83' lang='lat' dir='ltr'>discerncreagonerali</span> <span class='ocrx_word' id='word_1_42' title='bbox 876 616 1024 699; x_wconf 90' lang='lat' dir='ltr'>potentia</span> <span class='ocrx_word' id='word_1_43' title='bbox 1074 616 1178 681; x_wconf 85' lang='lat' dir='ltr'>fessus</span> <span class='ocrx_word' id='word_1_44' title='bbox 1208 635 1282 679; x_wconf 91' lang='lat' dir='ltr'>sum</span> <span class='ocrx_word' id='word_1_45' title='bbox 1307 635 1360 680; x_wconf 88' lang='lat' dir='ltr'>me</span> <span class='ocrx_word' id='word_1_46' title='bbox 1387 637 1453 681; x_wconf 93' lang='lat' dir='ltr'>non</span> <span class='ocrx_word' id='word_1_47' title='bbox 1482 618 1607 700; x_wconf 80' lang='lat' dir='ltr'>fingere</span> <span class='ocrx_word' id='word_1_48' title='bbox 1633 616 1803 682; x_wconf 79' lang='lat' dir='ltr'>Christum</span> <span class='ocrx_word' id='word_1_49' title='bbox 1835 617 2052 700; x_wconf 81' lang='lat' dir='ltr'>bicorporemr</span> 
     </span>
     <span class='ocr_line' id='line_1_5' title="bbox 49 698 2051 786; baseline 0.003 -22"><span class='ocrx_word' id='word_1_50' title='bbox 49 698 161 776; x_wconf 88' lang='lat' dir='ltr'>discat,</span> <span class='ocrx_word' id='word_1_51' title='bbox 184 720 266 782; x_wconf 90' lang='lat' dir='ltr'>quae</span> <span class='ocrx_word' id='word_1_52' title='bbox 287 700 328 764; x_wconf 92' lang='lat' dir='ltr'>ad</span> <span class='ocrx_word' id='word_1_53' title='bbox 350 699 505 782; x_wconf 89' lang='lat' dir='ltr'>reprobos</span> <span class='ocrx_word' id='word_1_54' title='bbox 527 721 653 784; x_wconf 87' lang='lat' dir='ltr'>quoque</span> <span class='ocrx_word' id='word_1_55' title='bbox 673 703 824 784; x_wconf 85' lang='lat' dir='ltr'>pertinet</span> <span class='ocrx_word' id='word_1_56' title='bbox 857 702 948 786; x_wconf 81' lang='lat' dir='ltr'>Ergo</span> <span class='ocrx_word' id='word_1_57' title='bbox 971 700 1023 767; x_wconf 91' lang='lat' dir='ltr'>his</span> <span class='ocrx_word' id='word_1_58' title='bbox 1074 701 1210 784; x_wconf 90' lang='lat' dir='ltr'>ideoque</span> <span class='ocrx_word' id='word_1_59' title='bbox 1230 722 1347 784; x_wconf 88' lang='lat' dir='ltr'>eorpus</span> <span class='ocrx_word' id='word_1_60' title='bbox 1367 700 1453 782; x_wconf 91' lang='lat' dir='ltr'>quod</span> <span class='ocrx_word' id='word_1_61' title='bbox 1474 702 1576 767; x_wconf 88' lang='lat' dir='ltr'>semel</span> <span class='ocrx_word' id='word_1_62' title='bbox 1597 702 1791 768; x_wconf 82' lang='lat' dir='ltr'>crucifixum</span> <span class='ocrx_word' id='word_1_63' title='bbox 1815 710 1865 768; x_wconf 86' lang='lat' dir='ltr'>est</span> <span class='ocrx_word' id='word_1_64' title='bbox 1891 703 1928 767; x_wconf 91' lang='lat' dir='ltr'>in</span> <span class='ocrx_word' id='word_1_65' title='bbox 1949 723 2051 771; x_wconf 87' lang='lat' dir='ltr'>coena</span> 
     </span>
     <span class='ocr_line' id='line_1_6' title="bbox 47 784 2051 873; baseline 0.003 -23"><span class='ocrx_word' id='word_1_66' title='bbox 47 784 239 852; x_wconf 84' lang='lat' dir='ltr'>cavillisne</span> <span class='ocrx_word' id='word_1_67' title='bbox 260 785 433 851; x_wconf 90' lang='lat' dir='ltr'>minimum</span> <span class='ocrx_word' id='word_1_68' title='bbox 462 786 742 870; x_wconf 74' lang='lat' dir='ltr'>quidemapicem</span> <span class='ocrx_word' id='word_1_69' title='bbox 763 787 937 853; x_wconf 86' lang='lat' dir='ltr'>labefactat</span> <span class='ocrx_word' id='word_1_70' title='bbox 957 788 1023 853; x_wconf 89' lang='lat' dir='ltr'>mei</span> <span class='ocrx_word' id='word_1_71' title='bbox 1074 787 1154 851; x_wconf 81' lang='lat' dir='ltr'>dari.</span> <span class='ocrx_word' id='word_1_72' title='bbox 1198 786 1271 851; x_wconf 92' lang='lat' dir='ltr'>Imo</span> <span class='ocrx_word' id='word_1_73' title='bbox 1297 809 1339 852; x_wconf 84' lang='lat' dir='ltr'>ex</span> <span class='ocrx_word' id='word_1_74' title='bbox 1369 788 1611 855; x_wconf 88' lang='lat' dir='ltr'>commentariis</span> <span class='ocrx_word' id='word_1_75' title='bbox 1634 788 1724 873; x_wconf 89' lang='lat' dir='ltr'>meis</span> <span class='ocrx_word' id='word_1_76' title='bbox 1756 788 1859 870; x_wconf 90' lang='lat' dir='ltr'>liquet</span> <span class='ocrx_word' id='word_1_77' title='bbox 1889 789 2051 871; x_wconf 90' lang='lat' dir='ltr'>quomodo</span> 
     </span>
     <span class='ocr_line' id='line_1_7' title="bbox 46 870 2049 958; baseline 0.003 -23"><span class='ocrx_word' id='word_1_78' title='bbox 46 871 232 936; x_wconf 76' lang='lat' dir='ltr'>axiomatis:</span> <span class='ocrx_word' id='word_1_79' title='bbox 254 870 329 936; x_wconf 91' lang='lat' dir='ltr'>Non</span> <span class='ocrx_word' id='word_1_80' title='bbox 345 893 445 953; x_wconf 83' lang='lat' dir='ltr'>posse</span> <span class='ocrx_word' id='word_1_81' title='bbox 468 871 647 951; x_wconf 88' lang='lat' dir='ltr'>Christum,</span> <span class='ocrx_word' id='word_1_82' title='bbox 670 881 831 955; x_wconf 88' lang='lat' dir='ltr'>quatenus</span> <span class='ocrx_word' id='word_1_83' title='bbox 855 883 907 939; x_wconf 88' lang='lat' dir='ltr'>cst</span> <span class='ocrx_word' id='word_1_84' title='bbox 927 874 1023 957; x_wconf 87' lang='lat' dir='ltr'>panis</span> <span class='ocrx_word' id='word_1_85' title='bbox 1072 871 1181 937; x_wconf 90' lang='lat' dir='ltr'>locum</span> <span class='ocrx_word' id='word_1_86' title='bbox 1217 872 1310 938; x_wconf 91' lang='lat' dir='ltr'>illum</span> <span class='ocrx_word' id='word_1_87' title='bbox 1344 873 1565 957; x_wconf 73' lang='lat' dir='ltr'>exposuerim:</span> <span class='ocrx_word' id='word_1_88' title='bbox 1602 873 1704 938; x_wconf 89' lang='lat' dir='ltr'>Panis</span> <span class='ocrx_word' id='word_1_89' title='bbox 1737 895 1833 955; x_wconf 91' lang='lat' dir='ltr'>qucm</span> <span class='ocrx_word' id='word_1_90' title='bbox 1863 896 1923 958; x_wconf 85' lang='lat' dir='ltr'>ego</span> <span class='ocrx_word' id='word_1_91' title='bbox 1955 875 2049 955; x_wconf 90' lang='lat' dir='ltr'>dabo,</span> 
     </span>
     <span class='ocr_line' id='line_1_8' title="bbox 46 956 2053 1042; baseline 0.002 -21"><span class='ocrx_word' id='word_1_92' title='bbox 46 956 206 1035; x_wconf 78' lang='lat' dir='ltr'>vivificus,</span> <span class='ocrx_word' id='word_1_93' title='bbox 229 966 262 1021; x_wconf 91' lang='lat' dir='ltr'>et</span> <span class='ocrx_word' id='word_1_94' title='bbox 282 957 415 1021; x_wconf 85' lang='lat' dir='ltr'>victima</span> <span class='ocrx_word' id='word_1_95' title='bbox 436 957 471 1022; x_wconf 93' lang='lat' dir='ltr'>in</span> <span class='ocrx_word' id='word_1_96' title='bbox 495 980 591 1024; x_wconf 88' lang='lat' dir='ltr'>cruce</span> <span class='ocrx_word' id='word_1_97' title='bbox 614 957 789 1037; x_wconf 88' lang='lat' dir='ltr'>immolata,</span> <span class='ocrx_word' id='word_1_98' title='bbox 818 959 935 1042; x_wconf 88' lang='lat' dir='ltr'>spiritu</span> <span class='ocrx_word' id='word_1_99' title='bbox 963 981 1022 1024; x_wconf 88' lang='lat' dir='ltr'>auo</span> <span class='ocrx_word' id='word_1_100' title='bbox 1074 978 1149 1023; x_wconf 87' lang='lat' dir='ltr'>earo</span> <span class='ocrx_word' id='word_1_101' title='bbox 1184 979 1259 1022; x_wconf 91' lang='lat' dir='ltr'>mea</span> <span class='ocrx_word' id='word_1_102' title='bbox 1299 968 1362 1036; x_wconf 87' lang='lat' dir='ltr'>est,</span> <span class='ocrx_word' id='word_1_103' title='bbox 1396 979 1493 1042; x_wconf 89' lang='lat' dir='ltr'>quam</span> <span class='ocrx_word' id='word_1_104' title='bbox 1526 980 1588 1041; x_wconf 84' lang='lat' dir='ltr'>ego</span> <span class='ocrx_word' id='word_1_105' title='bbox 1622 956 1705 1023; x_wconf 84' lang='lat' dir='ltr'>dabo</span> <span class='ocrx_word' id='word_1_106' title='bbox 1741 979 1800 1041; x_wconf 90' lang='lat' dir='ltr'>pro</span> <span class='ocrx_word' id='word_1_107' title='bbox 1832 959 1948 1025; x_wconf 90' lang='lat' dir='ltr'>mundi</span> <span class='ocrx_word' id='word_1_108' title='bbox 1979 962 2053 1026; x_wconf 84' lang='lat' dir='ltr'>vita</span> 
     </span>
     <span class='ocr_line' id='line_1_9' title="bbox 46 1043 2050 1128; baseline 0.002 -21"><span class='ocrx_word' id='word_1_109' title='bbox 46 1064 187 1108; x_wconf 85' lang='lat' dir='ltr'>vacuum</span> <span class='ocrx_word' id='word_1_110' title='bbox 208 1043 242 1106; x_wconf 93' lang='lat' dir='ltr'>in</span> <span class='ocrx_word' id='word_1_111' title='bbox 265 1063 381 1125; x_wconf 87' lang='lat' dir='ltr'>eorpus</span> <span class='ocrx_word' id='word_1_112' title='bbox 402 1043 543 1110; x_wconf 89' lang='lat' dir='ltr'>hominis</span> <span class='ocrx_word' id='word_1_113' title='bbox 564 1045 696 1109; x_wconf 88' lang='lat' dir='ltr'>intrare.</span> <span class='ocrx_word' id='word_1_114' title='bbox 795 1096 796 1099; x_wconf 63' lang='lat'>,</span> <span class='ocrx_word' id='word_1_115' title='bbox 964 1076 966 1081; x_wconf 20' lang='grc' dir='ltr'><strong><em>Δ</em></strong></span> <span class='ocrx_word' id='word_1_116' title='bbox 1075 1044 1202 1124; x_wconf 84' lang='lat' dir='ltr'>(loann.</span> <span class='ocrx_word' id='word_1_117' title='bbox 1226 1048 1255 1122; x_wconf 87' lang='lat'>6,</span> <span class='ocrx_word' id='word_1_118' title='bbox 1279 1049 1342 1124; x_wconf 74' lang='lat'>51).</span> <span class='ocrx_word' id='word_1_119' title='bbox 1368 1043 1494 1126; x_wconf 88' lang='lat' dir='ltr'>Nempe</span> <span class='ocrx_word' id='word_1_120' title='bbox 1516 1044 1682 1109; x_wconf 89' lang='lat' dir='ltr'>duasassc</span> <span class='ocrx_word' id='word_1_121' title='bbox 1702 1046 1826 1128; x_wconf 90' lang='lat' dir='ltr'>species</span> <span class='ocrx_word' id='word_1_122' title='bbox 1849 1045 2050 1112; x_wconf 89' lang='lat' dir='ltr'>donationis:</span> 
     </span>
     <span class='ocr_line' id='line_1_10' title="bbox 131 1128 2053 1213; baseline 0.003 -21"><span class='ocrx_word' id='word_1_123' title='bbox 131 1128 292 1193; x_wconf 85' lang='lat' dir='ltr'>Heshusii</span> <span class='ocrx_word' id='word_1_124' title='bbox 314 1128 475 1195; x_wconf 87' lang='lat' dir='ltr'>inscitiam</span> <span class='ocrx_word' id='word_1_125' title='bbox 496 1129 592 1194; x_wconf 87' lang='lat' dir='ltr'>simul</span> <span class='ocrx_word' id='word_1_126' title='bbox 605 1151 680 1196; x_wconf 92' lang='lat' dir='ltr'>cum</span> <span class='ocrx_word' id='word_1_127' title='bbox 693 1130 905 1212; x_wconf 90' lang='lat' dir='ltr'>impudentia,</span> <span class='ocrx_word' id='word_1_128' title='bbox 928 1130 1020 1196; x_wconf 89' lang='lat' dir='ltr'>stoli·</span> <span class='ocrx_word' id='word_1_129' title='bbox 1073 1129 1151 1211; x_wconf 92' lang='lat' dir='ltr'>quia</span> <span class='ocrx_word' id='word_1_130' title='bbox 1172 1150 1287 1212; x_wconf 88' lang='lat' dir='ltr'>corpus</span> <span class='ocrx_word' id='word_1_131' title='bbox 1308 1128 1396 1194; x_wconf 91' lang='lat' dir='ltr'>idem</span> <span class='ocrx_word' id='word_1_132' title='bbox 1420 1128 1505 1213; x_wconf 86' lang='lat' dir='ltr'>qued</span> <span class='ocrx_word' id='word_1_133' title='bbox 1531 1130 1632 1196; x_wconf 85' lang='lat' dir='ltr'>semel</span> <span class='ocrx_word' id='word_1_134' title='bbox 1662 1131 1815 1213; x_wconf 80' lang='lat' dir='ltr'>exposuit</span> <span class='ocrx_word' id='word_1_135' title='bbox 1841 1130 1995 1197; x_wconf 89' lang='lat' dir='ltr'>Christus</span> <span class='ocrx_word' id='word_1_136' title='bbox 2013 1133 2053 1198; x_wconf 88' lang='lat' dir='ltr'>in</span> 
     </span>
     <span class='ocr_line' id='line_1_11' title="bbox 47 1212 2051 1298; baseline 0.003 -21"><span class='ocrx_word' id='word_1_137' title='bbox 47 1212 147 1278; x_wconf 87' lang='lat' dir='ltr'>ditate</span> <span class='ocrx_word' id='word_1_138' title='bbox 180 1227 214 1278; x_wconf 88' lang='lat' dir='ltr'>et</span> <span class='ocrx_word' id='word_1_139' title='bbox 245 1215 421 1298; x_wconf 88' lang='lat' dir='ltr'>protervia,</span> <span class='ocrx_word' id='word_1_140' title='bbox 455 1217 534 1282; x_wconf 87' lang='lat' dir='ltr'>satie</span> <span class='ocrx_word' id='word_1_141' title='bbox 566 1215 706 1281; x_wconf 89' lang='lat' dir='ltr'>dilucide</span> <span class='ocrx_word' id='word_1_142' title='bbox 734 1217 915 1291; x_wconf 66' lang='lat' dir='ltr'>consistam</span> <span class='ocrx_word' id='word_1_143' title='bbox 949 1237 1021 1282; x_wconf 89' lang='lat' dir='ltr'>esse</span> <span class='ocrx_word' id='word_1_144' title='bbox 1073 1219 1148 1293; x_wconf 77' lang='lat' dir='ltr'>[pag.</span> <span class='ocrx_word' id='word_1_145' title='bbox 1168 1221 1220 1293; x_wconf 84' lang='lat'>42]</span> <span class='ocrx_word' id='word_1_146' title='bbox 1242 1214 1380 1280; x_wconf 89' lang='lat' dir='ltr'>salutem</span> <span class='ocrx_word' id='word_1_147' title='bbox 1403 1225 1559 1290; x_wconf 88' lang='lat' dir='ltr'>nostram,</span> <span class='ocrx_word' id='word_1_148' title='bbox 1587 1214 1731 1298; x_wconf 89' lang='lat' dir='ltr'>quotidie</span> <span class='ocrx_word' id='word_1_149' title='bbox 1757 1216 1851 1281; x_wconf 89' lang='lat' dir='ltr'>nohis</span> <span class='ocrx_word' id='word_1_150' title='bbox 1876 1217 1913 1281; x_wconf 90' lang='lat' dir='ltr'>in</span> <span class='ocrx_word' id='word_1_151' title='bbox 1939 1217 2051 1283; x_wconf 87' lang='lat' dir='ltr'>cibum</span> 
     </span>
     <span class='ocr_line' id='line_1_12' title="bbox 47 1299 2052 1386; baseline 0.003 -22"><span class='ocrx_word' id='word_1_152' title='bbox 47 1300 200 1365; x_wconf 85' lang='lat' dir='ltr'>arbitror:</span> <span class='ocrx_word' id='word_1_153' title='bbox 224 1315 261 1363; x_wconf 93' lang='lat' dir='ltr'>ut</span> <span class='ocrx_word' id='word_1_154' title='bbox 280 1321 345 1364; x_wconf 91' lang='lat' dir='ltr'>non</span> <span class='ocrx_word' id='word_1_155' title='bbox 369 1308 498 1365; x_wconf 83' lang='lat' dir='ltr'>tantum</span> <span class='ocrx_word' id='word_1_156' title='bbox 521 1299 630 1384; x_wconf 83' lang='lat' dir='ltr'>probis</span> <span class='ocrx_word' id='word_1_157' title='bbox 651 1311 685 1366; x_wconf 91' lang='lat' dir='ltr'>et</span> <span class='ocrx_word' id='word_1_158' title='bbox 706 1302 776 1367; x_wconf 92' lang='lat' dir='ltr'>sani</span> <span class='ocrx_word' id='word_1_159' title='bbox 793 1301 1021 1370; x_wconf 88' lang='lat' dir='ltr'>iudiciihomi·</span> <span class='ocrx_word' id='word_1_160' title='bbox 1073 1300 1276 1382; x_wconf 88' lang='lat' dir='ltr'>spiritualem</span> <span class='ocrx_word' id='word_1_161' title='bbox 1310 1301 1464 1383; x_wconf 81' lang='lat' dir='ltr'>porrigat</span> <span class='ocrx_word' id='word_1_162' title='bbox 1522 1299 1633 1380; x_wconf 82' lang='lat' dir='ltr'>Quare</span> <span class='ocrx_word' id='word_1_163' title='bbox 1674 1299 1760 1384; x_wconf 93' lang='lat' dir='ltr'>quod</span> <span class='ocrx_word' id='word_1_164' title='bbox 1796 1300 1838 1367; x_wconf 86' lang='lat' dir='ltr'>‹la</span> <span class='ocrx_word' id='word_1_165' title='bbox 1873 1302 2052 1386; x_wconf 85' lang='lat' dir='ltr'>symbolice</span> 
     </span>
     <span class='ocr_line' id='line_1_13' title="bbox 46 1385 2051 1469; baseline 0.002 -19"><span class='ocrx_word' id='word_1_166' title='bbox 46 1386 142 1451; x_wconf 93' lang='lat' dir='ltr'>nibus</span> <span class='ocrx_word' id='word_1_167' title='bbox 163 1387 291 1461; x_wconf 78' lang='lat' dir='ltr'>foeteat,</span> <span class='ocrx_word' id='word_1_168' title='bbox 314 1386 371 1451; x_wconf 90' lang='lat' dir='ltr'>sed</span> <span class='ocrx_word' id='word_1_169' title='bbox 393 1388 460 1452; x_wconf 91' lang='lat' dir='ltr'>suis</span> <span class='ocrx_word' id='word_1_170' title='bbox 482 1407 610 1468; x_wconf 88' lang='lat' dir='ltr'>qnoque</span> <span class='ocrx_word' id='word_1_171' title='bbox 630 1386 778 1453; x_wconf 93' lang='lat' dir='ltr'>nonnihil</span> <span class='ocrx_word' id='word_1_172' title='bbox 790 1389 908 1453; x_wconf 83' lang='lat' dir='ltr'>afferat</span> <span class='ocrx_word' id='word_1_173' title='bbox 929 1408 1021 1453; x_wconf 88' lang='lat' dir='ltr'>vere·</span> <span class='ocrx_word' id='word_1_174' title='bbox 1073 1406 1206 1468; x_wconf 90' lang='lat' dir='ltr'>corpore</span> <span class='ocrx_word' id='word_1_175' title='bbox 1228 1388 1340 1469; x_wconf 80' lang='lat' dir='ltr'>garrit,</span> <span class='ocrx_word' id='word_1_176' title='bbox 1361 1385 1484 1468; x_wconf 90' lang='lat' dir='ltr'>impuri</span> <span class='ocrx_word' id='word_1_177' title='bbox 1505 1407 1638 1452; x_wconf 90' lang='lat' dir='ltr'>scurrae</span> <span class='ocrx_word' id='word_1_178' title='bbox 1661 1386 1870 1452; x_wconf 88' lang='lat' dir='ltr'>maledictum</span> <span class='ocrx_word' id='word_1_179' title='bbox 1893 1397 1952 1453; x_wconf 93' lang='lat' dir='ltr'>est.</span> <span class='ocrx_word' id='word_1_180' title='bbox 1979 1389 2051 1455; x_wconf 90' lang='lat' dir='ltr'>Neo</span> 
     </span>
     <span class='ocr_line' id='line_1_14' title="bbox 45 1471 2050 1558; baseline 0.001 -22"><span class='ocrx_word' id='word_1_181' title='bbox 45 1471 199 1548; x_wconf 85' lang='lat' dir='ltr'>candiae,</span> <span class='ocrx_word' id='word_1_182' title='bbox 232 1471 288 1554; x_wconf 91' lang='lat' dir='ltr'>qui</span> <span class='ocrx_word' id='word_1_183' title='bbox 320 1484 388 1538; x_wconf 90' lang='lat' dir='ltr'>tam</span> <span class='ocrx_word' id='word_1_184' title='bbox 420 1472 593 1537; x_wconf 82' lang='lat' dir='ltr'>infeliciter</span> <span class='ocrx_word' id='word_1_185' title='bbox 629 1492 687 1554; x_wconf 87' lang='lat' dir='ltr'>pro</span> <span class='ocrx_word' id='word_1_186' title='bbox 720 1473 799 1555; x_wconf 89' lang='lat' dir='ltr'>ipsis</span> <span class='ocrx_word' id='word_1_187' title='bbox 831 1473 1020 1557; x_wconf 82' lang='lat' dir='ltr'>litigaverit.</span> <span class='ocrx_word' id='word_1_188' title='bbox 1073 1471 1244 1540; x_wconf 82' lang='lat' dir='ltr'>ferendum</span> <span class='ocrx_word' id='word_1_189' title='bbox 1265 1481 1324 1547; x_wconf 91' lang='lat' dir='ltr'>est,</span> <span class='ocrx_word' id='word_1_190' title='bbox 1346 1492 1423 1537; x_wconf 91' lang='lat' dir='ltr'>eum</span> <span class='ocrx_word' id='word_1_191' title='bbox 1435 1493 1510 1538; x_wconf 91' lang='lat' dir='ltr'>eum</span> <span class='ocrx_word' id='word_1_192' title='bbox 1522 1471 1622 1541; x_wconf 81' lang='lat' dir='ltr'>larvis</span> <span class='ocrx_word' id='word_1_193' title='bbox 1633 1481 1667 1537; x_wconf 91' lang='lat' dir='ltr'>et</span> <span class='ocrx_word' id='word_1_194' title='bbox 1680 1472 1811 1551; x_wconf 89' lang='lat' dir='ltr'>umbris,</span> <span class='ocrx_word' id='word_1_195' title='bbox 1834 1494 1915 1555; x_wconf 91' lang='lat' dir='ltr'>quas</span> <span class='ocrx_word' id='word_1_196' title='bbox 1932 1474 2050 1558; x_wconf 82' lang='lat' dir='ltr'>imagi·</span> 
     </span>
     <span class='ocr_line' id='line_1_15' title="bbox 46 1555 2051 1640; baseline 0.002 -19"><span class='ocrx_word' id='word_1_197' title='bbox 46 1555 132 1637; x_wconf 77' lang='lat' dir='ltr'>Quia</span> <span class='ocrx_word' id='word_1_198' title='bbox 154 1565 263 1623; x_wconf 85' lang='lat' dir='ltr'>tamen</span> <span class='ocrx_word' id='word_1_199' title='bbox 285 1578 321 1622; x_wconf 92' lang='lat' dir='ltr'>se</span> <span class='ocrx_word' id='word_1_200' title='bbox 343 1559 463 1623; x_wconf 89' lang='lat' dir='ltr'>erroris</span> <span class='ocrx_word' id='word_1_201' title='bbox 485 1558 536 1622; x_wconf 92' lang='lat' dir='ltr'>sui</span> <span class='ocrx_word' id='word_1_202' title='bbox 552 1558 832 1635; x_wconf 84' lang='lat' dir='ltr'>confirmationem</span> <span class='ocrx_word' id='word_1_203' title='bbox 850 1559 1021 1624; x_wconf 88' lang='lat' dir='ltr'>instituere</span> <span class='ocrx_word' id='word_1_204' title='bbox 1074 1567 1179 1633; x_wconf 86' lang='lat' dir='ltr'>natur,</span> <span class='ocrx_word' id='word_1_205' title='bbox 1203 1557 1389 1640; x_wconf 82' lang='lat' dir='ltr'>pugnando,</span> <span class='ocrx_word' id='word_1_206' title='bbox 1413 1567 1525 1623; x_wconf 86' lang='lat' dir='ltr'>tencre</span> <span class='ocrx_word' id='word_1_207' title='bbox 1547 1556 1705 1625; x_wconf 87' lang='lat' dir='ltr'>lectorum</span> <span class='ocrx_word' id='word_1_208' title='bbox 1728 1558 1845 1624; x_wconf 89' lang='lat' dir='ltr'>oculos.</span> <span class='ocrx_word' id='word_1_209' title='bbox 1889 1558 2051 1625; x_wconf 83' lang='lat' dir='ltr'>Eiusdem</span> 
     </span>
     <span class='ocr_line' id='line_1_16' title="bbox 45 1641 2050 1727; baseline 0.001 -19"><span class='ocrx_word' id='word_1_210' title='bbox 45 1641 187 1721; x_wconf 90' lang='lat' dir='ltr'>simulat,</span> <span class='ocrx_word' id='word_1_211' title='bbox 217 1664 258 1709; x_wconf 91' lang='lat' dir='ltr'>ne</span> <span class='ocrx_word' id='word_1_212' title='bbox 286 1643 426 1724; x_wconf 89' lang='lat' dir='ltr'>decipiat</span> <span class='ocrx_word' id='word_1_213' title='bbox 448 1644 509 1710; x_wconf 88' lang='lat' dir='ltr'>hac</span> <span class='ocrx_word' id='word_1_214' title='bbox 531 1642 740 1727; x_wconf 85' lang='lat' dir='ltr'>magniloqua</span> <span class='ocrx_word' id='word_1_215' title='bbox 767 1645 921 1710; x_wconf 87' lang='lat' dir='ltr'>iactantia</span> <span class='ocrx_word' id='word_1_216' title='bbox 942 1645 1020 1710; x_wconf 92' lang='lat' dir='ltr'>sim·</span> <span class='ocrx_word' id='word_1_217' title='bbox 1073 1649 1125 1708; x_wconf 89' lang='lat' dir='ltr'>est</span> <span class='ocrx_word' id='word_1_218' title='bbox 1146 1642 1319 1718; x_wconf 80' lang='lat' dir='ltr'>futilitatis,</span> <span class='ocrx_word' id='word_1_219' title='bbox 1342 1664 1441 1725; x_wconf 91' lang='lat' dir='ltr'>quum</span> <span class='ocrx_word' id='word_1_220' title='bbox 1465 1642 1543 1709; x_wconf 89' lang='lat' dir='ltr'>dicit</span> <span class='ocrx_word' id='word_1_221' title='bbox 1569 1666 1622 1709; x_wconf 90' lang='lat' dir='ltr'>mc</span> <span class='ocrx_word' id='word_1_222' title='bbox 1643 1644 1844 1709; x_wconf 89' lang='lat' dir='ltr'>solummodo</span> <span class='ocrx_word' id='word_1_223' title='bbox 1873 1642 1913 1710; x_wconf 93' lang='lat' dir='ltr'>de</span> <span class='ocrx_word' id='word_1_224' title='bbox 1939 1645 2050 1710; x_wconf 84' lang='lat' dir='ltr'>fructu</span> 
     </span>
     <span class='ocr_line' id='line_1_17' title="bbox 44 1727 2049 1813; baseline 0.001 -21"><span class='ocrx_word' id='word_1_225' title='bbox 44 1728 156 1811; x_wconf 87' lang='lat' dir='ltr'>plicas,</span> <span class='ocrx_word' id='word_1_226' title='bbox 190 1729 300 1811; x_wconf 82' lang='lat' dir='ltr'>paucis</span> <span class='ocrx_word' id='word_1_227' title='bbox 334 1727 496 1794; x_wconf 85' lang='lat' dir='ltr'>discutere</span> <span class='ocrx_word' id='word_1_228' title='bbox 533 1750 652 1812; x_wconf 85' lang='lat' dir='ltr'>operae</span> <span class='ocrx_word' id='word_1_229' title='bbox 681 1729 825 1812; x_wconf 89' lang='lat' dir='ltr'>pretium</span> <span class='ocrx_word' id='word_1_230' title='bbox 856 1738 906 1796; x_wconf 90' lang='lat' dir='ltr'>est</span> <span class='ocrx_word' id='word_1_231' title='bbox 937 1752 1021 1813; x_wconf 89' lang='lat' dir='ltr'>quae</span> <span class='ocrx_word' id='word_1_232' title='bbox 1074 1740 1107 1793; x_wconf 91' lang='lat' dir='ltr'>et</span> <span class='ocrx_word' id='word_1_233' title='bbox 1127 1728 1271 1793; x_wconf 82' lang='lat' dir='ltr'>efficacia</span> <span class='ocrx_word' id='word_1_234' title='bbox 1292 1728 1468 1794; x_wconf 86' lang='lat' dir='ltr'>clamitare.</span> <span class='ocrx_word' id='word_1_235' title='bbox 1504 1727 1737 1795; x_wconf 67' lang='lat' dir='ltr'>substantialis</span> <span class='ocrx_word' id='word_1_236' title='bbox 1759 1730 1847 1795; x_wconf 90' lang='lat' dir='ltr'>enim</span> <span class='ocrx_word' id='word_1_237' title='bbox 1868 1731 2049 1795; x_wconf 88' lang='lat' dir='ltr'>communi·</span> 
     </span>
     <span class='ocr_line' id='line_1_18' title="bbox 44 1812 2049 1899; baseline 0.002 -21"><span class='ocrx_word' id='word_1_238' title='bbox 44 1813 203 1897; x_wconf 85' lang='lat' dir='ltr'>producit</span> <span class='ocrx_word' id='word_1_239' title='bbox 225 1813 322 1894; x_wconf 75' lang='lat' dir='ltr'>erod</span> <span class='ocrx_word' id='word_1_240' title='bbox 333 1816 541 1880; x_wconf 90' lang='lat' dir='ltr'>concionatur</span> <span class='ocrx_word' id='word_1_241' title='bbox 552 1815 593 1880; x_wconf 92' lang='lat' dir='ltr'>de</span> <span class='ocrx_word' id='word_1_242' title='bbox 610 1815 772 1880; x_wconf 87' lang='lat' dir='ltr'>immensa</span> <span class='ocrx_word' id='word_1_243' title='bbox 781 1815 846 1881; x_wconf 90' lang='lat' dir='ltr'>Dei</span> <span class='ocrx_word' id='word_1_244' title='bbox 864 1817 1019 1899; x_wconf 87' lang='lat' dir='ltr'>potentia,</span> <span class='ocrx_word' id='word_1_245' title='bbox 1073 1814 1157 1879; x_wconf 89' lang='lat' dir='ltr'>catio</span> <span class='ocrx_word' id='word_1_246' title='bbox 1180 1812 1298 1896; x_wconf 90' lang='lat' dir='ltr'>ubique</span> <span class='ocrx_word' id='word_1_247' title='bbox 1326 1835 1345 1878; x_wconf 89' lang='lat' dir='ltr'>a</span> <span class='ocrx_word' id='word_1_248' title='bbox 1371 1836 1424 1880; x_wconf 91' lang='lat' dir='ltr'>mc</span> <span class='ocrx_word' id='word_1_249' title='bbox 1451 1817 1621 1880; x_wconf 87' lang='lat' dir='ltr'>asseritur:</span> <span class='ocrx_word' id='word_1_250' title='bbox 1650 1813 1746 1879; x_wconf 91' lang='lat' dir='ltr'>medo</span> <span class='ocrx_word' id='word_1_251' title='bbox 1774 1816 1911 1880; x_wconf 85' lang='lat' dir='ltr'>facessat</span> <span class='ocrx_word' id='word_1_252' title='bbox 1937 1816 2049 1882; x_wconf 87' lang='lat' dir='ltr'>localis</span> 
     </span>
     <span class='ocr_line' id='line_1_19' title="bbox 46 1898 2046 1984; baseline 0.002 -20"><span class='ocrx_word' id='word_1_253' title='bbox 46 1900 131 1980; x_wconf 87' lang='lat' dir='ltr'>alibi,</span> <span class='ocrx_word' id='word_1_254' title='bbox 166 1909 199 1966; x_wconf 92' lang='lat' dir='ltr'>et</span> <span class='ocrx_word' id='word_1_255' title='bbox 228 1898 360 1982; x_wconf 90' lang='lat' dir='ltr'>quidem</span> <span class='ocrx_word' id='word_1_256' title='bbox 392 1901 536 1982; x_wconf 89' lang='lat' dir='ltr'>saepius,</span> <span class='ocrx_word' id='word_1_257' title='bbox 568 1900 696 1967; x_wconf 90' lang='lat' dir='ltr'>ostendi</span> <span class='ocrx_word' id='word_1_258' title='bbox 729 1901 1019 1983; x_wconf 82' lang='lat' dir='ltr'>intempestivam</span> <span class='ocrx_word' id='word_1_259' title='bbox 1073 1901 1269 1980; x_wconf 90' lang='lat' dir='ltr'>praesentia,</span> <span class='ocrx_word' id='word_1_260' title='bbox 1304 1909 1338 1966; x_wconf 89' lang='lat' dir='ltr'>ct</span> <span class='ocrx_word' id='word_1_261' title='bbox 1368 1900 1408 1966; x_wconf 90' lang='lat' dir='ltr'>de</span> <span class='ocrx_word' id='word_1_262' title='bbox 1445 1901 1554 1967; x_wconf 89' lang='lat' dir='ltr'>earnis</span> <span class='ocrx_word' id='word_1_263' title='bbox 1586 1902 1806 1965; x_wconf 79' lang='lat' dir='ltr'>immensitate</span> <span class='ocrx_word' id='word_1_264' title='bbox 1831 1902 2046 1984; x_wconf 68' lang='lat' dir='ltr'>figmentum.</span> 
     </span>
     <span class='ocr_line' id='line_1_20' title="bbox 46 1984 2046 2069; baseline 0.001 -20"><span class='ocrx_word' id='word_1_265' title='bbox 46 1985 107 2051; x_wconf 91' lang='lat' dir='ltr'>hae</span> <span class='ocrx_word' id='word_1_266' title='bbox 128 2005 226 2050; x_wconf 88' lang='lat' dir='ltr'>eausa</span> <span class='ocrx_word' id='word_1_267' title='bbox 246 1986 326 2063; x_wconf 87' lang='lat' dir='ltr'>lieri,</span> <span class='ocrx_word' id='word_1_268' title='bbox 349 1984 404 2050; x_wconf 90' lang='lat' dir='ltr'>ubi</span> <span class='ocrx_word' id='word_1_269' title='bbox 426 2007 493 2050; x_wconf 93' lang='lat' dir='ltr'>non</span> <span class='ocrx_word' id='word_1_270' title='bbox 515 1987 684 2069; x_wconf 81' lang='lat' dir='ltr'>quaeritur</span> <span class='ocrx_word' id='word_1_271' title='bbox 704 1987 782 2069; x_wconf 94' lang='lat' dir='ltr'>quid</span> <span class='ocrx_word' id='word_1_272' title='bbox 803 1987 1018 2069; x_wconf 89' lang='lat' dir='ltr'>possitDeus,</span> <span class='ocrx_word' id='word_1_273' title='bbox 1071 1985 1138 2050; x_wconf 88' lang='lat' dir='ltr'>Hic</span> <span class='ocrx_word' id='word_1_274' title='bbox 1170 1996 1280 2050; x_wconf 86' lang='lat' dir='ltr'>autem</span> <span class='ocrx_word' id='word_1_275' title='bbox 1308 1987 1441 2052; x_wconf 84' lang='lat' dir='ltr'>sinister</span> <span class='ocrx_word' id='word_1_276' title='bbox 1471 1986 1632 2069; x_wconf 84' lang='lat' dir='ltr'>interpres</span> <span class='ocrx_word' id='word_1_277' title='bbox 1664 2007 1732 2051; x_wconf 90' lang='lat' dir='ltr'>non</span> <span class='ocrx_word' id='word_1_278' title='bbox 1763 1985 1860 2050; x_wconf 86' lang='lat' dir='ltr'>aliter</span> <span class='ocrx_word' id='word_1_279' title='bbox 1887 1986 2046 2069; x_wconf 87' lang='lat' dir='ltr'>placatur,</span> 
     </span>
     <span class='ocr_line' id='line_1_21' title="bbox 45 2070 2048 2153; baseline 0.001 -18"><span class='ocrx_word' id='word_1_280' title='bbox 45 2070 101 2135; x_wconf 88' lang='lat' dir='ltr'>sed</span> <span class='ocrx_word' id='word_1_281' title='bbox 133 2071 238 2153; x_wconf 88' lang='lat' dir='ltr'>qualis</span> <span class='ocrx_word' id='word_1_282' title='bbox 269 2072 377 2137; x_wconf 88' lang='lat' dir='ltr'>carnis</span> <span class='ocrx_word' id='word_1_283' title='bbox 411 2071 537 2136; x_wconf 87' lang='lat' dir='ltr'>Christi</span> <span class='ocrx_word' id='word_1_284' title='bbox 570 2073 821 2138; x_wconf 90' lang='lat' dir='ltr'>communicatio</span> <span class='ocrx_word' id='word_1_285' title='bbox 852 2074 887 2140; x_wconf 93' lang='lat' dir='ltr'>in</span> <span class='ocrx_word' id='word_1_286' title='bbox 919 2095 1020 2139; x_wconf 88' lang='lat' dir='ltr'>coena</span> <span class='ocrx_word' id='word_1_287' title='bbox 1073 2092 1171 2153; x_wconf 88' lang='lat' dir='ltr'>quam</span> <span class='ocrx_word' id='word_1_288' title='bbox 1206 2073 1235 2136; x_wconf 93' lang='lat' dir='ltr'>si</span> <span class='ocrx_word' id='word_1_289' title='bbox 1268 2072 1445 2137; x_wconf 85' lang='lat' dir='ltr'>obtinuerit</span> <span class='ocrx_word' id='word_1_290' title='bbox 1479 2072 1563 2136; x_wconf 88' lang='lat' dir='ltr'>haec</span> <span class='ocrx_word' id='word_1_291' title='bbox 1590 2072 1688 2137; x_wconf 90' lang='lat' dir='ltr'>Pauli</span> <span class='ocrx_word' id='word_1_292' title='bbox 1722 2072 1834 2136; x_wconf 88' lang='lat' dir='ltr'>verba:</span> <span class='ocrx_word' id='word_1_293' title='bbox 1868 2070 1963 2137; x_wconf 82' lang='lat' dir='ltr'>Calix</span> <span class='ocrx_word' id='word_1_294' title='bbox 1995 2081 2048 2138; x_wconf 82' lang='lat' dir='ltr'>est</span> 
     </span>
     <span class='ocr_line' id='line_1_22' title="bbox 44 2155 2047 2243; baseline 0 -23"><span class='ocrx_word' id='word_1_295' title='bbox 44 2156 138 2222; x_wconf 92' lang='lat' dir='ltr'>nobis</span> <span class='ocrx_word' id='word_1_296' title='bbox 159 2155 200 2220; x_wconf 94' lang='lat' dir='ltr'>ab</span> <span class='ocrx_word' id='word_1_297' title='bbox 221 2157 292 2241; x_wconf 90' lang='lat' dir='ltr'>ipsc</span> <span class='ocrx_word' id='word_1_298' title='bbox 315 2164 428 2222; x_wconf 89' lang='lat' dir='ltr'>autore</span> <span class='ocrx_word' id='word_1_299' title='bbox 450 2157 572 2222; x_wconf 88' lang='lat' dir='ltr'>tradita</span> <span class='ocrx_word' id='word_1_300' title='bbox 600 2157 652 2223; x_wconf 89' lang='lat' dir='ltr'>sit.</span> <span class='ocrx_word' id='word_1_301' title='bbox 697 2158 882 2241; x_wconf 86' lang='lat' dir='ltr'>Aliquando</span> <span class='ocrx_word' id='word_1_302' title='bbox 908 2160 1019 2243; x_wconf 88' lang='lat' dir='ltr'>itaque</span> <span class='ocrx_word' id='word_1_303' title='bbox 1072 2177 1195 2222; x_wconf 90' lang='lat' dir='ltr'>novum</span> <span class='ocrx_word' id='word_1_304' title='bbox 1215 2166 1448 2222; x_wconf 87' lang='lat' dir='ltr'>testamentum</span> <span class='ocrx_word' id='word_1_305' title='bbox 1470 2159 1503 2221; x_wconf 92' lang='lat' dir='ltr'>in</span> <span class='ocrx_word' id='word_1_306' title='bbox 1527 2158 1696 2241; x_wconf 78' lang='lat' dir='ltr'>sanguine,</span> <span class='ocrx_word' id='word_1_307' title='bbox 1721 2157 1912 2222; x_wconf 83' lang='lat' dir='ltr'>tantundem</span> <span class='ocrx_word' id='word_1_308' title='bbox 1937 2156 2047 2224; x_wconf 88' lang='lat' dir='ltr'>valere</span> 
     </span>
     <span class='ocr_line' id='line_1_23' title="bbox 42 2241 2045 2326; baseline 0 -20"><span class='ocrx_word' id='word_1_309' title='bbox 42 2242 176 2325; x_wconf 88' lang='lat' dir='ltr'>prnpius</span> <span class='ocrx_word' id='word_1_310' title='bbox 203 2242 335 2317; x_wconf 87' lang='lat' dir='ltr'>accedit,</span> <span class='ocrx_word' id='word_1_311' title='bbox 356 2242 454 2308; x_wconf 88' lang='lat' dir='ltr'>Pauli</span> <span class='ocrx_word' id='word_1_312' title='bbox 482 2251 516 2308; x_wconf 91' lang='lat' dir='ltr'>et</span> <span class='ocrx_word' id='word_1_313' title='bbox 539 2243 828 2326; x_wconf 79' lang='lat' dir='ltr'>Evangelistarum</span> <span class='ocrx_word' id='word_1_314' title='bbox 855 2245 955 2310; x_wconf 86' lang='lat' dir='ltr'>verba</span> <span class='ocrx_word' id='word_1_315' title='bbox 982 2246 1018 2310; x_wconf 92' lang='lat' dir='ltr'>in</span> <span class='ocrx_word' id='word_1_316' title='bbox 1071 2263 1108 2307; x_wconf 92' lang='lat' dir='ltr'>ao</span> <span class='ocrx_word' id='word_1_317' title='bbox 1130 2243 1158 2307; x_wconf 90' lang='lat' dir='ltr'>si</span> <span class='ocrx_word' id='word_1_318' title='bbox 1181 2242 1324 2320; x_wconf 82' lang='lat' dir='ltr'>dixisset,</span> <span class='ocrx_word' id='word_1_319' title='bbox 1347 2242 1380 2307; x_wconf 91' lang='lat' dir='ltr'>in</span> <span class='ocrx_word' id='word_1_320' title='bbox 1404 2242 1503 2309; x_wconf 85' lang='lat' dir='ltr'>calice</span> <span class='ocrx_word' id='word_1_321' title='bbox 1524 2243 1911 2326; x_wconf 81' lang='lat' dir='ltr'>sauguinemnontineri.</span> <span class='ocrx_word' id='word_1_322' title='bbox 1947 2241 2045 2323; x_wconf 76' lang='lat' dir='ltr'>Quod</span> 
     </span>
     <span class='ocr_line' id='line_1_24' title="bbox 42 2326 2046 2411; baseline 0.001 -19"><span class='ocrx_word' id='word_1_323' title='bbox 42 2326 187 2393; x_wconf 90' lang='lat' dir='ltr'>medium</span> <span class='ocrx_word' id='word_1_324' title='bbox 209 2329 362 2394; x_wconf 86' lang='lat' dir='ltr'>afferens:</span> <span class='ocrx_word' id='word_1_325' title='bbox 386 2329 450 2394; x_wconf 91' lang='lat' dir='ltr'>nisi</span> <span class='ocrx_word' id='word_1_326' title='bbox 472 2328 558 2411; x_wconf 89' lang='lat' dir='ltr'>quod</span> <span class='ocrx_word' id='word_1_327' title='bbox 579 2330 615 2394; x_wconf 90' lang='lat' dir='ltr'>in</span> <span class='ocrx_word' id='word_1_328' title='bbox 636 2331 822 2395; x_wconf 84' lang='lat' dir='ltr'>vanissimis</span> <span class='ocrx_word' id='word_1_329' title='bbox 846 2329 1019 2397; x_wconf 90' lang='lat' dir='ltr'>calumniis</span> <span class='ocrx_word' id='word_1_330' title='bbox 1070 2329 1098 2392; x_wconf 89' lang='lat' dir='ltr'>si</span> <span class='ocrx_word' id='word_1_331' title='bbox 1120 2328 1224 2403; x_wconf 81' lang='lat' dir='ltr'>detur,</span> <span class='ocrx_word' id='word_1_332' title='bbox 1247 2349 1362 2411; x_wconf 85' lang='lat' dir='ltr'>parum</span> <span class='ocrx_word' id='word_1_333' title='bbox 1386 2329 1521 2394; x_wconf 85' lang='lat' dir='ltr'>honeste</span> <span class='ocrx_word' id='word_1_334' title='bbox 1543 2340 1699 2394; x_wconf 87' lang='lat' dir='ltr'>retractet</span> <span class='ocrx_word' id='word_1_335' title='bbox 1726 2349 1857 2394; x_wconf 88' lang='lat' dir='ltr'>necesse</span> <span class='ocrx_word' id='word_1_336' title='bbox 1884 2337 1934 2393; x_wconf 92' lang='lat' dir='ltr'>est</span> <span class='ocrx_word' id='word_1_337' title='bbox 1958 2329 2046 2410; x_wconf 90' lang='lat' dir='ltr'>quod</span> 
     </span>
     <span class='ocr_line' id='line_1_25' title="bbox 41 2413 2046 2497; baseline 0.001 -21"><span class='ocrx_word' id='word_1_338' title='bbox 41 2413 269 2496; x_wconf 80' lang='lat' dir='ltr'>loquacitatem</span> <span class='ocrx_word' id='word_1_339' title='bbox 302 2425 423 2479; x_wconf 83' lang='lat' dir='ltr'>temere</span> <span class='ocrx_word' id='word_1_340' title='bbox 461 2436 577 2486; x_wconf 88' lang='lat' dir='ltr'>rursus</span> <span class='ocrx_word' id='word_1_341' title='bbox 613 2425 756 2486; x_wconf 83' lang='lat' dir='ltr'>excreat:</span> <span class='ocrx_word' id='word_1_342' title='bbox 793 2437 831 2482; x_wconf 91' lang='lat' dir='ltr'>ac</span> <span class='ocrx_word' id='word_1_343' title='bbox 863 2417 893 2481; x_wconf 95' lang='lat' dir='ltr'>si</span> <span class='ocrx_word' id='word_1_344' title='bbox 924 2415 1018 2482; x_wconf 89' lang='lat' dir='ltr'>nobis</span> <span class='ocrx_word' id='word_1_345' title='bbox 1071 2421 1137 2477; x_wconf 88' lang='lat' dir='ltr'>tam</span> <span class='ocrx_word' id='word_1_346' title='bbox 1149 2424 1375 2479; x_wconf 85' lang='lat' dir='ltr'>asseveranter</span> <span class='ocrx_word' id='word_1_347' title='bbox 1386 2413 1519 2479; x_wconf 52' lang='lat' dir='ltr'>dixit‘de</span> <span class='ocrx_word' id='word_1_348' title='bbox 1534 2415 1664 2497; x_wconf 87' lang='lat' dir='ltr'>proprio</span> <span class='ocrx_word' id='word_1_349' title='bbox 1675 2413 1858 2478; x_wconf 83' lang='lat' dir='ltr'>etmtturali</span> <span class='ocrx_word' id='word_1_350' title='bbox 1871 2413 2046 2479; x_wconf 88' lang='lat' dir='ltr'>verborum</span> 
     </span>
     <span class='ocr_line' id='line_1_26' title="bbox 40 2498 2046 2583; baseline 0.001 -21"><span class='ocrx_word' id='word_1_351' title='bbox 40 2499 244 2583; x_wconf 88' lang='lat' dir='ltr'>propositum</span> <span class='ocrx_word' id='word_1_352' title='bbox 277 2510 364 2565; x_wconf 90' lang='lat' dir='ltr'>essct</span> <span class='ocrx_word' id='word_1_353' title='bbox 393 2499 519 2566; x_wconf 89' lang='lat' dir='ltr'>Christi</span> <span class='ocrx_word' id='word_1_354' title='bbox 550 2501 791 2566; x_wconf 88' lang='lat' dir='ltr'>institutionem</span> <span class='ocrx_word' id='word_1_355' title='bbox 824 2502 1028 2568; x_wconf 84' lang='lat' dir='ltr'>convellere..</span> <span class='ocrx_word' id='word_1_356' title='bbox 1070 2520 1179 2564; x_wconf 83' lang='lat' dir='ltr'>sensu.</span> <span class='ocrx_word' id='word_1_357' title='bbox 1202 2498 1264 2565; x_wconf 88' lang='lat' dir='ltr'>Cui</span> <span class='ocrx_word' id='word_1_358' title='bbox 1285 2501 1371 2564; x_wconf 90' lang='lat' dir='ltr'>enim</span> <span class='ocrx_word' id='word_1_359' title='bbox 1391 2499 1585 2583; x_wconf 89' lang='lat' dir='ltr'>persuadeat</span> <span class='ocrx_word' id='word_1_360' title='bbox 1604 2499 1727 2564; x_wconf 90' lang='lat' dir='ltr'>nullam</span> <span class='ocrx_word' id='word_1_361' title='bbox 1746 2500 1885 2582; x_wconf 85' lang='lat' dir='ltr'>figuram</span> <span class='ocrx_word' id='word_1_362' title='bbox 1904 2501 2046 2579; x_wconf 88' lang='lat' dir='ltr'>subesse,</span> 
     </span>
     <span class='ocr_line' id='line_1_27' title="bbox 40 2585 2046 2671; baseline 0.001 -22"><span class='ocrx_word' id='word_1_363' title='bbox 40 2585 110 2650; x_wconf 89' lang='lat' dir='ltr'>Nos</span> <span class='ocrx_word' id='word_1_364' title='bbox 138 2606 217 2650; x_wconf 88' lang='lat' dir='ltr'>vcro</span> <span class='ocrx_word' id='word_1_365' title='bbox 251 2600 319 2649; x_wconf 89' lang='lat' dir='ltr'>tam</span> <span class='ocrx_word' id='word_1_366' title='bbox 347 2585 486 2651; x_wconf 91' lang='lat' dir='ltr'>fideliter</span> <span class='ocrx_word' id='word_1_367' title='bbox 517 2608 555 2654; x_wconf 90' lang='lat' dir='ltr'>ac</span> <span class='ocrx_word' id='word_1_368' title='bbox 587 2588 713 2653; x_wconf 88' lang='lat' dir='ltr'>sincera</span> <span class='ocrx_word' id='word_1_369' title='bbox 744 2608 843 2669; x_wconf 90' lang='lat' dir='ltr'>quam</span> <span class='ocrx_word' id='word_1_370' title='bbox 875 2587 1018 2671; x_wconf 83' lang='lat' dir='ltr'>ingenue</span> <span class='ocrx_word' id='word_1_371' title='bbox 1070 2585 1126 2651; x_wconf 92' lang='lat' dir='ltr'>ubi</span> <span class='ocrx_word' id='word_1_372' title='bbox 1158 2585 1244 2651; x_wconf 82' lang='lat' dir='ltr'>calix</span> <span class='ocrx_word' id='word_1_373' title='bbox 1277 2597 1509 2651; x_wconf 88' lang='lat' dir='ltr'>testamentum</span> <span class='ocrx_word' id='word_1_374' title='bbox 1542 2585 1576 2649; x_wconf 92' lang='lat' dir='ltr'>in</span> <span class='ocrx_word' id='word_1_375' title='bbox 1609 2587 1769 2669; x_wconf 78' lang='lat' dir='ltr'>sanguine</span> <span class='ocrx_word' id='word_1_376' title='bbox 1793 2597 1935 2661; x_wconf 73' lang='lat' dir='ltr'>vectatur,</span> <span class='ocrx_word' id='word_1_377' title='bbox 1968 2586 2046 2668; x_wconf 89' lang='lat' dir='ltr'>qnia</span> 
     </span>
     <span class='ocr_line' id='line_1_28' title="bbox 41 2670 2046 2757; baseline 0.001 -22"><span class='ocrx_word' id='word_1_378' title='bbox 41 2692 171 2754; x_wconf 85' lang='lat' dir='ltr'>semper</span> <span class='ocrx_word' id='word_1_379' title='bbox 193 2673 302 2736; x_wconf 85' lang='lat' dir='ltr'>testati</span> <span class='ocrx_word' id='word_1_380' title='bbox 324 2693 446 2749; x_wconf 91' lang='lat' dir='ltr'>snmus,</span> <span class='ocrx_word' id='word_1_381' title='bbox 469 2681 658 2738; x_wconf 87' lang='lat' dir='ltr'>reverenter</span> <span class='ocrx_word' id='word_1_382' title='bbox 679 2693 738 2738; x_wconf 90' lang='lat' dir='ltr'>nos</span> <span class='ocrx_word' id='word_1_383' title='bbox 759 2673 911 2755; x_wconf 87' lang='lat' dir='ltr'>amplecti</span> <span class='ocrx_word' id='word_1_384' title='bbox 932 2673 1017 2757; x_wconf 91' lang='lat' dir='ltr'>quod</span> <span class='ocrx_word' id='word_1_385' title='bbox 1070 2672 1263 2754; x_wconf 80' lang='lat' dir='ltr'>sauguinem</span> <span class='ocrx_word' id='word_1_386' title='bbox 1285 2673 1320 2735; x_wconf 92' lang='lat' dir='ltr'>in</span> <span class='ocrx_word' id='word_1_387' title='bbox 1344 2692 1379 2737; x_wconf 91' lang='lat' dir='ltr'>se</span> <span class='ocrx_word' id='word_1_388' title='bbox 1395 2670 1560 2736; x_wconf 86' lang='lat' dir='ltr'>continet?</span> <span class='ocrx_word' id='word_1_389' title='bbox 1584 2672 1656 2755; x_wconf 79' lang='lat' dir='ltr'>Ego</span> <span class='ocrx_word' id='word_1_390' title='bbox 1675 2685 1784 2736; x_wconf 88' lang='lat' dir='ltr'>autem</span> <span class='ocrx_word' id='word_1_391' title='bbox 1801 2670 2046 2737; x_wconf 89' lang='lat' dir='ltr'>nondissimulo</span> 
     </span>
     <span class='ocr_line' id='line_1_29' title="bbox 41 2754 2046 2842; baseline 0.001 -23"><span class='ocrx_word' id='word_1_392' title='bbox 41 2754 160 2823; x_wconf 90' lang='lat' dir='ltr'>docent</span> <span class='ocrx_word' id='word_1_393' title='bbox 191 2756 323 2821; x_wconf 90' lang='lat' dir='ltr'>Paulus·</span> <span class='ocrx_word' id='word_1_394' title='bbox 353 2765 388 2820; x_wconf 91' lang='lat' dir='ltr'>et</span> <span class='ocrx_word' id='word_1_395' title='bbox 418 2766 485 2822; x_wconf 88' lang='lat' dir='ltr'>tres</span> <span class='ocrx_word' id='word_1_396' title='bbox 507 2754 753 2842; x_wconf 72' lang='lat' dir='ltr'>Erangclistae:</span> <span class='ocrx_word' id='word_1_397' title='bbox 793 2767 921 2827; x_wconf 89' lang='lat' dir='ltr'>tantum</span> <span class='ocrx_word' id='word_1_398' title='bbox 953 2780 1019 2841; x_wconf 90' lang='lat' dir='ltr'>qua</span> <span class='ocrx_word' id='word_1_399' title='bbox 1070 2778 1123 2821; x_wconf 85' lang='lat' dir='ltr'>ure</span> <span class='ocrx_word' id='word_1_400' title='bbox 1147 2759 1206 2823; x_wconf 89' lang='lat' dir='ltr'>hoc</span> <span class='ocrx_word' id='word_1_401' title='bbox 1224 2755 1634 2839; x_wconf 80' lang='lat' dir='ltr'>·insipidumcommentum</span> <span class='ocrx_word' id='word_1_402' title='bbox 1648 2756 1794 2822; x_wconf 87' lang='lat' dir='ltr'>reiicere:</span> <span class='ocrx_word' id='word_1_403' title='bbox 1817 2770 2046 2838; x_wconf 89' lang='lat' dir='ltr'>nequctamcn</span> 
     </span>
     <span class='ocr_line' id='line_1_30' title="bbox 39 2841 2045 2926; baseline 0 -20"><span class='ocrx_word' id='word_1_404' title='bbox 39 2841 136 2908; x_wconf 88' lang='lat' dir='ltr'>decet</span> <span class='ocrx_word' id='word_1_405' title='bbox 156 2842 330 2906; x_wconf 88' lang='lat' dir='ltr'>sobrietate</span> <span class='ocrx_word' id='word_1_406' title='bbox 351 2854 385 2907; x_wconf 85' lang='lat' dir='ltr'>at</span> <span class='ocrx_word' id='word_1_407' title='bbox 407 2843 566 2909; x_wconf 89' lang='lat' dir='ltr'>modestia</span> <span class='ocrx_word' id='word_1_408' title='bbox 594 2862 750 2926; x_wconf 88' lang='lat' dir='ltr'>quaerere</span> <span class='ocrx_word' id='word_1_409' title='bbox 775 2842 816 2908; x_wconf 89' lang='lat' dir='ltr'>dc</span> <span class='ocrx_word' id='word_1_410' title='bbox 842 2845 1017 2909; x_wconf 84' lang='lat' dir='ltr'>verborum</span> <span class='ocrx_word' id='word_1_411' title='bbox 1070 2842 1147 2908; x_wconf 88' lang='lat' dir='ltr'>inde</span> <span class='ocrx_word' id='word_1_412' title='bbox 1173 2843 1321 2924; x_wconf 89' lang='lat' dir='ltr'>seqnitur</span> <span class='ocrx_word' id='word_1_413' title='bbox 1348 2844 1423 2909; x_wconf 91' lang='lat' dir='ltr'>vino</span> <span class='ocrx_word' id='word_1_414' title='bbox 1450 2864 1510 2908; x_wconf 92' lang='lat' dir='ltr'>nos</span> <span class='ocrx_word' id='word_1_415' title='bbox 1537 2864 1609 2908; x_wconf 91' lang='lat' dir='ltr'>esse</span> <span class='ocrx_word' id='word_1_416' title='bbox 1635 2841 1837 2924; x_wconf 88' lang='lat' dir='ltr'>redemptos,</span> <span class='ocrx_word' id='word_1_417' title='bbox 1865 2854 1899 2906; x_wconf 91' lang='lat' dir='ltr'>ct</span> <span class='ocrx_word' id='word_1_418' title='bbox 1929 2842 2045 2908; x_wconf 83' lang='lat' dir='ltr'>falsam</span> 
     </span>
     <span class='ocr_line' id='line_1_31' title="bbox 37 2927 2045 3012; baseline 0 -20"><span class='ocrx_word' id='word_1_419' title='bbox 37 2949 150 2993; x_wconf 86' lang='lat' dir='ltr'>sensu.</span> <span class='ocrx_word' id='word_1_420' title='bbox 195 2928 285 2993; x_wconf 87' lang='lat' dir='ltr'>Dicit</span> <span class='ocrx_word' id='word_1_421' title='bbox 311 2927 498 2995; x_wconf 89' lang='lat' dir='ltr'>Heshusius</span> <span class='ocrx_word' id='word_1_422' title='bbox 520 2929 606 2994; x_wconf 90' lang='lat' dir='ltr'>idem</span> <span class='ocrx_word' id='word_1_423' title='bbox 624 2950 750 2994; x_wconf 53' lang='lat' dir='ltr'>‘omnes</span> <span class='ocrx_word' id='word_1_424' title='bbox 778 2929 874 3012; x_wconf 92' lang='lat' dir='ltr'>loqui,</span> <span class='ocrx_word' id='word_1_425' title='bbox 905 2944 944 2996; x_wconf 90' lang='grc' dir='ltr'>ιιι</span> <span class='ocrx_word' id='word_1_426' title='bbox 975 2952 1019 2995; x_wconf 90' lang='lat' dir='ltr'>ne</span> <span class='ocrx_word' id='word_1_427' title='bbox 1071 2949 1142 2994; x_wconf 89' lang='lat' dir='ltr'>esse</span> <span class='ocrx_word' id='word_1_428' title='bbox 1173 2927 1296 2994; x_wconf 85' lang='lat' dir='ltr'>Christi</span> <span class='ocrx_word' id='word_1_429' title='bbox 1314 2950 1458 2994; x_wconf 88' lang='lat' dir='ltr'>·voaem:</span> <span class='ocrx_word' id='word_1_430' title='bbox 1491 2930 1568 3011; x_wconf 87' lang='lat' dir='ltr'>quia</span> <span class='ocrx_word' id='word_1_431' title='bbox 1600 2937 1637 2992; x_wconf 91' lang='lat' dir='ltr'>ut</span> <span class='ocrx_word' id='word_1_432' title='bbox 1667 2927 1730 2992; x_wconf 88' lang='lat' dir='ltr'>lide</span> <span class='ocrx_word' id='word_1_433' title='bbox 1764 2928 1891 2992; x_wconf 87' lang='lat' dir='ltr'>bibatur</span> <span class='ocrx_word' id='word_1_434' title='bbox 1918 2927 2045 3003; x_wconf 88' lang='lat' dir='ltr'>Christi</span> 
     </span>
     <span class='ocr_line' id='line_1_32' title="bbox 37 3011 2044 3098; baseline -0.001 -19"><span class='ocrx_word' id='word_1_435' title='bbox 37 3013 171 3098; x_wconf 83' lang='lat' dir='ltr'>syllaba</span> <span class='ocrx_word' id='word_1_436' title='bbox 192 3011 324 3095; x_wconf 89' lang='lat' dir='ltr'>quidem</span> <span class='ocrx_word' id='word_1_437' title='bbox 345 3036 413 3079; x_wconf 89' lang='lat' dir='ltr'>una</span> <span class='ocrx_word' id='word_1_438' title='bbox 433 3035 536 3097; x_wconf 87' lang='lat' dir='ltr'>paene</span> <span class='ocrx_word' id='word_1_439' title='bbox 558 3014 720 3080; x_wconf 87' lang='lat' dir='ltr'>differant</span> <span class='ocrx_word' id='word_1_440' title='bbox 756 3014 859 3096; x_wconf 77' lang='lat' dir='ltr'>Quasi</span> <span class='ocrx_word' id='word_1_441' title='bbox 882 3036 960 3082; x_wconf 85' lang='lat' dir='ltr'>vero</span> <span class='ocrx_word' id='word_1_442' title='bbox 982 3017 1017 3081; x_wconf 90' lang='lat' dir='ltr'>in</span> <span class='ocrx_word' id='word_1_443' title='bbox 1070 3015 1212 3098; x_wconf 80' lang='lat' dir='ltr'>sanguis,</span> <span class='ocrx_word' id='word_1_444' title='bbox 1246 3036 1310 3079; x_wconf 88' lang='lat' dir='ltr'>uon</span> <span class='ocrx_word' id='word_1_445' title='bbox 1342 3036 1425 3097; x_wconf 90' lang='lat' dir='ltr'>opus</span> <span class='ocrx_word' id='word_1_446' title='bbox 1453 3025 1505 3080; x_wconf 90' lang='lat' dir='ltr'>est</span> <span class='ocrx_word' id='word_1_447' title='bbox 1536 3016 1646 3096; x_wconf 92' lang='lat' dir='ltr'>ipsum</span> <span class='ocrx_word' id='word_1_448' title='bbox 1674 3012 1817 3077; x_wconf 85' lang='lat' dir='ltr'>defluere</span> <span class='ocrx_word' id='word_1_449' title='bbox 1843 3012 1878 3076; x_wconf 92' lang='lat' dir='ltr'>in</span> <span class='ocrx_word' id='word_1_450' title='bbox 1910 3025 2044 3091; x_wconf 90' lang='lat' dir='ltr'>terram,</span> 
     </span>
     <span class='ocr_line' id='line_1_33' title="bbox 37 3097 2046 3183; baseline -0 -19"><span class='ocrx_word' id='word_1_451' title='bbox 37 3101 165 3182; x_wconf 85' lang='lat' dir='ltr'>optimo</span> <span class='ocrx_word' id='word_1_452' title='bbox 195 3119 356 3164; x_wconf 88' lang='lat' dir='ltr'>consensu</span> <span class='ocrx_word' id='word_1_453' title='bbox 385 3122 450 3172; x_wconf 87' lang='lat' dir='ltr'>non</span> <span class='ocrx_word' id='word_1_454' title='bbox 479 3110 634 3183; x_wconf 88' lang='lat' dir='ltr'>appareat</span> <span class='ocrx_word' id='word_1_455' title='bbox 665 3102 701 3165; x_wconf 90' lang='lat' dir='ltr'>in</span> <span class='ocrx_word' id='word_1_456' title='bbox 733 3102 838 3167; x_wconf 82' lang='lat' dir='ltr'>forma</span> <span class='ocrx_word' id='word_1_457' title='bbox 871 3106 945 3180; x_wconf 74' lang='lat' dir='ltr'>[pag.</span> <span class='ocrx_word' id='word_1_458' title='bbox 964 3107 1017 3182; x_wconf 81' lang='lat' dir='ltr'>tt]</span> <span class='ocrx_word' id='word_1_459' title='bbox 1071 3097 1128 3164; x_wconf 87' lang='lat' dir='ltr'>sed</span> <span class='ocrx_word' id='word_1_460' title='bbox 1152 3121 1209 3164; x_wconf 89' lang='lat' dir='ltr'>nos</span> <span class='ocrx_word' id='word_1_461' title='bbox 1231 3100 1265 3164; x_wconf 92' lang='lat' dir='ltr'>in</span> <span class='ocrx_word' id='word_1_462' title='bbox 1288 3100 1412 3166; x_wconf 90' lang='lat' dir='ltr'>coelum</span> <span class='ocrx_word' id='word_1_463' title='bbox 1435 3099 1659 3177; x_wconf 84' lang='lat' dir='ltr'>conscendere,</span> <span class='ocrx_word' id='word_1_464' title='bbox 1682 3100 1760 3180; x_wconf 91' lang='lat' dir='ltr'>quin</span> <span class='ocrx_word' id='word_1_465' title='bbox 1779 3099 1884 3180; x_wconf 88' lang='lat' dir='ltr'>potius</span> <span class='ocrx_word' id='word_1_466' title='bbox 1902 3099 1935 3162; x_wconf 93' lang='lat' dir='ltr'>in</span> <span class='ocrx_word' id='word_1_467' title='bbox 1956 3098 2046 3163; x_wconf 87' lang='lat' dir='ltr'>coelo</span> 
     </span>
     <span class='ocr_line' id='line_1_34' title="bbox 37 3183 2045 3268; baseline -0 -19"><span class='ocrx_word' id='word_1_468' title='bbox 37 3183 198 3268; x_wconf 87' lang='lat' dir='ltr'>loquendi</span> <span class='ocrx_word' id='word_1_469' title='bbox 220 3184 371 3261; x_wconf 80' lang='lat' dir='ltr'>varietas,</span> <span class='ocrx_word' id='word_1_470' title='bbox 393 3206 475 3268; x_wconf 83' lang='lat' dir='ltr'>quae</span> <span class='ocrx_word' id='word_1_471' title='bbox 496 3187 612 3255; x_wconf 88' lang='lat' dir='ltr'>meritc</span> <span class='ocrx_word' id='word_1_472' title='bbox 634 3187 856 3268; x_wconf 89' lang='lat' dir='ltr'>quaestionem</span> <span class='ocrx_word' id='word_1_473' title='bbox 878 3200 1017 3254; x_wconf 84' lang='lat' dir='ltr'>moveat</span> <span class='ocrx_word' id='word_1_474' title='bbox 1070 3207 1203 3249; x_wconf 83' lang='lat' dir='ltr'>matters</span> <span class='ocrx_word' id='word_1_475' title='bbox 1225 3194 1352 3268; x_wconf 88' lang='lat' dir='ltr'>oportet</span> <span class='ocrx_word' id='word_1_476' title='bbox 1374 3185 1498 3250; x_wconf 88' lang='lat' dir='ltr'>Christi</span> <span class='ocrx_word' id='word_1_477' title='bbox 1522 3187 1725 3268; x_wconf 86' lang='lat' dir='ltr'>sanguinem,</span> <span class='ocrx_word' id='word_1_478' title='bbox 1748 3195 1786 3247; x_wconf 92' lang='lat' dir='ltr'>ut</span> <span class='ocrx_word' id='word_1_479' title='bbox 1803 3205 1877 3248; x_wconf 91' lang='lat' dir='ltr'>eum</span> <span class='ocrx_word' id='word_1_480' title='bbox 1899 3184 1988 3247; x_wconf 87' lang='lat' dir='ltr'>inter</span> <span class='ocrx_word' id='word_1_481' title='bbox 2009 3204 2045 3248; x_wconf 90' lang='lat' dir='ltr'>so</span> 
     </span>
     <span class='ocr_line' id='line_1_35' title="bbox 37 3267 2045 3356; baseline -0.002 -19"><span class='ocrx_word' id='word_1_482' title='bbox 37 3271 118 3337; x_wconf 90' lang='lat' dir='ltr'>Duo</span> <span class='ocrx_word' id='word_1_483' title='bbox 140 3269 273 3336; x_wconf 86' lang='lat' dir='ltr'>calicem</span> <span class='ocrx_word' id='word_1_484' title='bbox 296 3272 467 3336; x_wconf 88' lang='lat' dir='ltr'>nominant</span> <span class='ocrx_word' id='word_1_485' title='bbox 488 3272 683 3356; x_wconf 80' lang='lat' dir='ltr'>sanguinem</span> <span class='ocrx_word' id='word_1_486' title='bbox 711 3273 788 3338; x_wconf 88' lang='lat' dir='ltr'>novi</span> <span class='ocrx_word' id='word_1_487' title='bbox 815 3274 1016 3338; x_wconf 81' lang='lat' dir='ltr'>testamenti:</span> <span class='ocrx_word' id='word_1_488' title='bbox 1070 3272 1264 3353; x_wconf 87' lang='lat' dir='ltr'>participent</span> <span class='ocrx_word' id='word_1_489' title='bbox 1301 3271 1422 3335; x_wconf 84' lang='lat' dir='ltr'>fideles.</span> <span class='ocrx_word' id='word_1_490' title='bbox 1472 3271 1521 3336; x_wconf 91' lang='lat' dir='ltr'>Ut</span> <span class='ocrx_word' id='word_1_491' title='bbox 1552 3269 1645 3335; x_wconf 88' lang='lat' dir='ltr'>nobis</span> <span class='ocrx_word' id='word_1_492' title='bbox 1683 3269 1827 3334; x_wconf 76' lang='lat' dir='ltr'>excutiat</span> <span class='ocrx_word' id='word_1_493' title='bbox 1858 3267 2045 3352; x_wconf 89' lang='lat' dir='ltr'>Heshusius</span> 
     </span>
     <span class='ocr_line' id='line_1_36' title="bbox 37 3354 2045 3442; baseline -0.001 -21"><span class='ocrx_word' id='word_1_494' title='bbox 37 3356 160 3440; x_wconf 90' lang='lat' dir='ltr'>reliqui</span> <span class='ocrx_word' id='word_1_495' title='bbox 202 3355 267 3420; x_wconf 91' lang='lat' dir='ltr'>duo</span> <span class='ocrx_word' id='word_1_496' title='bbox 309 3367 549 3423; x_wconf 86' lang='lat' dir='ltr'>tastamentum.</span> <span class='ocrx_word' id='word_1_497' title='bbox 583 3379 710 3423; x_wconf 87' lang='lat' dir='ltr'>novum·</span> <span class='ocrx_word' id='word_1_498' title='bbox 756 3359 791 3423; x_wconf 91' lang='lat' dir='ltr'>in</span> <span class='ocrx_word' id='word_1_499' title='bbox 841 3361 1018 3442; x_wconf 77' lang='lat' dir='ltr'>sanguino:</span> <span class='ocrx_word' id='word_1_500' title='bbox 1070 3377 1182 3421; x_wconf 89' lang='lat' dir='ltr'>omnes</span> <span class='ocrx_word' id='word_1_501' title='bbox 1204 3356 1455 3422; x_wconf 85' lang='lat' dir='ltr'>sacramentales</span> <span class='ocrx_word' id='word_1_502' title='bbox 1477 3355 1630 3438; x_wconf 84' lang='lat' dir='ltr'>loquendi</span> <span class='ocrx_word' id='word_1_503' title='bbox 1652 3354 1773 3431; x_wconf 89' lang='lat' dir='ltr'>modos,</span> <span class='ocrx_word' id='word_1_504' title='bbox 1791 3367 1895 3438; x_wconf 65' lang='lat' dir='ltr'>‘negat</span> <span class='ocrx_word' id='word_1_505' title='bbox 1918 3354 2045 3419; x_wconf 80' lang='lat' dir='ltr'>discen·</span> 
     </span>
     <span class='ocr_line' id='line_1_37' title="bbox 37 3438 2044 3526; baseline -0.001 -18"><span class='ocrx_word' id='word_1_506' title='bbox 37 3465 82 3508; x_wconf 85' lang='lat' dir='ltr'>an</span> <span class='ocrx_word' id='word_1_507' title='bbox 118 3440 173 3506; x_wconf 87' lang='lat' dir='ltr'>hie</span> <span class='ocrx_word' id='word_1_508' title='bbox 213 3441 333 3507; x_wconf 90' lang='lat' dir='ltr'>nullius</span> <span class='ocrx_word' id='word_1_509' title='bbox 371 3442 517 3526; x_wconf 79' lang='lat' dir='ltr'>syllabae</span> <span class='ocrx_word' id='word_1_510' title='bbox 553 3443 749 3510; x_wconf 84' lang='lat' dir='ltr'>discrimen?</span> <span class='ocrx_word' id='word_1_511' title='bbox 805 3442 871 3509; x_wconf 83' lang='lat' dir='ltr'>Sed</span> <span class='ocrx_word' id='word_1_512' title='bbox 904 3444 1019 3510; x_wconf 82' lang='lat' dir='ltr'>ddmus</span> <span class='ocrx_word' id='word_1_513' title='bbox 1071 3440 1150 3505; x_wconf 91' lang='lat' dir='ltr'>dum</span> <span class='ocrx_word' id='word_1_514' title='bbox 1176 3464 1247 3507; x_wconf 90' lang='lat' dir='ltr'>csso</span> <span class='ocrx_word' id='word_1_515' title='bbox 1276 3465 1317 3506; x_wconf 86' lang='lat' dir='ltr'>cx</span> <span class='ocrx_word' id='word_1_516' title='bbox 1344 3443 1550 3506; x_wconf 87' lang='lat' dir='ltr'>institutione</span> <span class='ocrx_word' id='word_1_517' title='bbox 1576 3441 1750 3525; x_wconf 85' lang='lat' dir='ltr'>paschatis,</span> <span class='ocrx_word' id='word_1_518' title='bbox 1777 3438 1835 3504; x_wconf 91' lang='lat' dir='ltr'>sed</span> <span class='ocrx_word' id='word_1_519' title='bbox 1863 3462 1905 3504; x_wconf 84' lang='lat' dir='ltr'>ex</span> <span class='ocrx_word' id='word_1_520' title='bbox 1935 3440 2044 3506; x_wconf 82' lang='lat' dir='ltr'>verbis</span> 
     </span>
     <span class='ocr_line' id='line_1_38' title="bbox 37 3525 2044 3612; baseline -0.002 -18"><span class='ocrx_word' id='word_1_521' title='bbox 37 3527 159 3594; x_wconf 83' lang='lat' dir='ltr'>eadem</span> <span class='ocrx_word' id='word_1_522' title='bbox 179 3541 356 3609; x_wconf 89' lang='lat' dir='ltr'>aquatuor</span> <span class='ocrx_word' id='word_1_523' title='bbox 378 3528 476 3594; x_wconf 89' lang='lat' dir='ltr'>verba</span> <span class='ocrx_word' id='word_1_524' title='bbox 498 3537 531 3593; x_wconf 90' lang='lat' dir='ltr'>ct</span> <span class='ocrx_word' id='word_1_525' title='bbox 550 3550 654 3611; x_wconf 89' lang='lat' dir='ltr'>paone</span> <span class='ocrx_word' id='word_1_526' title='bbox 671 3528 814 3612; x_wconf 84' lang='lat' dir='ltr'>syllabas</span> <span class='ocrx_word' id='word_1_527' title='bbox 837 3530 1018 3595; x_wconf 88' lang='lat' dir='ltr'>numerari:</span> <span class='ocrx_word' id='word_1_528' title='bbox 1071 3527 1204 3602; x_wconf 89' lang='lat' dir='ltr'>Christi,</span> <span class='ocrx_word' id='word_1_529' title='bbox 1226 3527 1303 3609; x_wconf 89' lang='lat' dir='ltr'>quid</span> <span class='ocrx_word' id='word_1_530' title='bbox 1325 3527 1417 3593; x_wconf 88' lang='lat' dir='ltr'>nobis</span> <span class='ocrx_word' id='word_1_531' title='bbox 1438 3529 1471 3592; x_wconf 91' lang='lat' dir='ltr'>in</span> <span class='ocrx_word' id='word_1_532' title='bbox 1501 3548 1601 3593; x_wconf 91' lang='lat' dir='ltr'>coena</span> <span class='ocrx_word' id='word_1_533' title='bbox 1628 3527 1731 3591; x_wconf 88' lang='lat' dir='ltr'>detur.</span> <span class='ocrx_word' id='word_1_534' title='bbox 1776 3525 1822 3590; x_wconf 84' lang='lat' dir='ltr'>Et</span> <span class='ocrx_word' id='word_1_535' title='bbox 1847 3534 1956 3589; x_wconf 89' lang='lat' dir='ltr'>tamen</span> <span class='ocrx_word' id='word_1_536' title='bbox 1984 3546 2044 3608; x_wconf 90' lang='lat' dir='ltr'>pro</span> 
     </span>
     <span class='ocr_line' id='line_1_39' title="bbox 37 3610 2044 3698; baseline -0.002 -17"><span class='ocrx_word' id='word_1_537' title='bbox 37 3638 80 3681; x_wconf 88' lang='lat' dir='ltr'>an</span> <span class='ocrx_word' id='word_1_538' title='bbox 113 3611 188 3678; x_wconf 88' lang='lat' dir='ltr'>ideo</span> <span class='ocrx_word' id='word_1_539' title='bbox 213 3615 365 3695; x_wconf 90' lang='lat' dir='ltr'>protinus</span> <span class='ocrx_word' id='word_1_540' title='bbox 398 3613 527 3680; x_wconf 90' lang='lat' dir='ltr'>dabitur</span> <span class='ocrx_word' id='word_1_541' title='bbox 554 3614 721 3681; x_wconf 88' lang='lat' dir='ltr'>Heshusic</span> <span class='ocrx_word' id='word_1_542' title='bbox 747 3614 834 3697; x_wconf 92' lang='lat' dir='ltr'>qnod</span> <span class='ocrx_word' id='word_1_543' title='bbox 861 3617 1018 3698; x_wconf 88' lang='lat' dir='ltr'>postulat:</span> <span class='ocrx_word' id='word_1_544' title='bbox 1071 3635 1131 3678; x_wconf 91' lang='lat' dir='ltr'>sua</span> <span class='ocrx_word' id='word_1_545' title='bbox 1160 3615 1320 3698; x_wconf 82' lang='lat' dir='ltr'>vertigine</span> <span class='ocrx_word' id='word_1_546' title='bbox 1353 3634 1428 3677; x_wconf 76' lang='lat' dir='ltr'>mor</span> <span class='ocrx_word' id='word_1_547' title='bbox 1462 3614 1525 3678; x_wconf 90' lang='lat' dir='ltr'>alio</span> <span class='ocrx_word' id='word_1_548' title='bbox 1554 3611 1774 3687; x_wconf 59' lang='lat' dir='ltr'>transvolasti</span> <span class='ocrx_word' id='word_1_549' title='bbox 1801 3610 1899 3674; x_wconf 89' lang='lat' dir='ltr'>etiam</span> <span class='ocrx_word' id='word_1_550' title='bbox 1928 3611 1963 3674; x_wconf 92' lang='lat' dir='ltr'>in</span> <span class='ocrx_word' id='word_1_551' title='bbox 1992 3611 2044 3677; x_wconf 91' lang='lat' dir='ltr'>his</span> 
     </span>
     <span class='ocr_line' id='line_1_40' title="bbox 37 3696 2043 3783; baseline -0.002 -16"><span class='ocrx_word' id='word_1_552' title='bbox 37 3698 178 3766; x_wconf 87' lang='lat' dir='ltr'>Nullam</span> <span class='ocrx_word' id='word_1_553' title='bbox 202 3720 272 3762; x_wconf 88' lang='lat' dir='ltr'>esse</span> <span class='ocrx_word' id='word_1_554' title='bbox 297 3699 335 3764; x_wconf 89' lang='lat' dir='ltr'>in</span> <span class='ocrx_word' id='word_1_555' title='bbox 361 3699 469 3765; x_wconf 89' lang='lat' dir='ltr'>verbis</span> <span class='ocrx_word' id='word_1_556' title='bbox 497 3700 660 3783; x_wconf 84' lang='lat' dir='ltr'>figuram?</span> <span class='ocrx_word' id='word_1_557' title='bbox 705 3701 783 3773; x_wconf 60' lang='lat' dir='ltr'>Non,</span> <span class='ocrx_word' id='word_1_558' title='bbox 809 3713 932 3783; x_wconf 88' lang='lat' dir='ltr'>quator,</span> <span class='ocrx_word' id='word_1_559' title='bbox 961 3701 1018 3767; x_wconf 89' lang='lat' dir='ltr'>sed</span> <span class='ocrx_word' id='word_1_560' title='bbox 1071 3700 1181 3764; x_wconf 85' lang='lat' dir='ltr'>verbis</span> <span class='ocrx_word' id='word_1_561' title='bbox 1203 3700 1364 3782; x_wconf 90' lang='lat' dir='ltr'>preprium</span> <span class='ocrx_word' id='word_1_562' title='bbox 1378 3721 1447 3777; x_wconf 65' lang='lat' dir='ltr'>tesso</span> <span class='ocrx_word' id='word_1_563' title='bbox 1459 3699 1603 3782; x_wconf 83' lang='lat' dir='ltr'>phrasin,</span> <span class='ocrx_word' id='word_1_564' title='bbox 1626 3697 1838 3771; x_wconf 83' lang='lat' dir='ltr'>Circumcisio</span> <span class='ocrx_word' id='word_1_565' title='bbox 1852 3703 1904 3760; x_wconf 86' lang='lat' dir='ltr'>est</span> <span class='ocrx_word' id='word_1_566' title='bbox 1922 3696 2043 3762; x_wconf 83' lang='lat' dir='ltr'>foedus.</span> 
     </span>
     <span class='ocr_line' id='line_1_41' title="bbox 37 3783 2044 3871; baseline -0.003 -19"><span class='ocrx_word' id='word_1_567' title='bbox 37 3807 145 3871; x_wconf 89' lang='lat' dir='ltr'>prope</span> <span class='ocrx_word' id='word_1_568' title='bbox 178 3783 296 3852; x_wconf 88' lang='lat' dir='ltr'>millies</span> <span class='ocrx_word' id='word_1_569' title='bbox 325 3788 487 3869; x_wconf 87' lang='lat' dir='ltr'>scriptura</span> <span class='ocrx_word' id='word_1_570' title='bbox 513 3800 747 3851; x_wconf 83' lang='lat' dir='ltr'>commemorat.</span> <span class='ocrx_word' id='word_1_571' title='bbox 767 3808 878 3864; x_wconf 87' lang='lat' dir='ltr'>aures,</span> <span class='ocrx_word' id='word_1_572' title='bbox 909 3788 1019 3853; x_wconf 86' lang='lat' dir='ltr'>oetrlos</span> <span class='ocrx_word' id='word_1_573' title='bbox 1072 3784 1246 3851; x_wconf 87' lang='lat' dir='ltr'>Caeterum</span> <span class='ocrx_word' id='word_1_574' title='bbox 1270 3787 1296 3850; x_wconf 89' lang='lat' dir='ltr'>si</span> <span class='ocrx_word' id='word_1_575' title='bbox 1320 3786 1528 3868; x_wconf 83' lang='lat' dir='ltr'>pertinaciter</span> <span class='ocrx_word' id='word_1_576' title='bbox 1550 3796 1647 3868; x_wconf 80' lang='lat' dir='ltr'>neget</span> <span class='ocrx_word' id='word_1_577' title='bbox 1668 3783 1829 3847; x_wconf 84' lang='lat' dir='ltr'>valorcin</span> <span class='ocrx_word' id='word_1_578' title='bbox 1847 3801 1949 3847; x_wconf 89' lang='lat' dir='ltr'>coena</span> <span class='ocrx_word' id='word_1_579' title='bbox 1970 3803 2044 3864; x_wconf 90' lang='lat' dir='ltr'>per-</span> 
     </span>
     <span class='ocr_line' id='line_1_42' title="bbox 37 3867 2043 3954; baseline -0.004 -14"><span class='ocrx_word' id='word_1_580' title='bbox 37 3886 69 3940; x_wconf 86' lang='lat' dir='ltr'>et</span> <span class='ocrx_word' id='word_1_581' title='bbox 90 3871 266 3935; x_wconf 87' lang='lat' dir='ltr'>dexteram</span> <span class='ocrx_word' id='word_1_582' title='bbox 287 3892 423 3935; x_wconf 85' lang='lat' dir='ltr'>manum</span> <span class='ocrx_word' id='word_1_583' title='bbox 447 3871 520 3936; x_wconf 92' lang='lat' dir='ltr'>Dei.</span> <span class='ocrx_word' id='word_1_584' title='bbox 544 3869 583 3936; x_wconf 82' lang='lat' dir='ltr'>Si</span> <span class='ocrx_word' id='word_1_585' title='bbox 603 3872 852 3954; x_wconf 70' lang='lat' dir='ltr'>figurasomnes</span> <span class='ocrx_word' id='word_1_586' title='bbox 874 3871 1020 3939; x_wconf 87' lang='lat' dir='ltr'>excludit</span> <span class='ocrx_word' id='word_1_587' title='bbox 1072 3882 1206 3953; x_wconf 87' lang='lat' dir='ltr'>potuum</span> <span class='ocrx_word' id='word_1_588' title='bbox 1240 3873 1420 3954; x_wconf 88' lang='lat' dir='ltr'>scripturae</span> <span class='ocrx_word' id='word_1_589' title='bbox 1460 3892 1572 3948; x_wconf 77' lang='lat' dir='ltr'>usum,</span> <span class='ocrx_word' id='word_1_590' title='bbox 1611 3880 1649 3933; x_wconf 90' lang='lat' dir='ltr'>ut</span> <span class='ocrx_word' id='word_1_591' title='bbox 1680 3867 1776 3932; x_wconf 91' lang='lat' dir='ltr'>modo</span> <span class='ocrx_word' id='word_1_592' title='bbox 1814 3868 2043 3933; x_wconf 85' lang='lat' dir='ltr'>sacramentali</span> 
     </span>
     <span class='ocr_line' id='line_1_43' title="bbox 37 3952 2043 4042; baseline -0.004 -17"><span class='ocrx_word' id='word_1_593' title='bbox 37 3956 185 4042; x_wconf 86' lang='lat' dir='ltr'>repetita</span> <span class='ocrx_word' id='word_1_594' title='bbox 214 3965 331 4037; x_wconf 80' lang='lat' dir='ltr'>quater</span> <span class='ocrx_word' id='word_1_595' title='bbox 363 3957 518 4038; x_wconf 75' lang='lat' dir='ltr'>loquium,</span> <span class='ocrx_word' id='word_1_596' title='bbox 559 3979 601 4022; x_wconf 89' lang='lat' dir='ltr'>an</span> <span class='ocrx_word' id='word_1_597' title='bbox 636 3958 672 4021; x_wconf 88' lang='lat' dir='ltr'>in</span> <span class='ocrx_word' id='word_1_598' title='bbox 703 3958 793 4022; x_wconf 89' lang='lat' dir='ltr'>mille</span> <span class='ocrx_word' id='word_1_599' title='bbox 824 3959 1019 4024; x_wconf 87' lang='lat' dir='ltr'>testimoniis</span> <span class='ocrx_word' id='word_1_600' title='bbox 1073 3957 1171 4022; x_wconf 88' lang='lat' dir='ltr'>verba</span> <span class='ocrx_word' id='word_1_601' title='bbox 1204 3962 1278 4037; x_wconf 78' lang='lat' dir='ltr'>[pag.</span> <span class='ocrx_word' id='word_1_602' title='bbox 1298 3963 1351 4035; x_wconf 77' lang='lat'>43]</span> <span class='ocrx_word' id='word_1_603' title='bbox 1384 3971 1572 4032; x_wconf 86' lang='lat' dir='ltr'>sumantur,</span> <span class='ocrx_word' id='word_1_604' title='bbox 1605 3952 1683 4038; x_wconf 91' lang='lat' dir='ltr'>quid</span> <span class='ocrx_word' id='word_1_605' title='bbox 1717 3955 1824 4019; x_wconf 89' lang='lat' dir='ltr'>minus</span> <span class='ocrx_word' id='word_1_606' title='bbox 1855 3952 2043 4018; x_wconf 80' lang='lat' dir='ltr'>tolerabile?</span> 
     </span>
     <span class='ocr_line' id='line_1_44' title="bbox 37 4038 2045 4124; baseline -0.003 -13"><span class='ocrx_word' id='word_1_607' title='bbox 37 4042 144 4120; x_wconf 89' lang='lat' dir='ltr'>nihil,</span> <span class='ocrx_word' id='word_1_608' title='bbox 178 4041 228 4106; x_wconf 86' lang='lat' dir='ltr'>vel</span> <span class='ocrx_word' id='word_1_609' title='bbox 257 4040 373 4108; x_wconf 85' lang='lat' dir='ltr'>saltem</span> <span class='ocrx_word' id='word_1_610' title='bbox 402 4043 512 4107; x_wconf 89' lang='lat' dir='ltr'>minus</span> <span class='ocrx_word' id='word_1_611' title='bbox 539 4043 602 4108; x_wconf 89' lang='lat' dir='ltr'>erit</span> <span class='ocrx_word' id='word_1_612' title='bbox 628 4043 808 4107; x_wconf 87' lang='lat' dir='ltr'>metuenti?</span> <span class='ocrx_word' id='word_1_613' title='bbox 859 4041 1019 4109; x_wconf 82' lang='lat' dir='ltr'>Sitsane</span> <span class='ocrx_word' id='word_1_614' title='bbox 1072 4043 1224 4108; x_wconf 83' lang='lat' dir='ltr'>Christus</span> <span class='ocrx_word' id='word_1_615' title='bbox 1246 4043 1307 4107; x_wconf 89' lang='lat' dir='ltr'>luit</span> <span class='ocrx_word' id='word_1_616' title='bbox 1331 4053 1440 4124; x_wconf 87' lang='lat' dir='ltr'>petra:</span> <span class='ocrx_word' id='word_1_617' title='bbox 1462 4063 1536 4106; x_wconf 90' lang='lat' dir='ltr'>nam</span> <span class='ocrx_word' id='word_1_618' title='bbox 1565 4039 1744 4124; x_wconf 79' lang='lat' dir='ltr'>spiritualis</span> <span class='ocrx_word' id='word_1_619' title='bbox 1770 4039 1831 4104; x_wconf 80' lang='lat' dir='ltr'>fuit</span> <span class='ocrx_word' id='word_1_620' title='bbox 1857 4038 1957 4105; x_wconf 90' lang='lat' dir='ltr'>cibus.</span> <span class='ocrx_word' id='word_1_621' title='bbox 1980 4039 2045 4105; x_wconf 90' lang='lat' dir='ltr'>Co·</span> 
     </span>
     <span class='ocr_line' id='line_1_45' title="bbox 37 4125 2045 4212; baseline -0.003 -15"><span class='ocrx_word' id='word_1_622' title='bbox 37 4148 163 4199; x_wconf 72' lang='lat' dir='ltr'>causae</span> <span class='ocrx_word' id='word_1_623' title='bbox 186 4135 299 4202; x_wconf 83' lang='lat' dir='ltr'>status,</span> <span class='ocrx_word' id='word_1_624' title='bbox 323 4149 388 4192; x_wconf 89' lang='lat' dir='ltr'>non</span> <span class='ocrx_word' id='word_1_625' title='bbox 411 4125 451 4193; x_wconf 90' lang='lat' dir='ltr'>de</span> <span class='ocrx_word' id='word_1_626' title='bbox 480 4128 589 4193; x_wconf 85' lang='lat' dir='ltr'>fructu</span> <span class='ocrx_word' id='word_1_627' title='bbox 617 4128 776 4212; x_wconf 87' lang='lat' dir='ltr'>passionis</span> <span class='ocrx_word' id='word_1_628' title='bbox 798 4128 932 4203; x_wconf 86' lang='lat' dir='ltr'>Christi,</span> <span class='ocrx_word' id='word_1_629' title='bbox 960 4128 1018 4194; x_wconf 89' lang='lat' dir='ltr'>sod</span> <span class='ocrx_word' id='word_1_630' title='bbox 1072 4128 1182 4193; x_wconf 86' lang='lat' dir='ltr'>lumba</span> <span class='ocrx_word' id='word_1_631' title='bbox 1204 4129 1266 4192; x_wconf 86' lang='lat' dir='ltr'>luit</span> <span class='ocrx_word' id='word_1_632' title='bbox 1284 4128 1417 4210; x_wconf 90' lang='lat' dir='ltr'>spiritus</span> <span class='ocrx_word' id='word_1_633' title='bbox 1437 4138 1579 4192; x_wconf 86' lang='lat' dir='ltr'>sanctus.</span> <span class='ocrx_word' id='word_1_634' title='bbox 1624 4126 1662 4190; x_wconf 93' lang='lat' dir='ltr'>ln</span> <span class='ocrx_word' id='word_1_635' title='bbox 1687 4125 1846 4208; x_wconf 91' lang='lat' dir='ltr'>baptismo</span> <span class='ocrx_word' id='word_1_636' title='bbox 1867 4146 1953 4208; x_wconf 90' lang='lat' dir='ltr'>aqua</span> <span class='ocrx_word' id='word_1_637' title='bbox 1975 4134 2045 4190; x_wconf 86' lang='lat' dir='ltr'>tam</span> 
     </span>
     <span class='ocr_line' id='line_1_46' title="bbox 37 4210 2046 4296; baseline -0.003 -14"><span class='ocrx_word' id='word_1_638' title='bbox 37 4219 77 4282; x_wconf 90' lang='lat' dir='ltr'>le</span> <span class='ocrx_word' id='word_1_639' title='bbox 103 4214 253 4294; x_wconf 85' lang='lat' dir='ltr'>corporis</span> <span class='ocrx_word' id='word_1_640' title='bbox 275 4215 471 4294; x_wconf 87' lang='lat' dir='ltr'>praesentia:</span> <span class='ocrx_word' id='word_1_641' title='bbox 495 4211 590 4278; x_wconf 89' lang='lat' dir='ltr'>modo</span> <span class='ocrx_word' id='word_1_642' title='bbox 611 4235 653 4279; x_wconf 91' lang='lat' dir='ltr'>ne</span> <span class='ocrx_word' id='word_1_643' title='bbox 675 4217 878 4296; x_wconf 85' lang='lat' dir='ltr'>praescntiae</span> <span class='ocrx_word' id='word_1_644' title='bbox 900 4234 1019 4279; x_wconf 90' lang='lat' dir='ltr'>nomen</span> <span class='ocrx_word' id='word_1_645' title='bbox 1071 4215 1205 4296; x_wconf 87' lang='lat' dir='ltr'>spiritus</span> <span class='ocrx_word' id='word_1_646' title='bbox 1226 4227 1277 4279; x_wconf 85' lang='lat' dir='ltr'>cst</span> <span class='ocrx_word' id='word_1_647' title='bbox 1297 4235 1393 4295; x_wconf 88' lang='lat' dir='ltr'>quam</span> <span class='ocrx_word' id='word_1_648' title='bbox 1416 4213 1541 4279; x_wconf 85' lang='lat' dir='ltr'>Christi</span> <span class='ocrx_word' id='word_1_649' title='bbox 1563 4211 1697 4294; x_wconf 78' lang='lat' dir='ltr'>sanguis</span> <span class='ocrx_word' id='word_1_650' title='bbox 1719 4210 1849 4292; x_wconf 68' lang='lat' dir='ltr'>«alioqui</span> <span class='ocrx_word' id='word_1_651' title='bbox 1870 4232 1934 4274; x_wconf 92' lang='lat' dir='ltr'>non</span> <span class='ocrx_word' id='word_1_652' title='bbox 1958 4218 2046 4275; x_wconf 87' lang='lat' dir='ltr'>esset</span> 
     </span>
     <span class='ocr_line' id='line_1_47' title="bbox 37 4296 2044 4384; baseline -0.005 -15"><span class='ocrx_word' id='word_1_653' title='bbox 37 4301 75 4369; x_wconf 79' lang='lat' dir='ltr'>td</span> <span class='ocrx_word' id='word_1_654' title='bbox 116 4299 227 4364; x_wconf 90' lang='lat' dir='ltr'>locum</span> <span class='ocrx_word' id='word_1_655' title='bbox 259 4301 487 4383; x_wconf 83' lang='lat' dir='ltr'>restringatur.</span> <span class='ocrx_word' id='word_1_656' title='bbox 537 4300 610 4366; x_wconf 88' lang='lat' dir='ltr'>Hoc</span> <span class='ocrx_word' id='word_1_657' title='bbox 643 4309 683 4364; x_wconf 92' lang='lat' dir='ltr'>ut</span> <span class='ocrx_word' id='word_1_658' title='bbox 714 4301 901 4378; x_wconf 83' lang='lat' dir='ltr'>concedam,</span> <span class='ocrx_word' id='word_1_659' title='bbox 935 4321 1019 4384; x_wconf 81' lang='lat' dir='ltr'>nego</span> <span class='ocrx_word' id='word_1_660' title='bbox 1072 4299 1199 4363; x_wconf 87' lang='lat' dir='ltr'>animae</span> <span class='ocrx_word' id='word_1_661' title='bbox 1218 4299 1408 4379; x_wconf 88' lang='lat' dir='ltr'>lavacrum).</span> <span class='ocrx_word' id='word_1_662' title='bbox 1433 4298 1664 4380; x_wconf 83' lang='lat' dir='ltr'>Christusipse</span> <span class='ocrx_word' id='word_1_663' title='bbox 1681 4304 1892 4362; x_wconf 90' lang='lat' dir='ltr'>estncstrum</span> <span class='ocrx_word' id='word_1_664' title='bbox 1913 4296 2044 4378; x_wconf 89' lang='lat' dir='ltr'>pascha.</span> 
     </span>
     <span class='ocr_line' id='line_1_48' title="bbox 37 4381 2044 4468; baseline -0.004 -16"><span class='ocrx_word' id='word_1_665' title='bbox 37 4406 157 4456; x_wconf 71' lang='lat' dir='ltr'>amen</span> <span class='ocrx_word' id='word_1_666' title='bbox 185 4384 221 4447; x_wconf 91' lang='lat' dir='ltr'>in</span> <span class='ocrx_word' id='word_1_667' title='bbox 249 4403 287 4448; x_wconf 89' lang='lat' dir='ltr'>eo</span> <span class='ocrx_word' id='word_1_668' title='bbox 315 4387 399 4450; x_wconf 86' lang='lat' dir='ltr'>verti</span> <span class='ocrx_word' id='word_1_669' title='bbox 426 4386 661 4468; x_wconf 83' lang='lat' dir='ltr'>quaestionem,</span> <span class='ocrx_word' id='word_1_670' title='bbox 693 4397 907 4452; x_wconf 88' lang='lat' dir='ltr'>sumanturnc</span> <span class='ocrx_word' id='word_1_671' title='bbox 939 4385 1019 4452; x_wconf 90' lang='lat' dir='ltr'>haec</span> <span class='ocrx_word' id='word_1_672' title='bbox 1071 4383 1182 4465; x_wconf 81' lang='lat' dir='ltr'>erum</span> <span class='ocrx_word' id='word_1_673' title='bbox 1204 4385 1244 4449; x_wconf 89' lang='lat' dir='ltr'>dc</span> <span class='ocrx_word' id='word_1_674' title='bbox 1267 4384 1318 4449; x_wconf 90' lang='lat' dir='ltr'>his</span> <span class='ocrx_word' id='word_1_675' title='bbox 1346 4383 1496 4448; x_wconf 88' lang='lat' dir='ltr'>ornnibns</span> <span class='ocrx_word' id='word_1_676' title='bbox 1523 4381 1624 4466; x_wconf 91' lang='lat' dir='ltr'>probo</span> <span class='ocrx_word' id='word_1_677' title='bbox 1650 4383 1831 4453; x_wconf 79' lang='lat' dir='ltr'>conveniat,</span> <span class='ocrx_word' id='word_1_678' title='bbox 1857 4403 1917 4447; x_wconf 90' lang='lat' dir='ltr'>nec</span> <span class='ocrx_word' id='word_1_679' title='bbox 1943 4381 2044 4463; x_wconf 84' lang='lat' dir='ltr'>tergi-</span> 
     </span>
     <span class='ocr_line' id='line_1_49' title="bbox 37 4466 2044 4553; baseline -0.004 -16"><span class='ocrx_word' id='word_1_680' title='bbox 37 4473 162 4541; x_wconf 77' lang='lat' dir='ltr'>rerba:</span> <span class='ocrx_word' id='word_1_681' title='bbox 184 4469 257 4534; x_wconf 91' lang='lat' dir='ltr'>Hoc</span> <span class='ocrx_word' id='word_1_682' title='bbox 279 4480 330 4535; x_wconf 90' lang='lat' dir='ltr'>est</span> <span class='ocrx_word' id='word_1_683' title='bbox 351 4493 467 4553; x_wconf 86' lang='lat' dir='ltr'>corpus</span> <span class='ocrx_word' id='word_1_684' title='bbox 486 4493 607 4547; x_wconf 83' lang='lat' dir='ltr'>ancum,</span> <span class='ocrx_word' id='word_1_685' title='bbox 630 4472 665 4535; x_wconf 89' lang='lat' dir='ltr'>in</span> <span class='ocrx_word' id='word_1_686' title='bbox 687 4473 817 4553; x_wconf 88' lang='lat' dir='ltr'>proprio</span> <span class='ocrx_word' id='word_1_687' title='bbox 838 4492 947 4545; x_wconf 81' lang='lat' dir='ltr'>sensu.</span> <span class='ocrx_word' id='word_1_688' title='bbox 976 4492 1017 4536; x_wconf 92' lang='lat' dir='ltr'>an</span> <span class='ocrx_word' id='word_1_689' title='bbox 1072 4471 1192 4536; x_wconf 86' lang='lat' dir='ltr'>versari</span> <span class='ocrx_word' id='word_1_690' title='bbox 1215 4468 1334 4535; x_wconf 83' lang='lat' dir='ltr'>atrdeat</span> <span class='ocrx_word' id='word_1_691' title='bbox 1356 4470 1549 4546; x_wconf 82' lang='lat' dir='ltr'>Heshusius,</span> <span class='ocrx_word' id='word_1_692' title='bbox 1571 4468 1649 4552; x_wconf 87' lang='lat' dir='ltr'>quin</span> <span class='ocrx_word' id='word_1_693' title='bbox 1672 4468 1794 4533; x_wconf 88' lang='lat' dir='ltr'>similes</span> <span class='ocrx_word' id='word_1_694' title='bbox 1815 4469 1848 4531; x_wconf 92' lang='lat' dir='ltr'>in</span> <span class='ocrx_word' id='word_1_695' title='bbox 1873 4466 2044 4531; x_wconf 88' lang='lat' dir='ltr'>hissacra-</span> 
     </span>
     <span class='ocr_line' id='line_1_50' title="bbox 37 4549 2045 4639; baseline -0.005 -13"><span class='ocrx_word' id='word_1_696' title='bbox 37 4554 279 4638; x_wconf 79' lang='lat' dir='ltr'>metonymice:</span> <span class='ocrx_word' id='word_1_697' title='bbox 301 4568 397 4639; x_wconf 89' lang='lat' dir='ltr'>atque</span> <span class='ocrx_word' id='word_1_698' title='bbox 419 4559 466 4621; x_wconf 89' lang='lat' dir='ltr'>ita</span> <span class='ocrx_word' id='word_1_699' title='bbox 486 4556 689 4623; x_wconf 88' lang='lat' dir='ltr'>Heshusium</span> <span class='ocrx_word' id='word_1_700' title='bbox 713 4556 836 4622; x_wconf 87' lang='lat' dir='ltr'>insulso</span> <span class='ocrx_word' id='word_1_701' title='bbox 862 4557 948 4622; x_wconf 86' lang='lat' dir='ltr'>aliud</span> <span class='ocrx_word' id='word_1_702' title='bbox 978 4579 1038 4621; x_wconf 84' lang='lat' dir='ltr'>cx·</span> <span class='ocrx_word' id='word_1_703' title='bbox 1071 4558 1190 4620; x_wconf 84' lang='lat' dir='ltr'>mentis</span> <span class='ocrx_word' id='word_1_704' title='bbox 1212 4557 1278 4620; x_wconf 81' lang='lat' dir='ltr'>sint</span> <span class='ocrx_word' id='word_1_705' title='bbox 1299 4556 1450 4637; x_wconf 86' lang='lat' dir='ltr'>loquendi</span> <span class='ocrx_word' id='word_1_706' title='bbox 1476 4556 1606 4629; x_wconf 77' lang='lat' dir='ltr'>formato,</span> <span class='ocrx_word' id='word_1_707' title='bbox 1628 4567 1765 4619; x_wconf 79' lang='lat' dir='ltr'>eurtrrm</span> <span class='ocrx_word' id='word_1_708' title='bbox 1789 4552 1923 4625; x_wconf 84' lang='lat' dir='ltr'>duriter,</span> <span class='ocrx_word' id='word_1_709' title='bbox 1945 4549 2045 4615; x_wconf 88' lang='lat' dir='ltr'>simul</span> 
     </span>
     <span class='ocr_line' id='line_1_51' title="bbox 37 4635 2044 4726; baseline -0.006 -14"><span class='ocrx_word' id='word_1_710' title='bbox 37 4648 101 4712; x_wconf 76' lang='lat' dir='ltr'>ilio</span> <span class='ocrx_word' id='word_1_711' title='bbox 122 4641 246 4706; x_wconf 85' lang='lat' dir='ltr'>inferre</span> <span class='ocrx_word' id='word_1_712' title='bbox 268 4641 348 4708; x_wconf 89' lang='lat' dir='ltr'>dico.</span> <span class='ocrx_word' id='word_1_713' title='bbox 393 4643 431 4709; x_wconf 82' lang='lat' dir='ltr'>Si</span> <span class='ocrx_word' id='word_1_714' title='bbox 453 4644 526 4726; x_wconf 90' lang='lat' dir='ltr'>quis</span> <span class='ocrx_word' id='word_1_715' title='bbox 547 4643 634 4708; x_wconf 90' lang='lat' dir='ltr'>cuim</span> <span class='ocrx_word' id='word_1_716' title='bbox 663 4643 691 4707; x_wconf 93' lang='lat' dir='ltr'>ci</span> <span class='ocrx_word' id='word_1_717' title='bbox 719 4641 874 4707; x_wconf 87' lang='lat' dir='ltr'>concedat</span> <span class='ocrx_word' id='word_1_718' title='bbox 900 4664 1033 4725; x_wconf 62' lang='lat' dir='ltr'>panem*</span> <span class='ocrx_word' id='word_1_719' title='bbox 1071 4641 1230 4724; x_wconf 82' lang='lat' dir='ltr'>atquo-ad</span> <span class='ocrx_word' id='word_1_720' title='bbox 1252 4661 1384 4706; x_wconf 89' lang='lat' dir='ltr'>coenam</span> <span class='ocrx_word' id='word_1_721' title='bbox 1410 4653 1543 4705; x_wconf 85' lang='lat' dir='ltr'>venttrm</span> <span class='ocrx_word' id='word_1_722' title='bbox 1566 4649 1625 4714; x_wconf 85' lang='lat' dir='ltr'>cst,</span> <span class='ocrx_word' id='word_1_723' title='bbox 1658 4637 1863 4722; x_wconf 67' lang='lat' dir='ltr'>reiragnrtur?</span> <span class='ocrx_word' id='word_1_724' title='bbox 1887 4639 1934 4700; x_wconf 77' lang='lat' dir='ltr'>at</span> <span class='ocrx_word' id='word_1_725' title='bbox 1954 4635 2044 4702; x_wconf 89' lang='lat' dir='ltr'>clara</span> 
     </span>
     <span class='ocr_line' id='line_1_52' title="bbox 37 4721 2042 4813; baseline -0.005 -17"><span class='ocrx_word' id='word_1_726' title='bbox 37 4727 153 4798; x_wconf 67' lang='lat' dir='ltr'>iocari</span> <span class='ocrx_word' id='word_1_727' title='bbox 177 4725 301 4790; x_wconf 81' lang='lat' dir='ltr'>Christi</span> <span class='ocrx_word' id='word_1_728' title='bbox 324 4750 448 4810; x_wconf 83' lang='lat' dir='ltr'>corpus.</span> <span class='ocrx_word' id='word_1_729' title='bbox 471 4729 549 4811; x_wconf 86' lang='lat' dir='ltr'>quia</span> <span class='ocrx_word' id='word_1_730' title='bbox 570 4729 702 4813; x_wconf 83' lang='lat' dir='ltr'>signnm</span> <span class='ocrx_word' id='word_1_731' title='bbox 725 4729 769 4793; x_wconf 88' lang='lat' dir='ltr'>sit</span> <span class='ocrx_word' id='word_1_732' title='bbox 790 4728 1018 4804; x_wconf 82' lang='lat' dir='ltr'>cxlribitivum,</span> <span class='ocrx_word' id='word_1_733' title='bbox 1071 4739 1150 4792; x_wconf 76' lang='lat' dir='ltr'>runt</span> <span class='ocrx_word' id='word_1_734' title='bbox 1170 4726 1295 4792; x_wconf 85' lang='lat' dir='ltr'>Christi</span> <span class='ocrx_word' id='word_1_735' title='bbox 1318 4725 1424 4792; x_wconf 86' lang='lat' dir='ltr'>verba.</span> <span class='ocrx_word' id='word_1_736' title='bbox 1448 4725 1542 4806; x_wconf 76' lang='lat' dir='ltr'>Qtutc</span> <span class='ocrx_word' id='word_1_737' title='bbox 1564 4727 1668 4790; x_wconf 88' lang='lat' dir='ltr'>maior</span> <span class='ocrx_word' id='word_1_738' title='bbox 1689 4726 1723 4789; x_wconf 92' lang='lat' dir='ltr'>in</span> <span class='ocrx_word' id='word_1_739' title='bbox 1748 4724 1819 4788; x_wconf 85' lang='lat' dir='ltr'>aliis</span> <span class='ocrx_word' id='word_1_740' title='bbox 1840 4721 2042 4787; x_wconf 82' lang='lat' dir='ltr'>obscuritas?</span> 
     </span>
     <span class='ocr_line' id='line_1_53' title="bbox 37 4808 2045 4896; baseline -0.005 -15"><span class='ocrx_word' id='word_1_741' title='bbox 37 4829 68 4884; x_wconf 73' lang='lat' dir='ltr'>st</span> <span class='ocrx_word' id='word_1_742' title='bbox 103 4809 208 4880; x_wconf 89' lang='lat' dir='ltr'>simul</span> <span class='ocrx_word' id='word_1_743' title='bbox 227 4811 333 4878; x_wconf 87' lang='lat' dir='ltr'>addat</span> <span class='ocrx_word' id='word_1_744' title='bbox 359 4816 576 4880; x_wconf 87' lang='lat' dir='ltr'>essentialiter</span> <span class='ocrx_word' id='word_1_745' title='bbox 603 4836 640 4881; x_wconf 88' lang='lat' dir='ltr'>ae</span> <span class='ocrx_word' id='word_1_746' title='bbox 667 4813 876 4896; x_wconf 81' lang='lat' dir='ltr'>corporaliter</span> <span class='ocrx_word' id='word_1_747' title='bbox 910 4813 1017 4879; x_wconf 86' lang='lat' dir='ltr'>vocari</span> <span class='ocrx_word' id='word_1_748' title='bbox 1070 4813 1113 4877; x_wconf 92' lang='lat' dir='ltr'>In</span> <span class='ocrx_word' id='word_1_749' title='bbox 1139 4833 1277 4893; x_wconf 88' lang='lat' dir='ltr'>summa,</span> <span class='ocrx_word' id='word_1_750' title='bbox 1304 4812 1413 4896; x_wconf 87' lang='lat' dir='ltr'>palum</span> <span class='ocrx_word' id='word_1_751' title='bbox 1444 4813 1591 4879; x_wconf 84' lang='lat' dir='ltr'>effecisse</span> <span class='ocrx_word' id='word_1_752' title='bbox 1617 4811 1783 4877; x_wconf 78' lang='lat' dir='ltr'>existimo.</span> <span class='ocrx_word' id='word_1_753' title='bbox 1799 4828 1897 4892; x_wconf 88' lang='lat' dir='ltr'>quam</span> <span class='ocrx_word' id='word_1_754' title='bbox 1929 4808 2045 4873; x_wconf 88' lang='lat' dir='ltr'>inanes</span> 
     </span>
     <span class='ocr_line' id='line_1_54' title="bbox 37 4899 1767 4984; baseline -0.003 -17"><span class='ocrx_word' id='word_1_755' title='bbox 37 4919 179 4984; x_wconf 61' lang='lat' dir='ltr'>eorpus:</span> <span class='ocrx_word' id='word_1_756' title='bbox 203 4918 355 4981; x_wconf 87' lang='lat' dir='ltr'>quorsum</span> <span class='ocrx_word' id='word_1_757' title='bbox 379 4900 466 4967; x_wconf 90' lang='lat' dir='ltr'>ultra</span> <span class='ocrx_word' id='word_1_758' title='bbox 486 4900 589 4965; x_wconf 81' lang='lat' dir='ltr'>rixari</span> <span class='ocrx_word' id='word_1_759' title='bbox 611 4900 729 4965; x_wconf 81' lang='lat' dir='ltr'>vellet?</span> <span class='ocrx_word' id='word_1_760' title='bbox 760 4900 898 4981; x_wconf 88' lang='lat' dir='ltr'>Propria</span> <span class='ocrx_word' id='word_1_761' title='bbox 921 4899 1019 4981; x_wconf 79' lang='lat' dir='ltr'>igitur</span> <span class='ocrx_word' id='word_1_762' title='bbox 1607 4944 1611 4953; x_wconf 87' lang='lat'>.</span> <span class='ocrx_word' id='word_1_763' title='bbox 1764 4926 1767 4931; x_wconf 54' lang='lat'><em>&gt;</em></span> 
     </span>
     <span class='ocr_line' id='line_1_55' title="bbox 37 4984 1017 5073; baseline -0.007 -19"><span class='ocrx_word' id='word_1_764' title='bbox 37 4984 193 5073; x_wconf 75' lang='lat' dir='ltr'>quaestio</span> <span class='ocrx_word' id='word_1_765' title='bbox 214 4991 265 5048; x_wconf 89' lang='lat' dir='ltr'>cst</span> <span class='ocrx_word' id='word_1_766' title='bbox 283 4984 323 5049; x_wconf 91' lang='lat' dir='ltr'>de</span> <span class='ocrx_word' id='word_1_767' title='bbox 345 4986 647 5071; x_wconf 82' lang='lat' dir='ltr'>eornmunicationis</span> <span class='ocrx_word' id='word_1_768' title='bbox 673 4985 788 5051; x_wconf 50' lang='lat' dir='ltr'>modo,¹</span> <span class='ocrx_word' id='word_1_769' title='bbox 823 4984 1017 5066; x_wconf 80' lang='lat' dir='ltr'>Quanquam</span> 
     </span>
     <span class='ocr_line' id='line_1_56' title="bbox 37 5068 1558 5170; baseline -0.005 -30"><span class='ocrx_word' id='word_1_770' title='bbox 37 5080 61 5140; x_wconf 81' lang='lat' dir='ltr'>si</span> <span class='ocrx_word' id='word_1_771' title='bbox 88 5074 127 5138; x_wconf 89' lang='lat' dir='ltr'>in</span> <span class='ocrx_word' id='word_1_772' title='bbox 154 5069 262 5135; x_wconf 85' lang='lat' dir='ltr'>verbis</span> <span class='ocrx_word' id='word_1_773' title='bbox 283 5072 432 5138; x_wconf 88' lang='lat' dir='ltr'>insistere</span> <span class='ocrx_word' id='word_1_774' title='bbox 449 5070 583 5154; x_wconf 88' lang='lat' dir='ltr'>placeat,</span> <span class='ocrx_word' id='word_1_775' title='bbox 607 5092 671 5134; x_wconf 91' lang='lat' dir='ltr'>non</span> <span class='ocrx_word' id='word_1_776' title='bbox 688 5092 810 5137; x_wconf 89' lang='lat' dir='ltr'>recuso.</span> <span class='ocrx_word' id='word_1_777' title='bbox 832 5068 1018 5134; x_wconf 89' lang='lat' dir='ltr'>Videndum</span> <span class='ocrx_word' id='word_1_778' title='bbox 1139 5102 1222 5170; x_wconf 70' lang='lat' dir='ltr'>lton</span> <span class='ocrx_word' id='word_1_779' title='bbox 1238 5106 1338 5158; x_wconf 55' lang='lat' dir='ltr'>tem„</span> <span class='ocrx_word' id='word_1_780' title='bbox 1355 5102 1388 5157; x_wconf 65' lang='lat' dir='ltr'>d,</span> <span class='ocrx_word' id='word_1_781' title='bbox 1406 5101 1558 5158; x_wconf 46' lang='lat' dir='ltr'>bomem·</span> 
     </span>
    </p>
   </div>
   <div class='ocr_carea' id='block_1_3' title="bbox 37 5155 2043 5302">
    <p class='ocr_par' dir='ltr' id='par_1_3' title="bbox 37 5155 2043 5302">
     <span class='ocr_line' id='line_1_57' title="bbox 37 5155 2043 5302; baseline -0.003 -77"><span class='ocrx_word' id='word_1_782' title='bbox 37 5159 156 5247; x_wconf 83' lang='lat' dir='ltr'>igitur,</span> <span class='ocrx_word' id='word_1_783' title='bbox 178 5158 475 5237; x_wconf 88' lang='lat' dir='ltr'>sacramentaliter,</span> <span class='ocrx_word' id='word_1_784' title='bbox 490 5178 532 5222; x_wconf 91' lang='lat' dir='ltr'>au</span> <span class='ocrx_word' id='word_1_785' title='bbox 542 5155 703 5224; x_wconf 89' lang='lat' dir='ltr'>lanionice</span> <span class='ocrx_word' id='word_1_786' title='bbox 716 5161 738 5240; x_wconf 68' lang='grc' dir='ltr'>Ι)</span> <span class='ocrx_word' id='word_1_787' title='bbox 757 5157 859 5241; x_wconf 90' lang='lat' dir='ltr'>accipi</span> <span class='ocrx_word' id='word_1_788' title='bbox 870 5156 1018 5222; x_wconf 88' lang='lat' dir='ltr'>debcant.</span> <span class='ocrx_word' id='word_1_789' title='bbox 1094 5214 1096 5223; x_wconf 81' lang='grc'>,</span> <span class='ocrx_word' id='word_1_790' title='bbox 1139 5169 1169 5237; x_wconf 76' lang='grc'>2)</span> <span class='ocrx_word' id='word_1_791' title='bbox 1187 5173 1206 5226; x_wconf 83' lang='grc' dir='ltr'>ιι</span> <span class='ocrx_word' id='word_1_792' title='bbox 1223 5172 1310 5241; x_wconf 71' lang='lat' dir='ltr'>prend</span> <span class='ocrx_word' id='word_1_793' title='bbox 1327 5172 1494 5227; x_wconf 70' lang='lat' dir='ltr'>monument</span> <span class='ocrx_word' id='word_1_794' title='bbox 1510 5187 1559 5226; x_wconf 85' lang='lat' dir='ltr'>son</span> <span class='ocrx_word' id='word_1_795' title='bbox 1577 5167 1682 5224; x_wconf 74' lang='lat' dir='ltr'>avertis</span> <span class='ocrx_word' id='word_1_796' title='bbox 1698 5180 1770 5234; x_wconf 81' lang='lat' dir='ltr'>pour</span> <span class='ocrx_word' id='word_1_797' title='bbox 1782 5165 1876 5302; x_wconf 50' lang='lat' dir='ltr'>{fuer</span> <span class='ocrx_word' id='word_1_798' title='bbox 1893 5171 2043 5235; x_wconf 73' lang='lat' dir='ltr'>accepera</span> 
     </span>
    </p>
   </div>
   <div class='ocr_carea' id='block_1_4' title="bbox 0 0 2314 5828">
    <p class='ocr_par' dir='ltr' id='par_1_4' title="bbox 0 0 2314 5828">
     <span class='ocr_line' id='line_1_58' title="bbox 0 0 2314 5828; baseline 0 4"><span class='ocrx_word' id='word_1_799' title='bbox 0 0 2314 5828; x_wconf 95' lang='lat' dir='ltr'> </span> 
     </span>
    </p>
   </div>
  </div>
 </body>
</html>
