4620 5828
213 250 275 313 647
1096 240 1329 311 aPlsroLA
2147 245 2215 309 648

210 433 312 500 lidum
334 439 515 517 apostatam
537 434 705 502 Gentilem
728 432 965 518 blasphemiam
993 431 1080 498 hano
1107 451 1183 496 evo-
1321 430 1410 513 Qnid
1432 431 1571 498 blateret
1587 430 1778 510 Stanoarus,
1800 431 1884 496 nihil
1901 451 2026 497 moror:
2049 451 2109 497 nee
2129 452 2214 498 vero

208 541 308 599 mere,
331 519 502 586 Christum
518 541 589 586 esse
611 545 631 588 a
651 529 744 606 patre
755 519 976 595 essentiatum,
998 518 1055 584 ubi
1065 537 1184 601 agnos·
1235 537 1375 601 aequum
1397 524 1456 597 est,
1476 538 1593 601 puram
1614 525 1646 583 et
1667 517 1843 601 genuinam
1866 518 1998 603 pietatis
2015 517 2214 599 doetrinam,

208 605 283 672 oitis
305 604 462 672 diabolioo
482 607 639 690 figmento
656 629 736 675 exoo
761 601 1183 688 'tatamesseprodigiosam
1235 604 1286 668 eui
1314 602 1399 668 nihil
1432 603 1529 669 affine
1562 601 1675 681 habet,
1709 604 1780 669 eius
1812 603 2004 670 oommentis
2032 602 2213 670 obseurari.

208 710 332 758 voeem.
359 690 510 773 Denique
532 691 619 758 sieut
640 693 719 758 olim
779 689 927 757 aniohaei
947 688 1084 756 fabulati
1103 695 1184 754 sunt
1235 687 1333 770 Quod
1366 709 1445 774 ergo
1483 687 1523 754 ab
1556 709 1594 754 eo
1634 688 1766 769 dieitur:
1801 689 1898 756 Unus
1929 688 2023 756 Deus
2055 698 2090 755 et
2121 709 2215 755 unus

208 777 354 860 animam
374 775 516 842 bominis
542 799 585 842 ex
605 779 671 844 Dei
697 776 833 844 traduoe
862 775 1021 861 originem
1050 774 1181 840 duoere:
1234 773 1406 854 mediator,
1434 774 1468 840 id
1494 784 1545 840 ιιι
1570 775 1716 854 trinitas;
1744 775 1836 840 item:
1871 775 1920 842 Ut
1952 784 2151 859 eognosoant
2179 782 2215 842 te

207 861 254 928 ita
286 863 340 929 hio
371 862 600 946 praestigiator
632 864 728 949 fingit
754 863 818 929 Dei
844 861 949 927 filium
977 880 1049 927 esse
1074 861 1183 926 neseio
1234 882 1338 925 unum
1360 859 1480 938 Deum,
1506 859 1620 939 idest,
1648 860 1845 940 trinitatem
1868 858 2010 928 Oreditis
2032 862 2067 926 in
2088 862 2214 941 Deum,

207 946 294 1032 quod
316 949 517 1019 absuaotum
530 947 556 1032 ¹)
578 970 599 1015 a
620 969 701 1016 vera
722 948 851 1014 deitate.
894 946 997 1030 Atqui
1019 946 1047 1012 si
1071 966 1182 1011 essen·
1233 943 1268 1010 id
1291 954 1354 1024 est,
1384 947 1419 1010 in
1447 946 1648 1026 trinitatem3
1682 944 1850 1029 Quidquid
1876 946 2035 1030 petieritis
2060 967 2081 1012 a
2104 954 2214 1031 patre,

207 1035 309 1100 tiatus
331 1041 383 1099 est
403 1032 573 1112 Christus,
594 1056 660 1101 non
683 1041 733 1101 est
755 1033 811 1098 ille
832 1031 995 1113 Iehova2)
1024 1031 1080 1115 qui
1104 1030 1182 1095 olim
1233 1031 1356 1110 idest,
1385 1052 1405 1097 a
1432 1031 1587 1110 trinitate,
1614 1053 1681 1096 non
1708 1030 1804 1097 modo
1830 1041 1987 1115 tanquam
2018 1031 2214 1117 insipidum,

230 1119 376 1204 rophetis
402 1120 564 1204 apparuit,
592 1120 678 1204 quod
703 1127 815 1185 tamen
842 1116 980 1202 apostoli
1008 1124 1181 1182 testantur.
1234 1116 1292 1182 sed
1312 1118 1486 1201 profanum
1508 1137 1635 1201 quoque
1656 1116 1876 1201 repudiamus.
1908 1117 2088 1184 Faoessant
2107 1119 2216 1202 igitur

164 1223 169 1235 ·
207 1140 282 1270 boe
318 1203 450 1289 quidem
484 1205 630 1290 effugere
662 1215 844 1288 nequeunt,
884 1203 965 1287 quin
997 1202 1182 1285 disoerpant
1233 1223 1408 1285 perversae
1428 1202 1503 1268 illae
1536 1202 1779 1287 speculationes,
1808 1222 1890 1286 quae
1916 1202 2074 1269 invidiam
2096 1210 2158 1285 [fot
2178 1208 2214 1283 6]

207 1290 382 1357 essentiam
404 1290 478 1369 Dei,
501 1291 564 1355 nisi
586 1291 767 1358 ooneedant
778 1288 950 1356 Christum
966 1287 1183 1354 essentialiter
1233 1290 1377 1354 oonflare
1399 1297 1533 1373 possent
1554 1309 1653 1354 sanae
1675 1286 1842 1355 doetrinae
1863 1288 1950 1372 apud
1971 1290 2152 1373 imperitos,
2178 1298 2216 1357 et

206 1397 310 1442 unum
342 1397 413 1463 esse
445 1377 563 1441 Deum.
612 1378 789 1460 Detegitur
821 1376 920 1441 etiam
953 1374 1048 1439 alter'
1069 1394 1181 1439 eorum
1233 1374 1273 1439 ab
1308 1374 1465 1458 improbis
1495 1374 1712 1441 nebulonibus
1743 1375 1779 1439 in
1812 1374 1901 1442 huno
1933 1376 2033 1440 finem
2065 1375 2215 1460 eaptiose

205 1462 311 1541 furor,
363 1463 419 1526 uia
445 1462 510 1527 nisi
536 1460 623 1527 idem
650 1463 693 1528 sit
725 1461 813 1528 filius
843 1480 919 1541 eum
951 1466 1044 1544 patre
1077 1460 1180 1540 Deus,
1233 1459 1464 1526 obtenduntur.
1508 1460 1701 1544 Ubiounque
1723 1461 1812 1526 enim
1833 1461 1974 1527 ooourrit
1992 1461 2052 1526 filii
2075 1463 2212 1542 mentio,

204 1483 412 1642 pluresdeos
434 1545 544 1612 induoi
565 1569 698 1614 neeesse
715 1555 775 1613 est.
813 1544 1076 1630 Tergiversando
1097 1543 1181 1609 nibil
1232 1545 1297 1610 Dei
1319 1568 1438 1612 nomen
1456 1545 1607 1612 distinete
1624 1547 1659 1610 in
1678 1554 1806 1630 patrem
1816 1546 1979 1630 competit
2003 1545 2071 1614 Sed
2080 1547 2215 1614 interea

205 1631 389 1787 grofioiunt,
411 1632 488 1715 quia
509 1632 605 1717 plane
627 1633 755 1700 elioitur
776 1654 818 1698 ex
841 1651 954 1697 eornm
977 1630 1180 1709 oommentis,
1233 1631 1369 1697 minime
1390 1630 1560 1698 ferendum
1587 1642 1645 1710 est,
1673 1640 1713 1697 ut
1740 1632 1882 1698 artiliees
1894 1637 1918 1711 ¹)
1945 1631 2002 1696 isti
2022 1631 2213 1699 Blandrsta

234 1717 376 1784 hristum
397 1717 498 1784 alium
520 1741 591 1784 esse
612 1728 745 1803 epatre
767 1719 885 1784 Deum.
909 1714 1007 1799 Quod
1023 1715 1182 1782 obiieiunt
1232 1724 1266 1782 ιι
1286 1717 1486 1788 Valentinus
1507 1716 1874 1808 indigneuoorrumpaut
1900 1718 2083 1801 seripturae
2110 1719 2211 1800 looos,

205 1803 308 1870 alium
329 1804 449 1882 voeari,
472 1804 567 1870 siouti
589 1805 780 1889 et‘spiritus
797 1810 933 1870 vooatur
949 1802 1034 1868 alius
1049 1802 1091 1868 ab
1109 1802 1180 1885 ipso
1233 1800 1288 1867 ubi
1320 1802 1472 1869 Christus
1504 1803 1694 1889 simplieiter
1711 1804 1819 1869 Deus
1857 1812 2003 1870 voeatur.
2052 1803 2107 1869 De
2141 1804 2212 1872 solo

205 1888 395 1968 eonsolator,
417 1888 508 1955 nullo
530 1891 662 1975 negotio
684 1889 843 1956 diluitur„
879 1888 993 1972 Neque
1014 1891 1102 1954 enim
1124 1904 1179 1953 us·
1232 1887 1366 1954 Christo
1383 1889 1500 1955 volunt
1511 1910 1581 1955 esse
1599 1888 1735 1955 dietum:
1756 1886 1873 1955 Sermo
1886 1898 1957 1954 erat
1967 1888 2060 1955 Deus
2078 1890 2209 1975 (Ioann.

205 1997 302 2058 quam
324 1976 485 2059 seriptura
501 1976 557 2041 ubi
575 1997 730 2058 personas
746 1975 927 2060 distinguit,
950 1974 1179 2057 Deumipsum
1236 1979 1262 2052 l,
1286 1981 1331 2053 l);
1365 1975 1459 2040 item:
1493 1973 1664 2060 Sanguine
1696 1974 1761 2040 Dei
1796 1975 1954 2058 aequisita
1986 1989 2037 2041 est
2069 1977 2210 2043 ecelesia

205 2069 299 2162 seoat·
314 2061 351 2126 in
373 2070 482 2154 partes
495 2061 555 2159 Ιιι]
577 2063 753 2161 frustanea
773 2063 802 2126 si
823 2081 936 2127 seeum
956 2059 1180 2126 eiusessentia
1233 2060 1320 2142 (Aet.
1339 2063 1390 2139 20,
1410 2063 1480 2143 28);
1513 2061 1606 2126 item:
1640 2058 1708 2141 Qui
1739 2070 1804 2160 est·
1823 2059 1916 2128 Deus
1948 2060 2143 2130 benedictus
2173 2063 2210 2128 in

130 2300 131 2303 ψ
204 2148 417 2299 ttttt
448 2147 881 2314 Altttttttt
896 2156 1014 2314 libs
1026 2144 1179 2297 *ilenti
1232 2143 2209 2317 iiiiilffltmtl'dltiidfflritd‘lidfftli

203 2339 360 2403 personae
382 2318 625 2384 aeoommodsri.
650 2318 723 2385 Ηοι
741 2325 851 2384 autem
873 2315 971 2383 modo
989 2337 1056 2382 non
1078 2317 1179 2381 habe·
1232 2316 1273 2383 de
1294 2317 1363 2383 solo
1383 2316 1517 2387 Christo
1545 2316 1737 2401 praedioari,
1763 2316 1860 2384 modo
1888 2339 1931 2383 ne
1951 2318 2063 2384 Deum
2089 2342 2206 2387 seeun-

203 2425 279 2470 mus
299 2403 410 2470 Deum
431 2405 656 2488 oonflstum,⁸)
677 2411 717 2469 ut
736 2402 844 2470 odiose
861 2402 1023 2486 simulque
1041 2401 1180 2467 futiliter
1232 2402 1311 2469 dum
1332 2404 1630 2481 comminiscantur,
1653 2403 1740 2486 quod
1760 2404 1866 2470 faeere
1887 2405 1974 2486 ipsos
1996 2404 2111 2489 liquet
2135 2404 2207 2488 Ωιι

204 2490 368 2575 garriunt:
402 2489 479 2571 quia
509 2491 640 2556 tametsi
676 2509 761 2555 unus
788 2498 839 2555 est
864 2487 958 2554 nobis
985 2487 1094 2566 Deus,
1122 2488 1179 2553 ubi
1231 2489 1319 2555 enim
1340 2510 1438 2555 sensu
1459 2489 1540 2555 haee
1562 2489 1668 2574 elogia
1687 2487 1729 2553 ad
1751 2488 2045 2555 solum-christum
2068 2494 2206 2558 restrin-

205 2583 316 2640 tamen
337 2575 373 2640 in
393 2574 540 2640 medium
567 2574 677 2659 prodit
708 2574 805 2655 lilius,
833 2594 930 2640 sunm
957 2572 1096 2659 gradum
1122 2571 1176 2639 ob·
1301 2586 1324 2653 t,
1346 2575 1410 2641 nisi
1432 2576 1508 2657 quia
1526 2573 1622 2640 aliter
1644 2573 1798 2645 Christus
1823 2596 1920 2657 quam
1948 2585 2044 2659 pater
2070 2587 2206 2644 vooattrr

204 2659 289 2726 tinet
309 2669 412 2744 pater,
433 2669 471 2725 ut
492 2658 664 2735 disorirmn
689 2661 839 2726 emineat
1230 2597 1345 2729 bibulis?
1394 2661 1468 2745 Ego
1495 2668 1605 2725 autem
1640 2659 1799 2727 oontendo
1825 2661 1941 2732 Deum,
1969 2662 2097 2742 voeari,
2130 2663 2206 2747 quia

291 2750 351 2826 [fot
369 2750 405 2825 t]
423 2745 579 2811 'lenenda
600 2766 728 2829 quoque
746 2754 796 2811 est
813 2745 969 2829 loquendi
981 2745 1066 2811 ratio
1076 2745 1178 2828 serip-
1231 2768 1318 2825 unus
1351 2754 1401 2813 est
1433 2766 1509 2812 oum
1539 2753 1633 2830 patre
1661 2746 1766 2824 Dens,
1796 2752 1830 2812 et
1856 2769 1924 2813 una
1956 2756 2007 2814 eat
2033 2750 2205 2832 utriusque

204 2838 299 2898 turae
323 2831 412 2910 trita,
446 2831 526 2897 dum
550 2831 703 2898 Christus
734 2838 894 2916 quatenus
924 2829 1085 2898 mediator
1117 2837 1179 2910 est,
1231 2833 1380 2898 essentia
1424 2832 1510 2898 Nam
1535 2832 1563 2899 si
1590 2830 1743 2898 Obristus
1767 2839 1896 2916 patrem
1923 2833 2070 2900 votando
2103 2835 2205 2901 solum

203 2916 338 2984 inferior
364 2925 457 3001 patre
490 2918 646 2983 statuitur
675 2917 730 3004 (de
758 2925 828 2983 toto
861 2916 1029 3000 eomplexo
1055 2917 1178 3000 loquor,
1231 2939 1347 2984 verum
1371 2918 1489 2996 Deum,
1518 2938 1553 2982 se
1582 2938 1650 2983 non
1679 2916 1832 2996 exoludit,
1860 2926 1948 2985 uerte
1976 2941 2043 2984 non
2072 2920 2206 3006 attingit

204 3002 266 3070 hoe
288 3011 347 3083 est,
368 3003 441 3068 Deo
463 3002 670 3104 manifestato
692 3003 728 3067 in
748 3004 859 3085 earne)
877 3002 955 3087 quia
975 3024 1065 3104 nuno
1085 3010 1179 3103 pater
1231 3025 1327 3070 suam
1349 3004 1532 3082 essentiam,
1555 3003 1613 3103 sed
1635 3010 1764 3103 tantum
1782 3003 2058 3088 dispensationem
2075 3006 2206 3089 respicit

203 3088 507 3255 orbdtdbuzf’ubobli‘bo
512 3088 988 3273 gddlsstddniaoeibmbnmdibned.
1003 3109 1050 3154 lm
1065 3109 1179 3241 ιιᾚ
1230 3097 1264 3156 et
1287 3110 1461 3241 pbrdffl
1475 3088 1666 3241 ιιιιθ(ξηιιιιιξιοιῗιΒ
1667 3138 1675 3154 ο
1682 3194 1748 3240 ιιι
1767 3177 1876 3242 minus
1888 3176 2005 3272 inseite
2016 3174 2204 3260 depravant

203 3281 263 3327 eur
289 3260 468 3327 Stanearus
495 3260 550 3328 hro
583 3260 735 3341 insultet,
768 3282 807 3327 ao
840 3261 869 3326 si
895 3259 1050 3327 Christus
1083 3260 1179 3326 lieret
1229 3261 1344 3344 Neque
1365 3269 1476 3328 tamen
1497 3262 1599 3327 miror
1620 3268 1689 3326 tam
1711 3260 1865 3328 audaeter
1881 3259 2048 3328 hinoinde
2061 3264 2205 3348 arripere

203 3353 298 3431 patre
328 3346 454 3426 minor,
486 3347 615 3430 qnando
647 3346 702 3414 hio
733 3366 800 3412 non
829 3346 874 3426 ,de
900 3353 1021 3412 natura
1047 3344 1178 3413 deitatis
1230 3368 1313 3431 quae
1334 3347 1441 3414 faeere
1462 3355 1581 3430 putant
1601 3346 1643 3411 ad
1657 3366 1758 3413 suam
1780 3367 1921 3414 oausam.
1943 3346 2106 3416 Homines
2129 3358 2207 3415 suut
2268 3368 2306 3376 ·

203 3432 322 3517 agitur,
351 3430 409 3498 sed
429 3439 564 3497 notatur
586 3438 715 3497 tantum
731 3432 918 3499 oeoonomia
934 3432 986 3498 vel
1009 3431 1178 3515 dispensa·
1229 3432 1366 3511 indooti,
1399 3454 1460 3499 nee
1491 3433 1661 3500 exereitati
1694 3431 1730 3497 in
1763 3433 1892 3514 seriptis
1923 3442 2084 3499 veterum.
2135 3435 2207 3500 Iam

203 3510 461 3584 tioadmirabilis
482 3517 608 3584 eonsilii
619 3518 694 3597 Dei,
716 3538 798 3601 quae
815 3517 898 3583 nihil
917 3515 1053 3602 derogat
1073 3525 1178 3583 aeter·
1230 3518 1309 3584 dum
1331 3518 1518 3585 turbulento
1539 3519 1665 3602 impetu
1684 3519 1836 3584 feruntur
1852 3517 1895 3583 ad
1912 3518 2076 3602 eaptanda
2107 3548 2131 3577 ι’
2150 3550 2159 3575 ι
2180 3551 2186 3576 ι

204 3602 402 3670 nanbristi
419 3603 550 3686 gloriae.
576 3603 672 3686 vHine
694 3602 823 3670 elioitur
842 3624 927 3686 pura
945 3603 1023 3669 fidei
1043 3603 1178 3670 sineeri·
1231 3605 1353 3688 oinia²)
1375 3603 1558 3688 promiseue
1579 3604 1743 3687 arripiunt
1763 3624 1975 3688 quaeeunque
2002 3603 2162 3672 videntur
2280 3630 2301 3633 „

204 3696 271 3768 tas,
298 3689 336 3754 in
363 3709 428 3754 uno
454 3689 526 3754 Deo
558 3689 605 3754 ita
637 3711 708 3756 esse
733 3695 802 3755 tres
829 3709 996 3773 personas,
1025 3697 1064 3755 ut
1088 3689 1178 3756 filius
1230 3698 1360 3773 reoepto
1381 3711 1444 3756 usu
1464 3690 1600 3773 paulum
1622 3698 1748 3756 remota
1768 3710 1849 3756 esse.
1888 3689 2114 3757 Iauoulentum
2138 3713 2184 3758 er·
2198 3722 2201 3727 ·
2228 3717 2268 3725 Ι
2304 3713 2310 3716 ·

203 3794 271 3841 non
292 3774 337 3840 sit
356 3781 458 3857 pater,
480 3773 538 3841 sed
560 3774 690 3841 differat
716 3783 857 3859 epatre,
884 3783 923 3840 ut
943 3796 1011 3840 una
1032 3775 1076 3841 sit
1096 3774 1178 3840 utri·
1230 3778 1278 3843 rei
1303 3777 1467 3860 speoimen
1495 3784 1555 3854 est,
1580 3775 1666 3860 quod
1694 3775 1833 3860 superbe
1859 3777 1983 3841 iaetant
2009 3776 2057 3842 'Pe
2100 3807 2105 3833 ·
2144 3779 2164 3831 ἰ’
2184 3778 2241 3833 ι’

203 3881 307 3944 nsque
328 3860 479 3926 essentia
521 3859 619 3928 Unde
639 3862 797 3944 sequitur,
819 3859 970 3945 quamvis
996 3880 1063 3926 non
1090 3881 1178 3927 eom·
1230 3863 1341 3942 verba,
1364 3881 1402 3928 ae
1423 3863 1453 3929 si
1471 3862 1566 3928 nobis
1585 3862 1847 3928 adversarentur.
1872 3859 1962 3942 Quid
1978 3871 2091 3928 autem
2107 3884 2240 3930 ·ver2-
2306 3884 2310 3893 ’

202 3946 362 4031 parative,
384 3953 495 4011 tamen
516 3945 686 4013 indefinite
707 3967 811 4012 unum
833 3967 904 4013 esse
924 3947 1044 4013 Deum
1072 3944 1177 4028 Quid-
1230 3948 1287 4014 illa
1307 3947 1497 4016 eontinent?
1521 3944 1560 4013 Si
1579 3956 1677 4013 natus
1698 3947 1819 4014 fuisset.
1832 3948 1977 4026 innatus,
1999 3967 2108 4013 ιιιιιι
2144 3979 2194 4005 ιι,
2264 3978 2288 3989 -

203 4030 282 4116 quid
307 4031 470 4099 blaterant
495 4032 678 4098 virulentae
705 4032 853 4118 linguae,
880 4032 917 4097 in
943 4032 1006 4099 baa
1031 4031 1096 4099 fide
1124 4053 1178 4098 ao-
1230 4055 1307 4100 onm
1337 4055 1376 4100 eo
1403 4035 1459 4118 qui
1486 4041 1573 4100 esset
1599 4034 1749 4114 innatus,
1776 4034 1970 4116 aequatione
2000 4034 2038 4099 in
2069 4044 2192 4120 utroqu

202 4118 372 4203 quiesoere
400 4137 530 4201 semper
562 4127 672 4185 tutum
707 4119 785 4184 erit:
815 4119 912 4185 siouti
939 4117 1023 4184 utile
1051 4139 1178 4202 quoque
1230 4121 1313 4191 duos
1335 4122 1457 4187 faeeret
1477 4121 1616 4199 innatos,
1638 4118 1667 4185 si
1690 4140 1757 4185 non
1784 4119 1916 4202 genitus
1943 4127 2042 4197 esset,
2069 4121 2185 4188 eolla

202 4203 343 4288 spinosis
351 4203 464 4270 multis
474 4205 845 4288 quaestionibusansam
855 4203 1053 4288 praesidere,
1063 4205 1177 4271 simul·
1230 4227 1305 4273 oum
1327 4227 1365 4272 ιι
1385 4206 1442 4290 qui
1464 4204 1595 4291 genitus
1617 4225 1685 4271 non
1706 4215 1764 4271 est.
1787 4205 1889 4287 Atqui
1911 4224 1979 4269 nou
1995 4203 2087 4271 aliud
2107 4205 2305 4275 trata

203 4310 267 4375 que
293 4289 503 4373 supersedere
536 4312 555 4356 a
588 4290 738 4357 formulis
770 4289 924 4374 loquendi
952 4289 1005 4357 vel
1038 4291 1179 4357 nimium
1229 4294 1305 4377 pius
1328 4298 1387 4374 [tot
1406 4296 1438 4372 7]
1459 4292 1511 4359 vir
1532 4313 1629 4376 quam
1652 4288 1738 4374 quod
1767 4288 1904 4356 subinde
1929 4290 2068 4373 ineuloo,
2103 4295 2168 4360 fit·
2208 4320 2266 4346 ⁸·-

204 4375 345 4459 asperis,
379 4375 432 4441 vel
472 4396 497 4440 a.
525 4376 706 4459 scripturae
735 4398 799 4443 usu
829 4376 972 4443 remotis.
1027 4377 1178 4443 Preoatio
1230 4389 1309 4444 tuno
1330 4377 1462 4444 demum
1484 4385 1614 4461 epatre
1632 4375 1782 4455 tremi,
1804 4376 1860 4442 ubi
1879 4375 1914 4441 in
1931 4380 2171 4459 eomparstion
2240 4407 2261 4431 τ

205 4461 304 4546 vulgo
333 4462 426 4526 trita:
457 4459 581 4526 Saneta
615 4463 745 4528 trinitas
778 4483 867 4529 unns
900 4461 992 4527 Deus
1022 4462 1179 4529 mmerere
1231 4465 1372 4530 veniunt
1391 4484 1557 4548 personae.
1602 4461 1691 4545 Quid
1712 4463 1801 4528 enim
1826 4461 2013 4546 signifieant
2036 4466 2170 4547 partini·
2214 4465 2264 4478 ⁹
2308 4491 2310 4512 ³

203 4547 318 4626 nostri,
340 4546 423 4612 mibi
443 4566 510 4611 non
531 4544 648 4628 plaoet,
661 4565 708 4614 ¹ae
729 4549 863 4615 omnino
880 4548 1064 4614 barbariem
1085 4550 1178 4632 sapit
1232 4549 1450 4634 Oomparatns
1488 4558 1522 4616 et
1552 4549 1711 4628 Oollatm,
1743 4547 1809 4614 nisi
1839 4568 1882 4612 ex
1915 4548 2074 4616 relatione
2109 4551 2309 4619 uni-u

204 4632 316 4699 Nolim
335 4633 436 4717 igitur
452 4651 512 4697 vos
529 4629 570 4696 de
585 4632 683 4698 rebus
696 4635 907 4715 superraouis
920 4633 1060 4718 litigare,
1083 4633 1180 4700 modo
1227 4656 1389 4720 personae
1413 4635 1456 4701 ad
1484 4635 1623 4703 alteram
1651 4634 1809 4700 exsistere
1835 4631 2032 4700 dbonmen?
2077 4635 2300 4707 soffia

204 4717 368 4784 illibatum
390 4725 523 4783 maneat
543 4715 629 4800 quod
651 4717 719 4783 dixi
741 4718 782 4783 de
803 4720 909 4787 tribus
931 4719 969 4784 in
985 4741 1053 4786 una
1069 4741 1180 4787 essen-
1233 4732 1345 4789 autem
1366 4721 1409 4787 ad
1430 4722 1605 4789 essentiam
1627 4741 1694 4785 uno
1716 4729 1863 4787 veterum
1880 4720 2032 4788 omnium
2046 4742 2291 4797 eonsensu

206 4802 253 4868 tia
274 4803 431 4888 personis.
491 4817 494 4826 ·
995 4808 998 4816 “
1233 4807 1415 4874 damnatur.
1459 4805 1555 4890 Quae
1575 4826 1654 4874 vero
1673 4805 1797 4876 falsarii
1821 4806 1878 4872 isti
1904 4805 1946 4871 ad
1977 4805 2281 4886 stabiliendum

209 4947 412 4958 t*—

278 5024 306 5090 1)
323 5025 375 5078 tire
392 5030 421 5079 ιι
438 5025 541 5094 sepire.
772 5004 777 5010 ⁹
1302 5029 1331 5096 1)
1351 5046 1397 5086 ιιι
1414 5035 1518 5085 rostres
1535 5035 1564 5083 et
1579 5009 1731 5097 forgerons

276 5091 307 5158 2)
324 5091 397 5148 ΑΜ
416 5110 452 5149 ou
469 5100 528 5150 oest
543 5093 663 5150 Eternel.
1301 5099 1332 5167 2)
1350 5115 1420 5169 pour
1436 5098 1548 5154 oercber
1565 5097 1661 5153 lavem
1682 5105 1712 5153 et
1732 5113 1799 5167 gens
1822 5098 1868 5167 qui
1890 5097 1951 5153 leur
1972 5096 2247 5175 seustierntmg

277 5158 307 5226 a)
324 5160 402 5230 forge
419 5178 454 5218 ou
473 5161 565 5219 fondn
1232 5172 1350 5226 nenton.
2054 5213 2058 5222 ·
2078 5190 2079 5193 ’
