4748 5798
190 218 251 283 469
960 216 1152 291 CHRISTI
1173 217 1223 285 IN
1245 217 1409 289 court„
2106 229 2185 302 24t0

273 401 407 471 Omieac
428 403 529 489 igitur
546 403 613 483 illo,
637 424 771 472 causam
792 403 936 473 breviter
956 413 1111 475 excutere
1121 408 1157 472 in
1208 405 1384 473 Heshusio·
1402 429 1466 474 non
1494 407 1616 491 placet,
1643 409 1700 558 ‘qlui
1721 410 1794 476 vult
1814 432 1870 478 orc
1891 412 2027 492 comedi,
2047 429 2110 482 nec
2130 421 2184 483 ta·

189 490 299 557 animo
320 496 379 568 est,
407 488 536 572 quando
556 492 737 556 mauratica
757 512 833 557 cum
854 512 892 558 eo
914 491 1081 576 disputare
1102 515 1166 564 su·¹
1209 512 1285 557 mon
1307 493 1426 577 attingi
1448 492 1615 574 dentibus,
1643 495 1654 560 i
1679 517 1780 580 osque
1798 516 1908 564 crasse
1929 498 2046 564 edendi
2068 500 2183 568 modos

188 597 386 661 pervacuum
412 576 503 641 foret.
560 575 633 642 Etsi
661 576 750 642 enim
781 577 1007 644 ostentationis
1036 578 1158 663 aliquid
1209 576 1303 643 valde
1325 578 1494 662 improbat
1538 579 1681 646 Perinde
1698 590 1809 647 tamen
1831 605 1926 649 suum
1948 583 2029 651 illud
2054 586 2183 653 Asseri-

211 683 266 728 rae
288 683 323 726 se
345 661 417 741 lert,
438 661 522 726 nihil
544 669 653 726 tamon
675 661 764 728 aliud
785 684 884 747 quam
905 670 1032 730 veteres
1053 686 1158 750 nugas
1208 684 1283 729 mus
1310 663 1468 742 inculcat,
1499 685 1537 730 ac
1563 665 1592 730 si
1618 676 1810 750 procurator
1834 677 1919 734 esset
1946 671 2180 738 universitatis.

236 747 374 830 estphali
396 756 429 813 et
449 746 603 812 similium
626 747 816 831 quisquilias
834 769 894 814 sua
912 749 1159 834 magniloquen·
1210 752 1282 828 [pag.
1299 754 1351 828 16]
1372 750 1419 814 Et
1440 758 1551 815 tamen
1572 751 1813 820 bonusIhcnee
1833 754 1985 820 alumnus
2002 755 2182 824 identidem

188 833 234 898 tia
256 832 403 900 ventilat.
452 832 505 898 De
529 833 618 898 omni
663 834 765 898 tentia
785 833 858 913 Dei,
881 834 922 900 de
943 835 1009 901 lide
1030 835 1157 920 simpli·
1209 835 1369 918 argutias,
1399 835 1612 919 sophismata,
1641 838 1707 903 imo
1739 841 1933 924 praestigias
1960 841 2043 906 mihi
2063 862 2182 927 expro-

187 919 269 987 citer
291 918 478 985 verbosius
499 917 609 983 haben
632 940 651 984 a
679 929 713 984 et
734 916 916 1004 subigenda
937 920 1083 987 humana
1104 943 1157 986 ra·
1208 919 1296 985 brat:
1320 942 1358 987 ac
1379 921 1407 985 si
1429 921 1508 1005 quid
1528 921 1807 1007 vel‘flexiloquum
1829 925 1883 990 vel
1904 926 2104 1010 ambiguum,
2124 928 2182 995 vel

187 1007 276 1071 bone
296 1004 462 1088 praecium
482 1004 705 1084 concionatur,
732 1012 768 1069 ut
796 1026 838 1070 ex
865 1006 1053 1073 melioribus
1074 1006 1156 1072 didi-
1208 1005 1442 1087 quovismodo
1469 1009 1643 1074 obscurum
1671 1018 1757 1075 esset
1780 1011 1815 1075 in
1843 1032 1918 1077 mea
1943 1011 2097 1095 loquendi
2125 1034 2179 1082 ra·

187 1092 245 1169 cit,
274 1089 310 1154 in
339 1111 477 1173 quorum
503 1111 639 1155 nomem
666 1111 718 1155 me
743 1111 874 1174 quoque
901 1113 973 1158 esse
993 1093 1155 1158 existimo.
1204 1091 1301 1156 tione.
1336 1090 1448 1173 Quum
1465 1093 1727 1160 substantialiter
1748 1095 1872 1160 Christi
1894 1118 2026 1163 carnem
2048 1105 2083 1163 et
2103 1120 2179 1165 sau·

186 1177 256 1245 Nec
278 1175 406 1254 dubito,
433 1183 470 1240 ut
490 1184 540 1240 est
560 1175 730 1259 pueriliter
751 1177 786 1241 in
808 1198 871 1242 sua
886 1178 998 1261 gloria,
1011 1178 1157 1262 stolidus,
1204 1176 1338 1260 guinem
1359 1177 1453 1243 nobis
1476 1178 1587 1244 offerri
1607 1187 1640 1244 et
1661 1180 1809 1246 exhiberi
1837 1183 1873 1246 in
1893 1202 1995 1248 coena
2017 1181 2102 1261 dico,
2133 1185 2178 1250 si·

186 1264 265 1346 quin
287 1283 323 1329 se
340 1269 433 1346 putet
450 1261 736 1328 Melanchtbonem
759 1283 833 1328 cum
854 1264 1004 1329 Luthero
1025 1285 1156 1347 reprae·
1203 1262 1273 1325 mul
1292 1262 1425 1328 modum
1446 1263 1595 1348 designo,
1623 1264 1708 1347 quod
1723 1267 1747 1349 ¹)
1770 1266 1896 1332 Christi
1919 1288 1993 1334 caro
2021 1269 2115 1335 nobis
2135 1269 2180 1335 sit

187 1356 331 1415 eantare:
364 1349 439 1431 quia
465 1369 507 1412 ex
529 1346 630 1413 altero
657 1348 807 1414 flosculos
835 1348 945 1433 inepto
970 1358 1154 1416 mutuatur:
1203 1348 1348 1414 vivifica:
1373 1350 1532 1432 quoniam
1554 1348 1707 1417 Christus
1734 1352 2053 1435 incomprehensibili
2082 1355 2178 1439 spiri-

186 1434 321 1500 alterius
338 1434 574 1511 vehementiae,
598 1433 673 1517 quia
694 1433 897 1501 meliorasse
915 1435 1063 1502 aemulus
1089 1456 1156 1501 non
1207 1439 1261 1498 tus
1283 1434 1334 1498 sui
1357 1434 1478 1501 virtute
1505 1457 1547 1501 ex
1573 1436 1756 1502 substantia
1784 1438 1893 1504 earnis
1921 1459 1998 1505 suae
2019 1440 2121 1505 vitam
2142 1441 2179 1506 in

185 1528 301 1603 potest,
323 1520 491 1586 substituit
518 1519 650 1584 bombos
672 1528 705 1583 et
726 1519 879 1603 crepitus.
925 1521 1027 1604 Atqui
1049 1541 1156 1603 neque
1207 1538 1267 1585 nos
1289 1520 1516 1599 transfundat,
1543 1540 1627 1605 quae
1654 1521 1704 1587 illi
1731 1524 1863 1607 propria
1889 1531 1953 1590 est:
1987 1531 2025 1589 ut
2049 1526 2119 1609 ipse
2141 1527 2179 1606 in

185 1604 226 1671 de
252 1606 413 1671 immensa
431 1606 496 1670 Dei
524 1607 671 1688 potentia
696 1605 789 1672 nobis
816 1604 1006 1688 disceptatio
1028 1618 1094 1673 est:
1122 1614 1155 1673 et
1207 1604 1300 1670 nohis
1321 1606 1422 1683 vivat,
1448 1607 1582 1690 eiusque
1603 1607 1674 1672 vita
1694 1608 1788 1673 nobis
1810 1610 1855 1675 sit
1875 1611 2065 1676 communis.
2112 1610 2178 1678 Cui

185 1692 380 1776 mysterium
402 1712 521 1756 coenae
547 1712 599 1755 me
626 1712 691 1755 non
721 1691 874 1757 humana·
887 1693 1013 1758 rationo
1033 1693 1154 1772 metiri,
1206 1690 1415 1772 persuadebit
1424 1691 1611 1759 Heshusius
1627 1691 1664 1756 in
1684 1692 1747 1759 hoc
1769 1695 2011 1761 tamluculeuto
2027 1717 2178 1762 sermone

49 1799 56 1805 ·
185 1776 243 1844 sed
265 1775 478 1843 admiratione
498 1777 660 1860 prosequi,
682 1779 805 1861 scripta
825 1777 934 1844 omnia
955 1800 1028 1843 mea
1049 1777 1155 1844 decla-
1206 1795 1277 1841 esse
1298 1776 1403 1841 ullum
1424 1777 1603 1862 sophisma,
1628 1777 1685 1843 ubi
1707 1786 1741 1843 et
1762 1780 1962 1863 populariter
1990 1781 2115 1865 loquor,
2143 1789 2178 1848 et

186 1870 268 1928 rant
305 1862 500 1945 Quicunque
521 1860 617 1926 hodic
634 1883 692 1945 pro
712 1864 856 1947 ingenua
875 1863 1022 1929 veritatis
1043 1863 1154 1931 defen·
1206 1859 1343 1946 eruditis
1364 1862 1496 1928 auribus
1524 1864 1707 1930 satisfacio?
1752 1866 1896 1930 'lantum
1916 1866 2077 1933 facessant
2099 1867 2176 1934 futl-

186 1948 275 2014 sione
297 1957 430 2014 strenue
451 1956 595 2024 certant,
622 1969 675 2013 me
703 1948 842 2014 libenter
859 1948 899 2013 in
920 1950 1074 2015 societate
1097 1949 1154 2016 ado
1205 1946 1263 2025 les,
1282 1948 1398 2030 quibus
1420 1969 1550 2014 causam
1572 1947 1737 2028 obscurat,
1764 1950 1956 2031 calumniae,
1980 1951 2020 2018 de
2041 1973 2077 2018 re
2098 1975 2176 2019 mox

137 2084 143 2086 -
184 2035 327 2100 mittent.
361 2035 402 2098 In
424 2032 593 2100 tractando
610 2054 721 2099 sacrae
741 2053 860 2099 coenae
879 2036 1036 2102 mvsterio
1056 2033 1154 2102 fidem
1206 2039 1407 2099 transactum
1429 2035 1535 2099 fuerit.
1583 2035 1764 2118 Postquam
1785 2057 1898 2103 omnes
1918 2059 1994 2103 suas
2015 2038 2176 2121 ampullas

185 2141 237 2185 me
258 2141 324 2184 non
343 2119 421 2184 abro
465 2141 500 2184 re
513 2119 576 2184 Dei
594 2118 693 2184 verbo
710 2141 745 2184 re
762 2120 834 2202 ipsa
851 2101 1000 2204 probavi:
1024 2128 1061 2186 ut
1078 2143 1154 2188 con·
1205 2118 1366 2183 efflaverit
1386 2119 1588 2199 Heehusius,
1619 2120 1655 2185 in
1682 2120 1744 2188 hoe
1777 2120 1909 2187 cardine
1941 2130 2010 2187 tota
2034 2124 2176 2189 vertitur

185 2211 236 2270 tro
257 2141 464 2271 vociferandi
478 2204 664 2271 Heshusius
685 2202 845 2272 duntaxat
861 2206 1005 2272 malitiae
1026 2228 1103 2272 suae
1121 2214 1154 2272 et
1205 2204 1365 2286 quaestio:
1399 2205 1550 2271 Tollatne
1577 2207 1721 2288 corporis
1749 2208 1873 2273 Christi
1906 2208 2123 2274 substantiam
2156 2230 2175 2273 e

184 2289 442 2375 ingratitudinis,
476 2312 542 2356 non
568 2289 690 2374 absque
717 2292 810 2374 gravi
830 2292 1024 2370 offensione,
1054 2300 1153 2359 testes
1205 2308 1297 2354 sacra
1327 2310 1427 2356 coena
1459 2291 1515 2373 qui
1547 2301 1648 2376 negat
1669 2312 1787 2376 corpus
1807 2294 1914 2375 ipsum
1943 2314 1999 2358 ore
2026 2293 2174 2360 comedi?

184 2377 282 2446 faciat
303 2398 415 2442 omnes
437 2377 546 2442 honos.
591 2374 688 2458 Quod
710 2378 737 2441 si
759 2397 778 2440 a
801 2377 894 2462 vagis
914 2377 987 2444 istis
1007 2385 1041 2443 et
1061 2380 1153 2461 quasi
1205 2374 1362 2441 Cominus
1383 2376 1549 2441 hominem
1571 2377 1744 2476 aggredior
1765 2387 1877 2461 aparte
1898 2387 2012 2457 marte,
2040 2379 2094 2462 qui
2116 2399 2176 2446 ne-

183 2460 371 2527 ludibundis
382 2467 456 2542 [pag.
471 2466 523 2543 15]
542 2461 781 2528 velitationibus
803 2463 954 2528 trahatur
975 2462 1017 2528 ad
1034 2465 1153 2529 seriam
1203 2469 1262 2544 gat
1289 2462 1490 2527 substantiae
1516 2482 1624 2528 carnrs
1652 2463 1781 2529 Christi·
1804 2484 1863 2528 nos
1891 2465 1962 2528 fieri
1989 2464 2173 2549 participes,

183 2568 300 2615 causae
317 2547 593 2633 disceptationem,
614 2548 726 2631 paucis
749 2569 802 2613 res
823 2546 1022 2631 expedietur.
1066 2550 1153 2615 Nam
1204 2546 1268 2612 nisi
1289 2567 1364 2611 eum
1385 2568 1441 2612 ore
1462 2547 1688 2614 comedamus·
1710 2547 1766 2616 Sic
1784 2550 1872 2614 enim
1893 2549 2047 2632 loquitur,
2068 2550 2175 2633 ipsam

185 2632 269 2716 quod
298 2634 480 2718 principum
506 2633 673 2717 ignaviam
701 2634 865 2700 obstaculo
892 2655 963 2700 esse
990 2623 1151 2715 eaubatur,
1226 2652 1331 2715 uoquc
1352 2631 1567 2699 substantiam
1586 2634 1694 2700 carnis
1716 2644 1749 2699 et
1766 2634 1999 2732 sanguinisure
2019 2635 2175 2700 haurien-

184 2740 224 2783 ne
242 2719 399 2802 pacandis
427 2719 569 2785 dissidiis
597 2726 733 2804 cogatur
757 2721 814 2803 pia
841 2719 999 2804 synodus,
1025 2721 1152 2788 utinam
1204 2653 1289 2783 dam.
1343 2719 1415 2803 Ego
1447 2739 1526 2784 vero
1557 2719 1858 2786 communicatioms
1890 2719 2023 2788 modum
2055 2719 2175 2787 definio

183 2826 224 2869 ne
245 2806 316 2887 ipse
337 2824 411 2870 cum
433 2803 592 2870 similibus
617 2804 711 2870 furiis
738 2824 852 2871 omnes
873 2804 1062 2873 concordiae
1084 2806 1153 2873 adi·
1204 2805 1275 2869 sine
1298 2802 1496 2888 ambagibus,
1527 2803 1696 2871 Christum
1715 2827 1776 2888 pro
1798 2807 1958 2871 immensa
1979 2817 2013 2870 et
2033 2805 2174 2873 admira-

184 2895 238 2955 tus
258 2889 449 2957 obstrueret
494 2888 591 2972 Quod
611 2912 672 2956 nee
693 2891 703 2955 i
727 2913 762 2956 se
783 2890 882 2975 paulo
903 2899 978 2975 post
1001 2892 1153 2958 dissimu-
1204 2889 1260 2955 bili
1282 2910 1344 2955 sua
1363 2890 1507 2973 potentia
1527 2890 1703 2956 efficerent
1724 2911 1833 2958 seeum
1855 2892 1890 2956 in
1911 2888 2048 2957 eandem
2071 2893 2174 2957 vitam

182 2973 243 3055 lat,
273 2975 352 3040 dum
373 2976 528 3061 expedire
554 2987 654 3060 negat
680 2912 781 3041 ailam
803 2977 891 3042 inter
912 2998 971 3043 nos
994 2976 1152 3062 discepta·
1204 2975 1438 3053 coalescamus,
1466 2996 1527 3041 nac
1554 2983 1682 3041 tanturn
1708 2976 1873 3059 applicare
1900 2977 1992 3042 nobis
2014 2977 2174 3059 passionis

182 3061 305 3127 tionem
324 3062 462 3128 institui.
506 3061 678 3144 Quaenam
696 3062 797 3146 igitur
817 3062 872 3145 pia
893 3062 1038 3147 synodus
1059 3084 1153 3147 repe-
1205 3081 1283 3126 suae
1305 3061 1462 3137 fructum,
1490 3060 1547 3126 sed
1569 3083 1646 3126 vere
1669 3069 1818 3126 nostrum
1839 3062 1924 3139 fieri,
1953 3071 1992 3126 ut
2012 3061 2098 3128 bona
2116 3081 2175 3127 no·

182 3147 286 3212 netur
307 3148 377 3213 eius
397 3147 541 3228 arbitrio,
563 3147 627 3212 nisi
643 3148 677 3211 in
697 3167 763 3229 qua
783 3146 916 3214 ducenti
937 3147 1072 3226 sodales,
1097 3158 1154 3215 aut
1204 3146 1329 3213 hiscum
1357 3168 1418 3212 sua
1444 3146 1673 3225 communicet,
1701 3146 1839 3230 ideoque
1864 3166 1924 3212 nos
1951 3146 2012 3212 sibi
2039 3145 2174 3213 coniun-

181 3232 320 3311 cireiter,
343 3233 425 3299 bene
446 3234 558 3310 saturi,
581 3253 645 3316 quo
667 3232 755 3298 aelus
776 3233 943 3299 eorumsit
962 3234 1151 3314 ferventior,
1204 3252 1290 3316 gere,
1312 3232 1397 3297 sieut
1417 3229 1564 3296 membra
1586 3239 1621 3297 et
1641 3242 1739 3315 caput
1759 3251 1877 3314 corpus
1898 3253 2001 3296 unum
2018 3232 2172 3296 efficiunt

181 3338 241 3401 pro
262 3339 353 3383 more
371 3319 458 3385 inter
479 3341 534 3394 eos
554 3318 682 3402 pridem
704 3319 796 3397 trito,
824 3339 884 3384 nos
905 3320 1042 3402 papistis
1062 3319 1151 3387 dete·
1204 3321 1314 3400 Atque
1340 3317 1426 3382 hanc
1453 3317 1613 3384 unitatem
1637 3337 1713 3394 ‚non
1741 3315 1782 3383 ad
1815 3317 1992 3382 essentiam
2025 3316 2173 3383 divinam

180 3403 283 3470 riores
304 3402 680 3489 etmagiaexsecrandos
702 3424 772 3470 esse
790 3405 1028 3488 pronuncient?
1060 3405 1151 3472 Hace
1203 3402 1377 3487 restringo,
1400 3402 1456 3467 sed
1487 3402 1649 3484 pertinere
1664 3403 1798 3468 affirmo
1826 3401 1868 3467 ad
1890 3421 2021 3468 carnem
2043 3409 2077 3465 et
2098 3422 2174 3467 san·

180 3499 232 3555 est
252 3489 411 3556 confessio
432 3511 529 3573 quarn
550 3491 702 3574 exigunt:
726 3491 845 3556 reiecta
856 3492 947 3556 omni
957 3491 1150 3575 cognitione,
1203 3489 1352 3573 guinem:
1380 3488 1456 3570 quia
1483 3509 1549 3554 non
1575 3488 1766 3572 simpliciter
1787 3486 1911 3552 dictum
1933 3486 1984 3552 sit
2024 3485 2170 3570 Spiritus

178 3575 342 3641 obstinate
363 3577 448 3641 tueri
466 3575 554 3659 quod
564 3575 630 3642 illis
642 3581 764 3642 temere
782 3575 902 3642 excidit
920 3586 1148 3643 commentum.
1204 3578 1468 3653 [pag.17]meus
1495 3595 1573 3640 vere
1599 3584 1650 3640 cst
1671 3572 1774 3652 cibus,
1804 3573 1860 3639 sod
1889 3592 1963 3637 caro
1989 3593 2078 3638 mea:
2112 3591 2173 3639 nec

178 3660 280 3728 Certe
300 3663 450 3743 quamvis
478 3661 624 3731 diabolus
652 3662 798 3728 horribili
826 3659 921 3727 modo
940 3663 1152 3729 fascinaverit
1203 3659 1394 3743 simpliciter
1419 3660 1520 3725 etiarn
1554 3658 1679 3728 dictum
1707 3659 1766 3726 sit:
1799 3657 1967 3723 Divinitas
1994 3677 2068 3723 mea
2094 3679 2172 3724 vere

178 3766 294 3822 eorum
316 3756 458 3825 mentes,
488 3748 640 3831 superbia
665 3756 775 3814 tamen
794 3749 899 3832 magis
920 3770 1019 3830 quam
1041 3769 1151 3814 errore
1203 3755 1253 3811 est
1273 3755 1380 3829 potus,
1413 3744 1471 3811 sed
1492 3746 1636 3829 sanguis.
1681 3743 1734 3810 Ad
1757 3746 1836 3810 hacc
1856 3744 1963 3810 carnis
1984 3752 2017 3808 et
2038 3743 2174 3828 sangui·

178 3839 248 3896 tarn
271 3832 482 3916 pertinaciter
503 3832 684 3900 doctrinam
705 3841 851 3899 nostram
880 3832 1006 3899 abillis
1027 3855 1164 3918 oppug·‚
1203 3832 1256 3898 nis
1288 3832 1613 3898 communicationem
1642 3852 1709 3895 non
1742 3838 1872 3894 tantum
1903 3830 2102 3916 interpretor
2137 3829 2179 3895 de

178 3919 262 3996 nari,
285 3919 456 4001 perspicue
483 3928 627 4002 apparet.
677 3918 803 3983 Verum
833 3920 910 4002 quia
936 3941 971 3986 sc
998 3921 1151 3986 ecelesiae
1203 3917 1368 3984 communi
1395 3925 1528 3995 natura,
1557 3915 1642 4001 quod
1670 3915 1823 3981 Christus
1849 3913 1947 3980 homo
1975 3915 2080 3980 factus
2106 3915 2178 3980 iure

178 4012 355 4086 patronum
377 4026 448 4070 esse
470 4003 625 4083 obtendit,
646 4012 742 4086 atquc
764 4014 799 4069 ut
827 4004 935 4070 fallaci
952 4005 1044 4071 larva
1066 4005 1151 4070 deci·
1203 4004 1367 4068 fraternae
1385 4003 1547 4068 societatis
1569 4023 1629 4067 nos
1646 4002 1709 4067 Dei
1729 4000 1815 4065 filios
1837 4021 1946 4065 aecum
1968 4000 2095 4065 secent:
2119 3999 2177 4066 sed

178 4089 249 4172 piat
271 4089 444 4171 simplices,
466 4090 605 4156 subinde
626 4089 687 4155 sibi
709 4100 840 4174 arrogat
857 4111 1061 4157 communem
1083 4112 1151 4156 om·
1203 4088 1357 4154 distincte
1385 4088 1528 4166 affirmo,
1565 4108 1663 4171 quam
1697 4086 1836 4161 anobis
1865 4086 2005 4168 sumpsit
2031 4106 2175 4165 carnem,

176 4174 273 4239 nium
295 4175 351 4257 qui
371 4183 459 4242 recte
486 4176 601 4242 docent
628 4195 816 4258 personam:
848 4177 931 4241 scire
952 4176 1050 4241 velim
1072 4197 1151 4260 quo·
1203 4194 1277 4248 eam
1298 4171 1391 4238 nobis
1413 4195 1483 4240 esse
1505 4173 1679 4251 vivificam,
1712 4180 1751 4237 ut
1771 4171 1863 4236 nobis
1886 4172 1930 4235 eit
1948 4172 2088 4236 materia
2110 4172 2176 4254 spi-

173 4281 254 4325 rum
275 4259 428 4327 mandato
454 4260 670 4345 patrocinium
698 4260 758 4325 hoo
787 4262 974 4344 susceperit
1023 4260 1151 4345 Ubique
1204 4259 1331 4326 ritrmlis
1358 4259 1455 4324 vitae.
1511 4258 1671 4341 illamque
1697 4257 1876 4341 Augustini
1907 4259 2101 4322 sententiam
2135 4257 2174 4321 li·

177 4345 263 4410 haec
285 4345 385 4410 verba
402 4355 527 4429 erepat:
550 4347 619 4412 Nos
642 4345 807 4411 docemus:
831 4347 922 4412 Haec
945 4353 1055 4413 nostra
1076 4368 1150 4413 sen·
1203 4344 1318 4410 benter
1341 4343 1534 4428 amplector:
1560 4342 1655 4409 Sicut
1677 4364 1717 4407 er
1740 4351 1827 4407 costa
1848 4341 1942 4407 Adae
1969 4350 2080 4409 creata
2113 4341 2176 4404 luit

176 4430 299 4510 tentia:
323 4430 376 4496 Ita
396 4430 576 4516 loquimur:
610 4429 668 4497 Sic
690 4432 873 4497 asserimus.
917 4433 1066 4517 Legatur
1087 4435 1150 4499 far·
1203 4431 1284 4508 Eva,
1313 4431 1359 4496 sic
1381 4451 1422 4495 ex
1432 4428 1556 4497 Christi
1568 4429 1672 4495 latere
1693 4429 1828 4495 fluxisse
1849 4426 1942 4493 nobis
1963 4427 2051 4493 vitae
2073 4424 2173 4509 origi·

174 4537 262 4600 rago
276 4516 299 4599 ¹)
322 4536 419 4599 quam
441 4518 645 4585 coacervavit
665 4517 889 4600 Wostphalus,
911 4519 995 4584 mira
1015 4518 1082 4585 illic
1099 4540 1150 4584 re·
1192 4535 1280 4589 ¹nem
1302 4524 1335 4581 et
1355 4515 1562 4599 principium.
1606 4514 1682 4580 Etsi
1704 4521 1814 4579 autem
1835 4514 1967 4598 signum
1988 4511 2174 4577 discernoa

172 4603 365 4686 pugnantia
384 4613 541 4670 occurret
585 4605 636 4670 Ac
658 4624 700 4669 ne
721 4603 851 4687 longius
870 4613 1020 4687 petamus
1041 4625 1151 4670 exem·
1204 4624 1239 4668 re
1257 4602 1401 4687 signata,
1429 4621 1496 4667 non
1519 4610 1629 4669 tamen
1650 4599 1744 4666 trado
1766 4599 1888 4665 nudam
1910 4606 1944 4663 et
1965 4595 2174 4662 umbratilem

140 4687 289 4772 ,plum,
315 4687 469 4755 audacter
489 4690 631 4755 affirmat
651 4689 868 4773 Westphalua
889 4709 1006 4772 corpus
1027 4689 1153 4759 Christi
1203 4689 1343 4770 figuram
1371 4707 1458 4766 esse,
1486 4685 1543 4752 sed
1570 4685 1740 4753 articulate
1764 4685 1942 4769 pronuncio
1964 4702 2082 4764 panem
2104 4702 2175 4747 cer-

173 4772 334 4845 dentihua
356 4775 461 4854 atteri,
483 4796 607 4875 suoque
628 4775 783 4860 suffragio
804 4777 984 4852 confirmat,
1011 4774 1096 4858 quod
1116 4774 1151 4842 in
1203 4779 1273 4837 tum
1308 4793 1379 4838 esse
1435 4772 1532 4858 ignus
1563 4770 1866 4860 communicationis
1905 4787 1980 4834 curn
2009 4786 2110 4866 carne
2141 4774 2176 4831 ct

170 4858 348 4943 palinodia
368 4860 561 4946 Berengarir
583 4860 669 4946 apud
691 4855 889 4930 Gratianum
910 4860 1037 4945 legitur.
1078 4860 1151 4928 Hoc
1203 4859 1363 4942 sanguine
1385 4794 1510 4923 cirici
1538 4879 1636 4943 quam
1664 4859 1800 4942 figurat:
1833 4855 1909 4937 quia
1936 4851 2090 4919 Christus
2116 4873 2177 4918 ne·

1284 5033 1406 5041 ----.--.

251 5132 280 5199 1)
299 5134 325 5189 le
342 5131 477 5204 fsgomge.
1273 5131 1301 5197 1)
1321 5129 1367 5186 Sic
1384 5131 1516 5194 addanae
1533 5146 1631 5189 cnm.
1670 5127 1768 5194 acum
1783 5126 1859 5197 uuit:
1876 5140 1960 5264 eug&
2013 5202 2017 5207 y
2071 5178 2076 5190 .
