4776 5844
145 255 206 319 tac
925 247 992 315 AD
1013 245 1358 316 WRSOEPHALUM
2095 255 2159 319 226

144 438 317 517 tidiussit,
340 458 441 522 quam
461 437 606 505 ludendo
622 438 770 504 ieiunum
786 437 897 504 nescio
914 434 1002 520 quid,
1025 436 1121 521 quale
1173 435 1306 503 abillis
1334 436 1446 502 fuisse.
1503 435 1569 502 Hic
1603 436 1777 516 insultant,
1804 437 1891 522 quod
1916 461 2018 523 quum
2046 463 2154 526 nuper

144 527 154 590 i
195 524 202 540 ‘
241 525 381 590 recitare
397 523 503 604 libuit,
523 522 659 604 diluere,
676 544 793 590 verum
811 529 1045 608 argumentum
1063 543 1121 588 au·
1172 523 1429 605 pugnaverimus
1451 523 1583 608 ignaros
1593 523 1694 591 fuisse
1715 532 1845 591 veteres
1855 528 2059 609 praesentiae
2080 547 2154 594 ecr-

145 547 236 677 (ffit
256 632 301 677 ex
323 631 375 676 me
396 609 543 678 locares
588 608 700 692 Quum
726 630 769 674 ex
800 607 962 675 veteribus
989 607 1122 692 quidam
1173 607 1304 691 pcralis,
1327 629 1414 673 nunc
1436 607 1547 692 palam
1573 610 1717 675 fatemur
1738 630 1857 693 panem
1884 632 2002 678 vocare
2023 634 2150 695 corpus.

144 696 244 762 libere
270 696 449 775 docuerint,
471 695 642 765 Christum
670 693 805 762 dixisse:
829 696 903 761 Hoc
926 703 979 761 est
1004 713 1121 778 eorpus
1174 691 1279 775 Quasi
1302 715 1380 759 vero
1402 694 1531 760 nonsit
1550 692 1612 760 hoc
1630 696 1724 761 nobis
1741 697 1840 761 etiam
1858 719 2038 764 commune.
2084 696 2155 765 Sed

144 803 262 858 meum,
280 803 385 865 quum
395 781 527 866 signum
539 781 632 847 daret
648 780 868 865 corporissui3
885 781 981 847 item:
1001 800 1122 864 panem
1173 778 1228 845 hic
1250 776 1290 846 de
1311 800 1410 845 sensu
1432 781 1549 864 agitur.
1593 781 1700 846 Nemo
1723 782 1811 858 enim
1832 802 1853 847 a
1874 781 2025 865 loquendi
2047 784 2154 850 forma

140 890 213 936 esse
231 867 357 934 Christi
375 886 501 951 eorpus,
525 868 603 951 quia
626 865 1121 950 sacramentumquodammcdc
1173 864 1342 944 abhorret,
1371 866 1463 932 ouius
1490 866 1585 932 nobis
1614 876 1709 932 autor
1736 877 1787 933 est
1814 866 1965 934 coelestis
1995 871 2152 954 magister

141 962 295 1022 censetur
316 974 369 1019 res
388 954 540 1037 ipsa3alii
562 952 733 1021 docuerint
744 974 861 1019 verum
883 953 982 1018 fuisse
994 951 1120 1019 Christi
1172 949 1237 1016 Dei
1258 950 1355 1017 filius.
1400 952 1545 1018 Tantum
1566 950 1801 1032 contendimus,
1820 955 1948 1037 quoties
1966 976 1987 1020 a
2004 956 2152 1038 patribus

143 1061 268 1123 eorpus,
291 1040 384 1106 euius
405 1040 538 1124 signum
560 1040 596 1104 in
618 1061 719 1106 coena
740 1037 892 1118 tradidit;
919 1037 976 1103 alii
1001 1058 1119 1121 panem
1172 1036 1266 1119 panis
1288 1044 1322 1102 et
1344 1037 1460 1102 vinum
1487 1046 1648 1103 vocantur
1674 1040 1780 1123 signa,
1808 1039 1957 1123 symbola
1983 1049 2017 1106 et
2043 1061 2151 1107 saera-

143 1128 335 1194 vocaverint
356 1126 541 1208 oppositum
562 1133 681 1209 typum
703 1125 839 1208 corpori,
862 1144 929 1207 non
950 1144 1022 1190 esse
1042 1144 1119 1207 prc-
1172 1133 1284 1189 menta
1305 1124 1451 1205 corporis
1472 1130 1507 1188 et
1529 1125 1715 1209 sanguinis,
1746 1124 1825 1190 satis
1851 1125 2007 1210 explicari
2038 1147 2152 1201 sorum

141 1211 249 1278 babile
270 1219 350 1277 tnnc
378 1219 562 1296 grassatum
590 1212 689 1278 luisse
716 1231 858 1276 errorem
892 1209 933 1274 de
961 1209 1119 1294 corporali
1170 1217 1329 1277 mentem:
1355 1209 1430 1291 quia
1448 1209 1527 1275 hinc
1544 1209 1713 1275 luculenta
1730 1210 1897 1295 colligitur
1913 1212 2152 1298 intersignum

144 1298 203 1363 sub
224 1318 310 1381 pane
331 1299 526 1380 praesentia,
540 1299 627 1380 ¹quia
647 1298 761 1363 statim
782 1306 871 1361 mota
897 1296 1014 1361 fuisset
1039 1315 1118 1361 ecn-
1171 1303 1204 1359 et
1226 1316 1297 1360 rem
1318 1296 1482 1379 signatam
1505 1293 1682 1373 distinctio,
1706 1318 1765 1381 prc
1787 1316 1851 1378 qua
1872 1317 1932 1362 nos
1953 1318 2150 1382 pugnamus.

142 1382 253 1448 tentio.
296 1383 363 1450 Hie
385 1391 515 1448 nonest
535 1402 594 1449 cur
615 1381 897 1449 nosPhilisthinis
913 1390 1117 1465 comparent:
1171 1379 1242 1445 Iurc
1264 1386 1338 1461 [pag.
1362 1386 1437 1460 252]
1465 1389 1579 1465 aperta
1607 1383 1691 1447 ratic
1724 1389 1867 1460 notatur,
1895 1403 1955 1450 cur
1982 1385 2089 1451 carnis
2117 1396 2152 1457 et

141 1469 204 1534 nisi
226 1470 319 1548 forte,
348 1469 443 1534 sicuti
470 1473 543 1549 [pag.
581 1475 657 1549 249]
684 1469 720 1534 in
747 1468 872 1534 mutilis
887 1471 912 1545 ¹)
942 1466 1118 1534 comoediis
1171 1468 1340 1550 sanguinis
1357 1486 1453 1533 voces
1471 1466 1760 1533 accommodentur
1777 1467 1818 1532 ad
1836 1489 1955 1551 panem
1973 1479 2007 1534 et
2024 1470 2149 1538 vinum.

141 1556 212 1620 fieri
234 1553 326 1633 solet,
349 1553 544 1620 clamoribus
565 1555 634 1620 suis
657 1555 752 1638 quasi
769 1555 948 1620 fractorum
970 1573 1118 1619 scamno·
1169 1551 1236 1618 Hie
1258 1553 1466 1635 pertinaciter
1492 1551 1797 1637 Magdeburgenses
1824 1554 1885 1621 sibi
1914 1555 2063 1621 sufficere
2092 1577 2150 1623 ex-

141 1662 215 1706 rum
236 1641 376 1723 strepitu
398 1642 557 1706 actionem
580 1641 688 1706 subito
706 1641 912 1723 abrumpant,
930 1648 964 1705 et
980 1639 1118 1705 lectores
1170 1639 1305 1720 cipiunt,
1335 1637 1420 1722 qucd
1442 1637 1623 1704 secundum
1653 1649 1791 1706 veterae
1817 1641 1913 1724 panis
1948 1641 1991 1706 sit
2019 1663 2145 1726 corpus

141 1727 349 1792 frustrentur.
1170 1720 1276 1804 Quasi
1297 1744 1378 1789 vero
1400 1724 1503 1789 altera
1524 1722 1682 1806 loquutio,
1706 1734 1744 1790 ut
1765 1734 1816 1790 est
1836 1725 1964 1808 plenior
1990 1738 2024 1791 et
2045 1729 2149 1813 expli·

224 1813 468 1897 Argumentum
502 1811 661 1878 XXXVI
696 1821 746 1877 ost
771 1811 812 1877 de
843 1811 1005 1889 novitate,
1034 1831 1118 1894 quae
1168 1810 1281 1888 caticr,
1303 1811 1376 1876 viee
1397 1810 1678 1893 interpretationis
1701 1831 1768 1876 nou
1790 1811 1834 1877 sit
1855 1811 2013 1879 addenda
2057 1815 2150 1881 Dicit

140 1896 234 1962 nobis
255 1906 407 1981 suspecta
428 1899 547 1964 erroris
569 1918 640 1962 esse
663 1897 840 1977 debet,nee
856 1895 1117 1980 immeritoqucd
1169 1916 1237 1960 unc
1258 1896 1294 1961 in
1315 1896 1385 1961 loeo
1408 1895 1533 1960 Paulus
1555 1893 1639 1980 (001.
1667 1902 1692 1974 l,
1717 1899 1784 1980 24),
1807 1917 1843 1962 ee
1859 1897 1944 1980 quod
1963 1898 2056 1965 deest
2076 1921 2151 1984 pas·

140 1982 275 2049 tradunt
303 1982 484 2049 adversarii
504 1985 699 2068 figmentum
722 1981 762 2048 de
782 1983 941 2066 corporali
962 2002 1117 2065 praesen·
1169 1981 1316 2048 sionibus
1338 1982 1465 2048 Christi
1486 1980 1641 2065 supplere
1662 2003 1721 2065 pro
1750 1983 1895 2050 ecclesia.
1948 1984 2037 2050 Alibi
2063 1987 2150 2054 idem

140 2072 185 2136 tia
213 2068 408 2135 damnamus
436 2070 497 2136 hcc
524 2069 674 2147 nomine,
704 2070 781 2152 quia
813 2091 880 2134 non
909 2069 956 2134 ita
987 2068 1116 2152 pridem
1169 2078 1329 2150 repetens,
1355 2068 1442 2148 dicit,
1473 2086 1532 2149 pro
1560 2069 1809 2134 confirmatione
1836 2068 1981 2135 fidelium
2011 2075 2045 2147 (2
2074 2073 2148 2139 Cor.

139 2156 226 2222 inter
247 2175 374 2222 crassas
395 2156 544 2222 inscitiae
565 2171 599 2220 et
620 2156 891 2240 superstitionum
913 2153 1116 2237 corruptelas
1173 2159 1199 2232 l,
1224 2154 1267 2233 5).
1311 2154 1349 2221 Si
1372 2154 1412 2218 de
1434 2174 1534 2218 sensu
1556 2152 1656 2218 Pauli
1683 2164 1836 2220 movetur
1861 2156 2008 2237 quaestio
2035 2158 2147 2227 (sicuti

139 2248 254 2306 natum
274 2248 333 2306 est.
375 2240 590 2325 Respondent
617 2240 752 2307 solenne
779 2241 842 2306 hoc
869 2261 940 2309 esse
967 2241 1116 2322 patronis
1168 2239 1288 2323 prioris
1309 2240 1371 2304 loci
1393 2245 1568 2324 praetextu
1589 2237 1630 2302 ad
1654 2241 1816 2324 apostolos
1845 2251 1880 2306 et
1899 2251 2063 2327 martyres
2091 2264 2149 2328 pa·

138 2326 298 2393 malarum
326 2346 514 2406 causarum,
549 2327 693 2410 arripere
721 2327 866 2394 vicinum
894 2325 1032 2409 aliquid,
1053 2347 1116 2409 quc
1168 2325 1272 2408 pistae
1294 2325 1528 2409 redemptionis
1554 2332 1687 2392 nostrae
1709 2335 1836 2408 partem
1864 2329 2082 2412 transferunt)
2105 2353 2148 2396 an

139 2411 355 2496 plausibiliter
390 2410 611 2492 declamitant,
651 2420 685 2478 et
726 2412 887 2479 maximas
931 2410 1116 2495 tragoedias
1168 2410 1366 2496 negligenda
1387 2411 1451 2476 erit
1472 2410 1660 2493 explicatio,
1687 2433 1770 2495 quae
1795 2422 1913 2495 sponte
1944 2415 2047 2480 altero
2080 2417 2149 2484 loco

138 2505 301 2576 moveant,
325 2507 359 2564 et
379 2498 441 2564 hoc
463 2498 560 2564 modo
582 2520 641 2564 nos
659 2500 838 2564 transferre
856 2497 897 2563 ad
914 2497 1116 2580 corporalem
1168 2497 1328 2562 occurrit?
1372 2496 1470 2578 Quod
1492 2497 1627 2581 ergoin
1650 2519 1685 2563 re
1707 2499 1878 2565 notissima
1905 2509 2027 2565 ettam
2051 2521 2149 2585 expe-

137 2585 367 2667 praesentiam,
388 2583 474 2667 quod
494 2606 561 2650 non
580 2585 642 2650 nisi
662 2584 697 2650 in
714 2584 1115 2651 transsubstantiationem
1169 2581 1238 2647 dita
1259 2603 1437 2666 provocare
1466 2603 1502 2648 se
1531 2580 1645 2648 dieunt
1673 2583 1714 2648 ad
1741 2585 1846 2649 filium
1875 2584 1951 2667 Dei,
1973 2587 2148 2653 ridiculum

138 2670 303 2755 competit,
325 2690 425 2753 quam
439 2670 509 2757 ¹ipsi
538 2692 665 2755 quoque
693 2671 813 2737 acriter
840 2670 1007 2736 damnant
1058 2668 1115 2736 Sic
1169 2676 1226 2733 est
1278 2669 1348 2735 Nee
1380 2668 1492 2734 minus
1524 2669 1624 2738 etiam
1656 2668 1760 2735 futilis
1798 2679 1850 2737 est
1880 2673 1945 2737 ista
1977 2668 2146 2752 rhetorica,

138 2756 198 2821 illi:
223 2754 281 2822 sed
302 2756 445 2840 primum
467 2776 552 2841 nego
573 2757 697 2840 tragice
719 2777 780 2822 nos
801 2755 973 2822 vociferari
996 2755 1058 2821 hac
1079 2756 1114 2819 iu
1169 2753 1340 2844 Christum
1361 2776 1427 2819 non
1454 2775 1525 2820 esse
1550 2753 1718 2820 indoctum
1747 2756 1903 2835 iudicem,
1932 2758 2058 2839 rudem,
2092 2771 2149 2826 aut

138 2864 181 2919 re,
203 2862 307 2924 quum
329 2840 521 2927 simpliciter
542 2840 681 2908 dicimus
700 2850 920 2907 commentum
943 2839 1029 2923 quod
1050 2841 1114 2923 ipsi
1167 2837 1309 2917 balbum,
1331 2842 1410 2924 quia
1428 2839 1591 2923 loquendo
1601 2839 1700 2922 Λόγος
1711 2844 1755 2907 sit
1770 2842 1969 2927 appellatus:
1988 2867 2054 2911 nen
2077 2867 2148 2914 csse

137 2948 195 3011 pro
228 2926 360 2994 coelesti
393 2927 523 2993 oraculo
551 2927 704 3008 adorant,
737 2928 931 2994 fabricatum
963 2928 1117 2992 fuissea
1168 2926 1352 3009 subdolum,
1374 2947 1441 2991 uon
1462 2924 1652 3009 bilinguem,
1675 2948 1740 2993 non
1762 2938 1952 3011 corruptum
1976 2935 2050 3011 [pag.
2071 2939 2147 3013 act]

58 3085 65 3091 ,
138 3013 302 3098 sophistis,
323 3014 380 3096 qui
401 3013 487 3077 nihil
505 3014 662 3079 tenebant
680 3018 754 3093 [pag.
773 3018 848 3092 250]
861 3013 1003 3096 purioris
1023 3012 1116 3078 thec-
1167 3012 1317 3094 pecunia,
1346 3031 1414 3077 uon
1435 3011 1696 3095 προςωπολῆπτην.
1742 3010 1909 3094 Quorsum
1933 3015 2013 3083 haee
2033 3016 2147 3101 loqua-

138 3099 251 3185 lcgiae.
295 3097 426 3164 Deinde
448 3119 534 3184 nego
554 3122 596 3165 ex
617 3099 690 3165 fuco
710 3099 879 3164 affinitatis
900 3120 961 3165 nos
983 3106 1116 3181 captare
1168 3098 1258 3175 citas,
1280 3093 1346 3164 nisi
1371 3107 1410 3163 ut
1430 3095 1606 3163 ostendant
1626 3098 1928 3183 Magdeburgenses
1953 3123 1988 3179 se
2009 3103 2094 3168 bene
2115 3114 2152 3169 et

138 3185 297 3269 plausum.
333 3184 441 3265 Quam
453 3187 571 3250 acriter
581 3185 981 3251 transsubstantiationem
992 3206 1117 3270 oppug·
1168 3185 1293 3267 prolixe
1321 3183 1469 3270 garrire?
1532 3180 1701 3267 Quidquid
1734 3205 1776 3249 ex
1809 3204 1900 3251 sacro
1933 3186 2059 3254 Christi
2090 3209 2146 3254 ore

139 3279 227 3348 nent,
254 3279 346 3352 patet
366 3293 408 3335 ex
430 3270 560 3354 seriptis
581 3271 785 3354 Westpheli,
812 3271 869 3354 qui
892 3271 1029 3338 eoncilia
1044 3270 1116 3337 -sub
1167 3271 1348 3352 profectum
1371 3278 1431 3346 est,
1453 3290 1513 3334 uos
1535 3276 1603 3333 tam
1626 3281 1817 3335 reverenter
1839 3271 2022 3351 adoramus,
2044 3293 2144 3358 quam

139 3356 273 3422 Nicolac
293 3364 327 3421 et
349 3356 419 3422 Gra
462 3357 511 3422 rio
533 3378 569 3422 se
593 3358 673 3422 timo
702 3356 815 3422 habita
838 3377 898 3440 pro
924 3355 1114 3423 orthodoxis
1168 3355 1358 3421 obedienter
1379 3355 1616 3437 amplectimur,
1639 3363 1677 3420 ut
1698 3357 1769 3421 eius
1791 3357 1960 3436 autoritas,
1983 3380 2068 3441 quae
2086 3380 2144 3425 ex·

137 3462 270 3507 censere
292 3462 357 3507 nou
380 3441 424 3507 du
447 3443 514 3507 itat
565 3379 634 3508 ded
667 3443 745 3508 hinc
781 3443 920 3509 facessat
944 3443 1115 3509 transsub·
1168 3442 1316 3525 ceptione
1337 3442 1427 3506 omni
1445 3440 1550 3505 maior
1571 3449 1629 3520 est,
1648 3462 1716 3506 nou
1733 3444 1805 3510 sine
1823 3443 1945 3507 iniuria
1966 3447 2143 3524 minuatur,

138 3528 314 3593 causatio.
364 3527 517 3593 Crussius
557 3550 612 3594 ecs
651 3528 692 3593 de
732 3528 892 3612 corporali
929 3530 1115 3612 praesentia
1167 3527 1245 3592 dum
1268 3547 1340 3592 eam
1363 3526 1599 3609 intempestive,
1629 3529 1722 3610 quasi
1743 3526 1842 3593 dubia
1870 3538 1970 3608 esset,
1999 3550 2145 3598 asserere

139 3635 236 3696 quam
256 3615 401 3697 papistas
423 3615 544 3680 sentire
572 3623 606 3679 et
632 3614 720 3698 lcqui
746 3615 924 3699 arguimus.
974 3615 1044 3681 Nec
1066 3622 1116 3680 est
1166 3613 1292 3679 volunt.
1351 3611 1494 3678 Easdem
1531 3614 1564 3677 in
1611 3612 1753 3679 citandis
1788 3613 1927 3679 testibus
1965 3623 2145 3683 contexunt

140 3698 223 3782 quod
244 3707 316 3764 tam
336 3700 487 3766 ferociter
508 3701 542 3764 in
561 3700 630 3766 suis
652 3701 823 3766 cothurnis
841 3701 1017 3779 exsultent,
1039 3721 1115 3784 prc-
1166 3700 1316 3783 ineptias.
1360 3697 1459 3778 Quid,
1482 3696 1622 3778 obsecro,
1646 3719 1728 3782 opus
1749 3700 1819 3778 fuit,
1847 3718 1949 3783 quum
1971 3702 2143 3781 Matthaei,

138 3784 213 3850 latis
235 3784 361 3851 Christi
382 3784 507 3851 verbis:
529 3785 603 3852 Hoc
625 3792 677 3852 est
697 3807 815 3870 corpus
836 3808 956 3852 meum.
1001 3787 1115 3870 Neque
1167 3785 1283 3862 Marci,
1305 3785 1417 3850 Irucae
1438 3793 1473 3849 et
1494 3784 1591 3849 Pauli
1612 3786 1774 3850 referrent
1795 3786 1995 3866 testimonia,
2022 3787 2142 3855 addere

139 3873 225 3936 enim
247 3893 270 3935 n
333 3892 407 3936 mus
428 3870 508 3938 haec
528 3892 600 3951 esse
623 3872 749 3937 Christi
766 3871 876 3951 verba,
894 3871 979 3956 quod
997 3893 1114 3956 parum
1165 3870 1326 3936 ludicram
1337 3870 1571 3952 exceptionem,
1584 3870 1675 3936 salvo
1693 3881 1804 3936 tumen
1816 3870 1936 3935 iudicio
1955 3875 2142 3955 superioris,

140 3975 322 4022 verecune
350 3957 444 4022 nobis
472 3958 637 4024 obiiciunt
695 3955 814 4026 Sicuti·
833 3959 928 4025 fateri
955 3965 1115 4042 cogentur
1167 3956 1229 4023 hoc
1250 3966 1310 4034 est,
1332 3957 1436 4040 ipsius
1457 3955 1605 4022 Christi?
1651 3955 1758 4036 Quasi
1788 3976 1867 4023 vero
1893 3958 2074 4039 periculum
2103 3964 2147 4027 sit

140 4041 218 4109 haee
239 4043 305 4108 Dei
326 4042 429 4108 verba
449 4065 536 4123 esse;
557 4044 661 4108 Terra
682 4043 860 4109 scabellum
880 4043 1001 4127 pedum
1024 4065 1114 4109 meo·
1166 4064 1209 4108 ne
1231 4064 1266 4108 ss
1287 4045 1396 4125 ipsum
1418 4041 1572 4109 Christus
1592 4043 1628 4107 iu
1650 4043 1783 4126 organis
1804 4043 1940 4127 spiritus
1968 4045 2021 4110 sui
2042 4047 2142 4113 abne·

141 4148 213 4194 rum
235 4127 318 4215 (Jes.
343 4132 393 4206 66,
420 4127 466 4213 1);
488 4129 577 4194 unde
599 4136 762 4212 sequetur,
784 4130 812 4195 si
834 4137 922 4195 stare
942 4128 1043 4196 libeat
1063 4131 1113 4213 ip·
1166 4138 1229 4213 got
1274 4130 1342 4197 Res
1363 4128 1466 4212 igitur
1485 4128 1656 4193 enucleate
1672 4130 1708 4191 in
1725 4128 1869 4193 medium
1886 4129 2032 4211 prodeat
2075 4133 2142 4199 Fa·

140 4233 250 4280 sorum
278 4213 405 4292 iudicio,
436 4216 500 4281 Dei
533 4212 632 4298 pedes
659 4222 766 4280 terrae
793 4215 923 4281 innixos
951 4218 1113 4281 sustinere
1166 4228 1276 4282 temur
1297 4236 1317 4278 a
1338 4224 1478 4298 quatuor
1499 4213 1565 4278 illis
1586 4213 1782 4279 authenticis
1798 4212 1863 4279 Dei
1884 4215 1998 4282 scribis
2020 4219 2143 4301 optima

140 4301 207 4367 eius
229 4320 355 4383 eorpus.
398 4301 474 4366 Non
500 4310 551 4366 est
569 4301 673 4385 igitur
699 4300 735 4365 in
764 4301 872 4367 verbis
893 4303 1033 4382 novitas,
1055 4303 1113 4370 ssd
1164 4301 1230 4368 fide
1251 4301 1367 4368 referri
1378 4300 1503 4367 Christi
1521 4298 1772 4377 institutionem,
1787 4321 1893 4383 quam
1913 4302 1941 4367 si
1962 4303 2034 4385 quis
2051 4325 2141 4388 mys·

140 4386 172 4451 in
192 4388 339 4470 praeciso
359 4408 457 4469 quem
479 4396 601 4470 urgent
620 4387 685 4471 ipsi
706 4388 879 4452 verborum
903 4389 1018 4454 sonitu.
1164 4389 1265 4456 ticam
1302 4408 1373 4454 esse
1414 4393 1527 4470 neget,
1561 4384 1756 4469 relegandus
1795 4394 1846 4451 est
1884 4388 1918 4451 in
1936 4389 2138 4472 -Anticyras

202 4473 401 4555 ,Tricesimo
422 4474 560 4555 septimo
580 4472 650 4539 loeo
671 4473 817 4538 referunt
838 4473 924 4557 quod
944 4479 1018 4554 [pag.
1037 4481 1117 4556 251]
1165 4475 1286 4540 Merito
1314 4475 1425 4556 itaque
1458 4471 1670 4554 disquirimus
1697 4492 1781 4554 quae
1804 4473 1849 4538 sit
1875 4472 2025 4557 analogia
2045 4475 2141 4556 panis

140 4577 196 4640 pro
219 4557 312 4624 nobis
334 4559 511 4638 afferimus,
540 4567 716 4643 utrumque
743 4558 896 4641 loquendi
924 4581 1030 4644 genus
1056 4583 1112 4628 ve·
1167 4566 1241 4642 [pag.
1267 4565 1344 4640 act]
1377 4559 1418 4622 ad
1452 4577 1577 4638 corpus.
1635 4557 1936 4642 Magdeburgenses
1964 4567 2074 4623 tamen
2102 4570 2140 4624 ut

139 4644 262 4710 teribus
283 4665 355 4712 esse
375 4646 544 4724 usitatum,
566 4666 685 4729 panem
711 4653 745 4711 ct
766 4644 880 4710 vinum
907 4666 979 4712 esse
996 4666 1114 4731 eorpus
1165 4646 1310 4712 habeant
1331 4664 1464 4709 carnem
1486 4642 1612 4709 Christi
1633 4643 1694 4709 sub
1715 4665 1801 4726 pane
1821 4644 1997 4719 inclusam,
2020 4643 2139 4709 nolunt

140 4730 387 4814 etsanguinsm
408 4730 543 4810 Christi,
566 4740 729 4797 ettamen
752 4731 848 4816 signa
868 4752 948 4809 esso,
967 4740 1002 4798 ot
1022 4755 1117 4816 sym,
1164 4733 1297 4798 subesse
1318 4730 1523 4814 mysterium.
1569 4726 1659 4810 Quid
1679 4731 1798 4795 omisso
1826 4729 2026 4811 quaestionis
2049 4737 2138 4796 statu

140 4814 221 4895 bola,
250 4824 285 4882 et
308 4823 512 4883 sacramenta
538 4818 683 4900 corporis
714 4824 747 4883 et
782 4818 959 4902 sanguinis.
1015 4818 1113 4885 Unde
1164 4817 1299 4901 prodest
1318 4815 1410 4881 nuda
1430 4814 1621 4881 recitaticl
1644 4816 1690 4880 Et
1710 4836 1807 4897 quam
1827 4814 1919 4880 inani
1944 4822 1978 4878 et
1997 4816 2137 4881 evanidc

138 4901 323 4986 colligimus
345 4902 470 4969 Christi
493 4903 595 4968 verba
615 4923 683 4968 non
710 4904 793 4970 citra
817 4905 958 4988 figuram
981 4913 1113 4988 accepta
1163 4905 1237 4969 fuco
1259 4901 1413 4987 obtegere
1433 4902 1689 4968 controversiam
1717 4901 1821 4983 ipsam
1849 4899 2059 4979 contendunt,
2088 4900 2136 4966 di-

706 5032 709 5038 ,
1164 4997 1284 5069 sertcs,
1310 4986 1466 5053 facundos
1493 4995 1527 5053 et
1554 5009 1686 5054 veraces
1719 4985 1936 5069 evangelistas
1969 4987 2135 5069 vocando?

1164 5075 1278 5158 Neque
1306 5074 1395 5139 enim
1429 5074 1586 5139 infantiae
1613 5073 1764 5158 protinus
1791 5091 1847 5136 eos
1873 5069 2050 5150 insimulat,
2079 5076 2137 5157 qui
2225 5109 2227 5111 .

208 5178 238 5246 1)
255 5179 389 5236 medies
415 5177 589 5247 inpertaites.
633 5178 710 5233 Besa
732 5184 758 5235 et
775 5179 860 5236 Aust.
883 5178 990 5248 apuu:
1013 5176 1111 5233 mulus.
1163 5159 1342 5227 verborum
1363 5160 1666 5245 interpretationem
1685 5158 1822 5240 quaerit.
1865 5156 1937 5221 Imo
1953 5175 2035 5221 vsra
2055 5157 2138 5228 haec

243 5264 355 5320 Colmive'
367 5281 451 5334 opera
500 5264 556 5319 Vol.
575 5263 630 5319 lx.
1897 5255 1930 5309 15

146 5077 342 5086 *—=—
