4776 5844
48 138 50 141 ·
154 118 214 185 its
992 111 1176 180 onoma
1196 110 1463 180 nououmo
2096 113 2157 177 lut

149 325 267 394 penses
289 307 337 390 (V
338 327 400 372 ors.
423 307 478 386 21)
493 305 516 386 ¹)
544 303 680 370 minime
706 304 894 388 ambiguam
914 300 1124 387 proferimus:
1176 311 1383 367 sacramenta
1404 322 1486 387 quae
1507 303 1543 367 in
1564 303 1667 387 signis
1687 302 1817 370 diversa
1836 311 1923 382 sunt,
1951 303 1985 368 in
2009 322 2045 368 re
2066 301 2158 386 paria

150 392 334 478 exspectari
356 391 525 457 Christum
553 411 571 454 e
597 390 686 456 coelo
713 389 953 473 redemptorem
970 387 1032 471 qui
1054 407 1125 452 eor-
1165 407 1261 462 ‚esse:
1285 387 1415 470 quando
1431 387 1486 454 hic
1503 409 1626 453 manna
1647 387 1811 454 duntaxat
1828 411 1903 455 cum
1920 409 2021 454 coena
2044 397 2158 452 nostra

149 501 212 564 pus
234 487 382 544 nostrum
404 476 565 543 abiectum
587 476 803 560 configurabit
824 474 951 559 corpori
973 493 1032 537 suo
1051 477 1125 552 [pag.
1176 474 1352 538 confertur.
1387 472 1498 554 Quare
1515 495 1736 557 supervacuus
1756 483 1807 542 est
1824 474 1864 541 de
1882 475 2054 542 sacrificiis
2068 474 2159 539 aliis·

155 570 227 645 101]
249 563 397 666 glorioso.
448 562 489 626 In
515 561 578 627 hac
607 561 849 644 comparatione
876 560 905 627 si
932 556 1009 643 quid
1037 558 1125 624 blas·
1178 578 1240 642 que
1262 565 1333 639 [pag.
1360 566 1431 638 104]
1455 561 1669 626 caeremoniis
1690 560 1849 646 legalibus
1871 581 1986 627 sermo.
2032 560 2158 642 Aequo

148 652 299 736 pherorae
329 646 553 733 deprehendat
578 648 810 731 Westphalos,
841 645 1035 730 praestigias
1062 643 1125 709 sibi
1177 645 1415 728 parabimusne‚
1438 646 1555 729 inquit,
1579 647 1738 713 sacrificia
1764 655 1917 712 veterum
1941 645 2159 712 sacramentis

149 739 219 821 ipse
240 736 352 813 faciet,
382 734 500 819 quibus
522 732 724 799 laedi-nemo
745 734 828 798 alius
848 733 976 816 poterit.
1021 731 1125 796 Porro
1177 729 1351 796 aOhristo
1377 732 1553 811 institutis,
1581 754 1619 797 eo
1647 731 1731 816 qnod
1760 734 1856 817 signa
1882 733 1982 799 fuisso
2004 730 2157 798 constat?

149 824 215 890 nisi
237 821 357 906 ubique
379 830 452 904 post
473 821 745 885 resurrectionem
769 837 835 884 nos¹
848 819 918 882 fore
940 816 1040 895 dicat,
1068 837 1125 880 ne·
1178 813 1282 895 Quasi
1304 836 1383 882 vero
1406 827 1638 901 argumentum
1666 818 1825 885 ducamus
1855 820 2074 904 a‘signorum
2098 838 2158 883 no·

149 931 212 993 que
234 910 268 973 in
291 906 418 972 Christi
438 926 586 985 carnem,
616 913 699 971 teste
719 902 834 983 Paulo,
855 902 937 969 haec
957 902 1125 969 immensi·
1177 902 1280 979 mine,
1308 923 1408 985 quum
1429 901 1570 970 dicimus
1590 904 1679 969 inter
1700 925 1823 970 manna
1848 912 1883 970 et
1907 924 2041 970 coenam
2064 904 2159 970 simi·

149 1003 202 1061 tas
224 992 320 1059 bodie
342 991 508 1075 competit.
540 991 612 1055 Iam
630 992 707 1075 quia
728 990 905 1074 Augustini
928 989 1124 1053 sententiam
1176 985 1349 1052 litudincm
1373 986 1413 1053 ab
1435 992 1622 1073 Augustino
1644 989 1730 1056 hanc
1748 991 1834 1073 poni,
1857 990 1942 1074 quod
1964 991 2025 1056 sub
2047 989 2160 1055 diver·

149 1082 299 1158 citamus,
322 1078 378 1144 ubi
400 1086 529 1161 patrum
550 1085 754 1143 sacramenta
773 1077 850 1142 licet
870 1075 972 1159 signis
995 1073 1127 1138 diversa
1176 1073 1221 1138 sis
1244 1074 1347 1158 signis
1364 1095 1434 1139 rem
1457 1097 1555 1140 unam
1566 1075 1618 1140 vel
1630 1075 1767 1143 eandem
1777 1076 1981 1159 spiritualem
1997 1077 2160 1142 virtutem

148 1167 274 1234 fuerint
294 1187 314 1229 a
334 1165 464 1243 nostris,
485 1164 519 1227 in
542 1185 577 1228 re
593 1170 704 1228 tamen
715 1161 828 1227 eadem
851 1162 950 1226 fuisse
970 1160 1124 1225 affirmat:
1176 1160 1374 1225 contineant
1420 1158 1619 1245 Quanquam
1635 1156 1689 1228 h'ic
1711 1162 1896 1229 foedissimo
1917 1183 2028 1228 errore
2050 1165 2158 1248 pieta·

148 1262 332 1318 extremum
356 1248 484 1315 fabulae
505 1269 584 1314 suae
606 1256 715 1315 aetum
731 1247 938 1331 plausibilem
959 1247 1028 1311 fore
1049 1265 1125 1310 oen·
1176 1246 1219 1309 tis
1240 1245 1401 1311 elementa
1422 1246 1631 1326 contaminat,
1660 1269 1764 1331 quum
1784 1246 1960 1314 discrimen
1982 1245 2159 1314 ostendere

150 1337 226 1418 suit,
249 1338 278 1402 si
300 1335 362 1401 boc
384 1354 509 1418 quoque
529 1334 716 1400 adiumento
744 1354 804 1399 nos
830 1334 985 1416 privaret.
1029 1330 1124 1396 Ideo·
1175 1331 1290 1397 volens
1328 1340 1427 1416 negat
1458 1334 1671 1400 sacrementis
1703 1335 1868 1401 veteribus
1904 1334 2156 1418 promissionem

173 1444 214 1488 uc
235 1422 355 1493 librum
378 1441 472 1485 suum
499 1419 561 1486 hac
583 1420 780 1500 refutatione
802 1418 929 1485 clausit.
961 1416 1028 1482 Sed
1047 1415 1124 1500 quid
1176 1417 1217 1482 de
1237 1425 1446 1502 peccatorum
1467 1419 1660 1485 remissione
1681 1420 1782 1487 fuisse
1804 1419 1962 1500 additam,
1990 1420 2060 1485 sole
2091 1420 2156 1484 cir·

149 1446 283 1574 'demum
305 1504 510 1590 assequitur?
554 1505 645 1572 Dicit
662 1528 721 1571 nos
741 1506 835 1571 vafre
856 1504 1003 1587 proferre
1025 1503 1125 1567 muti·
1175 1503 1374 1568 cumoisione
1396 1513 1539 1587 excepta
1584 1504 1660 1587 Qua
1676 1506 1783 1572 fronte
1804 1507 1949 1589 profiteri
1971 1524 2006 1572 so
2028 1506 2156 1572 theolo-

149 1595 199 1660 las
220 1614 258 1658 ac
284 1601 418 1658 truncam
444 1592 632 1657 sententias.
681 1591 796 1674 Neque
821 1588 1052 1657 tameu·aliter
1072 1587 1125 1653 vi·
1221 1612 1255 1654 m
1278 1589 1390 1668 audet,
1420 1591 1472 1654 cui
1493 1590 1546 1656 rel
1567 1593 1772 1676 incognitum
1795 1601 1859 1672 est,
1890 1590 1942 1659 vel
1964 1613 2024 1676 pro
2047 1591 2156 1658 nihilo

149 1682 232 1745 tium
254 1686 404 1761 nostrum
427 1678 574 1762 corrigit,
602 1697 700 1760 quam
730 1675 770 1741 ad
800 1676 936 1742 verbum
958 1672 1125 1740 recitando
1199 1675 1306 1740 ucitnr
1327 1674 1412 1759 qnod
1434 1677 1557 1742 condes
1583 1677 1671 1761 apud
1692 1677 1821 1744 Mosam
1835 1677 1998 1744 occurrit:
2032 1676 2156 1745 Oblatc

149 1787 232 1851 quae
264 1766 298 1829 in
332 1762 461 1845 scriptis
494 1763 616 1828 nostris
647 1763 812 1846 leguntur.
867 1762 911 1826 Et
938 1768 1027 1827 certe
1041 1769 1125 1824 tota
1176 1761 1335 1827 sacrificio
1365 1762 1550 1845 expiabitur
1581 1762 1756 1845 iniquitas?
1812 1764 1945 1830 Interea
1978 1764 2157 1830 observent

150 1850 428 1919 controversiain
451 1847 696 1933 paucisrerbis
718 1850 782 1914 sita
802 1856 861 1912 est
904 1848 1022 1912 Patres
1044 1867 1124 1911 cun·
1175 1847 1313 1915 lectores
1334 1847 1535 1913 calumniose
1564 1849 1605 1914 ab
1627 1849 1687 1915 hoc
1710 1850 1844 1915 homine
1864 1850 2024 1934 perverti,
2053 1871 2156 1934 quam

150 1937 233 2003 dem·
246 1935 461 2001 manducasse
482 1934 686 2017 spiritualem
709 1934 817 2000 cibum
843 1934 878 1998 in
901 1954 1037 2011 manna,
1067 1932 1124 2016 qui
1176 1935 1486 2018 nosexAugustino
1504 1935 1732 2017 aequalitatem
1754 1938 1943 2002 asserimus:
1967 1936 2046 2020 quia
2063 1937 2156 2019 prin·

149 2021 245 2089 bodio
267 2022 303 2086 in
325 2042 427 2088 ooona
444 2019 537 2085 nobis
559 2020 710 2085 offertur:
732 2021 1026 2104 quiasacramenta
1047 2026 1125 2087 sant
1175 2021 1296 2102 eipium
1314 2018 1376 2084 hoc
1387 2018 1553 2099 sumendo,
1569 2021 1683 2104 >speeie
1704 2021 1827 2088 visibili
1846 2043 1984 2098 ,coenam
2005 2030 2155 2088 nostram

148 2111 183 2174 in
207 2109 502 2193 signis[pag.102]
532 2105 676 2184 divorsa,
705 2107 738 2170 in
768 2124 803 2171 re
831 2105 937 2190 paria:
969 2104 1125 2169 differunt
1176 2110 1293 2184 a[peg.
1320 2108 1392 2185 loo]
1420 2125 1539 2171 manne
1565 2108 1612 2171 ita
1641 2105 1786 2187 differre,
1815 2116 1851 2173 ut
1879 2129 1931 2174 ree
1960 2107 2154 2187 siteadem,

148 2193 257 2278 specie
278 2191 409 2267 visibili,
433 2190 547 2256 eadem
576 2199 655 2257 sunt
681 2191 841 2275 spirituali
866 2192 998 2256 virtute.
1043 2192 1123 2256 Ter·
1175 2198 1209 2257 et
1231 2191 1411 2274 spiritualis
1433 2192 1564 2268 veritas,
1587 2213 1654 2257 non
1676 2214 1810 2276 prorsus
1827 2194 1995 2277 aequalem
2007 2214 2155 2259 commu·

150 2282 337 2366 gircrsatur
362 2276 593 2361 Westphalus,
627 2278 854 2361 Augustinum
887 2276 927 2341 de
960 2274 1123 2362 spirituali
1177 2277 1348 2343 nicationis
1374 2276 1505 2343 modum
1534 2278 1719 2346 asserimus.
1776 2278 1865 2362 Quin
1893 2281 2003 2363 potius
2033 2280 2155 2364 ubique

148 2365 267 2432 edendi
288 2362 385 2428 modo
409 2361 576 2429 disserere.
611 2363 713 2446 Atqui
730 2363 813 2427 nihil
835 2362 1123 2446 clariuscstquam
1176 2365 1340 2446 profiteor,
1362 2362 1709 2445 eundem-Christum,
1739 2367 1794 2448 qui
1817 2366 1878 2431 sub
1899 2366 1971 2450 lege
1992 2366 2058 2430 fuit
2079 2386 2156 2449 pro·

149 2453 317 2536 signorum
339 2456 492 2514 naturam
514 2447 662 2525 describi,
685 2449 790 2532 qualis
812 2469 854 2513 ex
874 2448 1009 2513 Domini
1031 2449 1124 2514 insti·
1175 2450 1313 2534 positus,
1346 2447 1476 2532 plenius
1509 2447 1606 2515 bodie
1637 2459 1672 2515 et
1704 2449 1836 2517 uberius
1868 2452 1962 2517 nobis
1994 2451 2154 2517 exhibmi

148 2538 275 2602 tutione
297 2534 518 2619 cognoscitur:
536 2555 607 2599 rem
629 2556 728 2599 unam
751 2533 868 2600 statuit
889 2535 976 2600 inter
994 2533 1126 2601 diversa
1176 2534 1272 2600 Addo
1295 2534 1394 2600 etiarn
1406 2534 1531 2599 (lhristi
1542 2556 1734 2619 carnequae
1756 2538 1824 2603 rim
1847 2559 1951 2617 suam,
1974 2536 2154 2621 antequam

149 2624 253 2707 signa.
297 2618 387 2703 Quid
407 2641 478 2704 erg(
511 2619 553 2685 ad
581 2620 730 2686 homines
757 2620 889 2685 mahero
916 2620 1010 2686 iuvat
1037 2620 1124 2705 qnod
1176 2630 1286 2686 creata
1308 2629 1402 2697 essct,
1426 2621 1573 2687 exseruit
1592 2621 1628 2685 in
1649 2623 1811 2704 patribus,
1842 2645 1930 2689 nunc
1952 2623 2155 2689 substantia·

148 2708 190 2774 de
211 2706 314 2792 signia
335 2708 381 2771 ite
398 2705 565 2790 proditum
588 2714 646 2783 est,
670 2714 708 2770 ut
730 2707 904 2771 eorumvis
927 2716 961 2771 et
981 2708 1126 2774 efficacia
1176 2707 1252 2772 liter
1277 2727 1338 2772 nos
1365 2708 1468 2789 pasci:
1497 2716 1562 2790 quo
1591 2706 1665 2790 plus
1693 2709 1773 2774 satis
1800 2709 2006 2775 convincitur
2038 2709 2155 2774 West

149 2791 352 2877 explicetur?
398 2791 575 2873 Quaeritur
603 2791 680 2876 quid
699 2791 805 2857 bodio
831 2791 926 2858 nobis
948 2793 992 2858 sit
1013 2813 1123 2870 coena,
1176 2793 1267 2876 pheli
1288 2790 1488 2878 improbitas,
1512 2792 1590 2858 dum
1613 2797 1672 2859 nos
1689 2795 1911 2860 calumniatur
1932 2793 2055 2879 gradus
2073 2797 2156 2860 istos

150 2879 204 2947 vel
223 2879 347 2943 afferat.
392 2877 583 2962 Respondet
600 2879 815 2962 Augustinus,
839 2877 952 2962 eodem
974 2899 1035 2944 nos
1058 2880 1124 2962 spi·
1176 2878 1383 2958 confundere,
1405 2896 1489 2962 quos
1506 2877 1633 2957 sedulo,
1662 2890 1700 2944 ut
1721 2901 1857 2964 aequum
1888 2892 1951 2959 est,
1978 2879 2155 2966 distingui·

150 2963 260 3031 rituali
285 2963 357 3029 cibo
385 2965 420 3028 in
449 2986 488 3029 ea
520 2963 601 3043 frui,
637 2964 693 3048 qui
720 2963 798 3029 clim
825 2964 975 3047 patribus
1002 2985 1126 3031 manna
1176 2987 1259 3030 mus.
1309 2965 1435 3029 Verum
1462 2986 1528 3029 non
1555 2965 1664 3031 obstat
1690 2965 1747 3030 illa
1774 2966 1948 3051 disparitas
1975 2967 2158 3049 quominus

149 3053 221 3118 fuit.
255 3050 321 3116 Hie
343 3058 431 3116 certe
452 3071 518 3115 non
541 3050 652 3136 agitur
672 3049 895 3134 quomodoval
917 3049 1015 3135 legali
1036 3073 1127 3136 sym·
1177 3051 1323 3117 eiusdem
1351 3050 1492 3128 Obristi,
1528 3050 1583 3133 qui
1611 3072 1647 3116 se
1676 3052 1769 3117 nobis
1797 3050 1893 3118 bodie
1921 3054 2157 3133 communicat,

150 3136 224 3203 bolo
252 3136 304 3202 usi
331 3136 456 3201 fuerint
482 3143 606 3220 patres,
635 3135 687 3202 vel
714 3143 828 3202 nostro
857 3134 955 3201 hodie
977 3144 1124 3202 utamur:
1177 3147 1287 3221 patres
1308 3137 1368 3202 sub
1389 3136 1493 3220 signis
1521 3135 1681 3221 legalibus
1701 3137 1824 3203 fuerint
1851 3138 2035 3221 participes.
2080 3137 2159 3220 Quo

150 3223 209 3290 sed
237 3220 316 3306 quid
343 3221 422 3288 olim
447 3221 630 3297 instituerit
658 3222 750 3287 Deus
778 3220 838 3288 sub
866 3222 953 3306 lege,
988 3231 1020 3287 et
1047 3222 1125 3306 quid
1177 3225 1286 3288 miuus
1309 3221 1486 3287 tolerabilis
1508 3232 1559 3287 est
1577 3222 1767 3305 Westphali
1788 3225 1949 3307 impietas,
1972 3225 2160 3291 seeundum

149 3316 264 3395 postea
280 3307 315 3372 in
335 3308 504 3392 evangelio
516 3306 678 3373 Christus.
713 3307 801 3390 Quia
822 3317 934 3373 autem
956 3309 1125 3393 signorum
1177 3329 1274 3392 quem
1290 3329 1414 3373 manna
1436 3318 1469 3373 et
1480 3316 1573 3391 petra
1583 3308 1719 3373 fuerunt
1738 3312 1873 3394 figurae,
1895 3311 2021 3375 veritas
2043 3323 2162 3377 autem

151 3415 213 3475 res,
236 3395 378 3460 efficacia
400 3404 434 3458 et
456 3394 577 3458 veritas
600 3416 619 3457 a
639 3392 739 3458 v'erbo
760 3392 896 3476 pendet,
925 3401 1014 3460 certo
1035 3394 1125 3459 colli·
1177 3404 1229 3459 cst
1250 3415 1366 3477 corpus
1389 3392 1474 3477 quod
1496 3393 1588 3459 nobis
1610 3394 1645 3458 in
1666 3414 1766 3460 coena
1787 3397 1976 3480 porrigitur.
2022 3394 2162 3464 Omitto

152 3482 241 3564 gitur
263 3477 392 3545 easdem
422 3500 549 3562 quoque
576 3479 676 3544 statui
698 3479 945 3562 promissiones,
975 3489 1012 3544 ut
1033 3482 1126 3548 nobis
1178 3481 1284 3545 dicere
1304 3500 1401 3563 quam
1425 3480 1468 3544 sit
1489 3479 1628 3545 iniurius
1650 3478 1685 3543 in
1708 3489 1835 3564 patres,
1858 3482 1983 3552 Obristi
2005 3481 2177 3548 commu?

150 3585 193 3630 ax
221 3564 285 3633 Dei
310 3566 409 3631 verbo
445 3564 571 3631 Christi
598 3566 709 3630 fruitio
740 3570 814 3644 [pag.
842 3571 915 3645 108]
943 3569 1125 3633 communis
1178 3568 1347 3631 nicatione¹
1360 3587 1414 3630 eos
1436 3565 1595 3647 spolians:
1614 3565 1669 3631 sed
1691 3567 1862 3632 exinanire
1883 3588 1943 3633 suo
1964 3568 2087 3634 effectu
2106 3591 2170 3635 sa-

151 3651 203 3715 sit.
254 3649 321 3716 Sed
343 3651 420 3734 quia
440 3651 638 3735 Westphalo
666 3659 773 3715 tutum
801 3672 866 3715 non
882 3663 980 3730 ¹erat,
1008 3652 1125 3736 pedem
1178 3651 1891 3736 eramentuma[pag.1oo]Deoproditum
1913 3654 2078 3739 sacrilega
2102 3677 2175 3722 au·-

151 3736 187 3800 in
208 3737 402 3802 excutiendo
421 3736 598 3821 Augustini
620 3758 718 3802 sensu
734 3739 845 3821 figere,
868 3739 1046 3820 perr-arros
1063 3740 1126 3805 cir·-
1178 3737 1271 3803 dacia
1297 3747 1354 3803 est.
1403 3739 1527 3820 Atque,
1557 3747 1594 3801 ut
1621 3737 1848 3821 indulgentius
1877 3761 1952 3806 cum
1977 3760 2017 3805 eo
2047 3763 2179 3825 agam,
2255 3769 2291 3794 ε
2305 3733 2343 3785 ¹‘

151 3822 260 3888 cuitus
282 3830 384 3886 errat:
408 3823 463 3905 qui
485 3833 594 3887 tamen
616 3843 690 3887 eum
719 3844 833 3888 omnes
855 3823 920 3889 huc
941 3824 1125 3901 revolvunt,
1177 3834 1246 3889 tam
1278 3822 1396 3908 frigide
1428 3833 1462 3887 ct
1494 3824 1601 3888 ieiune
1634 3824 1674 3889 dc
1701 3833 1905 3890 sacramento
1931 3825 2035 3908 loqui,
2072 3829 2203 3911 quosl-

151 3929 212 3974 nos
232 3909 347 3972 vitiose
375 3909 560 3972 ratiocinari
589 3931 609 3973 a
637 3930 756 3992 genere
779 3908 819 3973 ad
849 3910 1004 3991 speeiem:
1040 3910 1125 3993 quod
1178 3909 1440 3993 splendidissimo
1454 3909 1548 3973 titulo
1569 3909 1633 3974 insi
1683 3911 1710 3983 it
1723 3910 1855 3988 Paulus,
1879 3911 1977 3976 nimis
2000 3933 2205 3997 praeposae
2230 3902 2352 3947 ’δ’

152 4001 262 4058 tamen
285 3992 370 4076 apud
392 3992 576 4060 dialecticos
597 3995 693 4059 valet.
745 3994 834 4077 Quid
863 3997 951 4060 onim
996 3996 1127 4061 rohibet
1177 4004 1247 4061 tera
1281 3997 1469 4060 extenuatio
1501 4004 1570 4061 est·
1617 3931 1728 4061 Vgrr'ibe
1757 3997 1853 4061 Pauli
1885 4005 1978 4075 sunt,
2013 3985 2357 4067 eundennffl

152 4078 194 4144 ad
216 4096 350 4144 coenam
362 4088 475 4162 aptare
487 4079 572 4162 qaod
595 4080 635 4146 de
646 4081 859 4146 sacramentis
880 4016 1030 4146 omnifus
1048 4102 1125 4147 vere
1178 4102 1276 4165 quem
1303 4082 1338 4145 in
1368 4102 1468 4147 coena
1493 4081 1705 4165 percipimus,
1733 4081 1847 4148 datum
1873 4083 2025 4166 patribus
2057 4071 2357 4154 missae&

151 4164 293 4230 dicitnr?
338 4165 458 4229 Postea
480 4180 591 4230 tamen
619 4188 654 4232 se
676 4167 785 4250 ipsum
807 4166 1008 4232 commodius
1029 4167 1125 4250 paulo
1178 4166 1380 4251 spiritualem
1403 4168 1520 4232 cibum.
1565 4166 1804 4232 Obmurmurat
1825 4168 2046 4252 Westphaius
2071 4163 2359 4239 comlss‘

149 4251 299 4335 explieat‚
323 4271 474 4333 perverso
498 4272 557 4316 nos
579 4252 779 4318 differentias
800 4253 938 4319 miscere
959 4253 1124 4332 abiiciens,
1178 4251 1284 4318 edisse
1305 4261 1339 4317 et
1361 4251 1481 4319 bibisse
1509 4254 1542 4318 in
1565 4255 1673 4337 figura
1693 4254 1814 4319 multos
1846 4254 1944 4319 ctiam
1973 4255 2049 4321 sine
2081 4259 2150 4326 fide
2188 4269 2230 4313 τ’
2252 4246 2358 4304 9⁰³

149 4337 202 4403 rel
226 4338 377 4403 omittere
405 4335 524 4419 quibus
551 4338 641 4403 inter
663 4361 697 4404 se
726 4339 884 4404 differunt
906 4337 1044 4421 species,
1073 4340 1125 4404 vol
1178 4340 1270 4422 quusi
1292 4360 1357 4404 non
1380 4341 1431 4407 vel
1455 4339 1517 4406 boo
1544 4338 1704 4422 posteriue
1731 4341 1830 4404 etiam
1859 4361 1978 4407 coenae
2006 4340 2268 4425 quadret—³
2277 4326 2355 4396 θεν

150 4444 218 4489 non
235 4423 384 4507 proprias
404 4421 568 4502 adhibere,
588 4423 643 4489 sed
662 4432 790 4490 tantum
802 4423 1028 4491 accidentales.
1058 4425 1125 4489 Vo-
1178 4425 1340 4490 vel-sinat
1362 4426 1460 4491 Pauli
1481 4433 1668 4502 contextus,
1689 4425 1752 4502 ,ubi
1775 4427 1902 4508 parium
1923 4428 1962 4491 fit
1984 4426 2353 4513 compertu-⁶¹⁸·

150 4530 226 4575 rum
249 4509 310 4573 boc
329 4509 423 4573 nobis
451 4529 549 4592 quam
572 4510 692 4574 iniuste
720 4512 910 4593 exprobret,
938 4520 1126 4593 promptum
1178 4512 1232 4590 tio,
1254 4511 1291 4575 in
1313 4533 1380 4576 una
1400 4521 1494 4595 parte
1516 4533 1586 4576 rom
1608 4520 1640 4575 et
1663 4510 1835 4576 veritatem
1858 4513 1967 4591 locari,
1992 4513 2346 4583 inaltet-251³

150 4604 201 4661 est
222 4616 264 4658 ex
286 4594 377 4660 libris
404 4596 526 4660 uostris
551 4595 661 4678 palam
691 4596 805 4661 facere.
855 4598 905 4661 Ac
926 4599 1032 4680 primo
1055 4599 1126 4680 qui·
1178 4617 1310 4661 manere
1330 4599 1478 4682 figuram.
1529 4597 1639 4680 Negat
1658 4596 1876 4681 Westphalus
1894 4597 1934 4663 de
1954 4620 2088 4666 manna
2111 4618 2247 4669 vo
2268 4582 2341 4649 '⁰1

151 4679 226 4746 dem
248 4681 379 4760 inscite,
408 4681 461 4746 vel
484 4680 626 4765 maligno
648 4689 804 4764 tanquam
827 4683 980 4767 generale
1002 4684 1125 4766 arripit,
1178 4704 1264 4766 aqua
1287 4683 1411 4750 dictum
1439 4702 1522 4749 esse:
1557 4683 1630 4748 Hoc
1657 4692 1709 4747 ost
1735 4704 1853 4768 eorpus
1873 4706 2001 4763 meum,
2030 4685 2090 4754 hic
2113 4680 2333 4754 θεέ-Μ

154 4823 208 4829 Ἤ
220 4823 356 4829 --.ω
1177 4770 1311 4853 sanguis
1331 4791 1439 4835 meus:
1461 4770 1555 4852 quasi
1576 4790 1642 4833 non
1663 4768 1979 4836 tantundemvaleat
1996 4773 2088 4855 quod
2112 4760 2318 4838 ‹ffli-

222 4904 251 4970 1)
270 4904 704 4967 murmuratumque
722 4903 1127 4973 latiniqucmcatlici,laudanr
1177 4855 1222 4920 cit
1240 4855 1371 4934 Paulus,
1392 4863 1520 4937 petrem
1542 4856 1643 4919 fuisse
1665 4852 1845 4932 Christum,
1869 4855 1963 4940 quod,
1988 4866 2305 4944 utcunqtssc

152 4966 196 5025 llic
212 4979 294 5040 caput
311 4974 458 5028 secundum
471 4972 516 5041 cp.
536 4970 704 5041 chbtlipp.
723 4987 778 5026 aar.
798 4973 878 5026 unico
894 4973 1126 5041 sumpturi-itae·
1178 4940 1345 5024 ⁰b⁸¹³rel³³²t
1364 4941 1595 5042 Westphalu8,
1624 4940 1664 5040 d?
1691 4949 1826 5043 9¹w¹f¹¹9
1852 4943 1947 5026 Sigm'
1971 4945 2079 5027 awilfi
2101 4960 2289 5010 ¹²⁹⁶st

153 5038 235 5092 mona
250 5041 355 5108 pauco.
1178 5048 1267 5093 cesso
1296 5036 1465 5110 esuque
1490 5027 1709 5106 exhortationi
1738 5049 1874 5093 mmrme
1895 5039 2200 5097 mmenmneur-
2236 5048 2269 5096 ur

2311 2807 2337 2847 ὃ

2298 2972 2334 3013 Ι

2303 3084 2331 3108 ⁴

2288 3140 2332 3179 Ο

2282 3223 2331 3267 j

2276 3307 2332 3355 ..Ι

2276 3389 2332 3433 Ο

2266 3574 2336 3596 ,-

2261 3659 2338 3681 ‘-
