4598 5902
103 299 162 361 341
780 311 783 316 ’
829 303 892 369 ΑΒ
914 303 1129 372 FRATRES
1152 304 1378 375 POLONOS.
2034 320 2096 385 342

103 482 203 550 deret
248 488 357 570 Atque
379 487 426 551 ita
448 471 621 588 disentitnr
646 490 750 556 futilis
778 495 909 575 argutia
931 514 994 575 qua
1016 514 1073 558 ne-
1125 494 1315 581 minueres
1337 497 1455 580 spiritu
1477 520 1536 565 suo
1558 522 1687 587 semper
1711 504 1878 587 gubernet,
1906 515 2098 589 sanetosqne

100 571 196 638 bulas
218 593 392 657 aspergere
413 573 514 640 voluit
536 574 732 655 Stanoarus,
766 576 844 642 dum
877 578 977 644 iaetat
1008 601 1071 644 non
1124 589 1252 645 vestros
1280 581 1408 649 labores
1437 583 1615 653 benedioat
1668 588 1833 669 Genevae,
1856 595 1875 654 5
1897 589 1978 656 Idus
1998 591 2097 674 Iunii,

100 682 176 727 esse
196 670 451 729 eonsentaneum
472 669 510 726 ut
529 662 616 727 filius
635 662 697 726 Dei
719 661 897 730 seeundum
919 664 1073 729 divinite·
1128 669 1220 730 1560.

102 755 171 814 tem
193 750 237 813 eit
256 746 432 823 mediator,
463 749 540 831 quia
565 748 652 830 apud
675 770 710 813 se
730 749 952 815 intercederet
1000 751 1073 816 Etsi
1210 752 1363 817 Pastores
1385 761 1418 818 et
1440 754 1589 823 dootores
1610 759 1763 825 eeclesiae
1786 760 2001 842 Genevensis,
2031 764 2096 829 fra-

103 837 191 899 enim
214 832 326 899 eadem
350 835 456 900 estin
478 834 594 916 spiritu
618 844 731 900 saneto
754 857 836 917 quae
858 837 891 900 in
914 843 1006 919 patre
1024 834 1073 900 di·
1124 844 1192 902 tres
1214 838 1304 903 vobis
1326 840 1583 908 ooniunetissimi
1602 848 1623 925 Ι)

102 921 238 998 vinitas,
267 943 333 985 non
356 933 465 984 tamen
487 921 575 1003 apud
602 921 710 1003 ipsum
731 921 934 987 intercedere
956 921 1074 988 dieitur

103 1006 270 1085 Christus,
300 1007 356 1073 sed
379 1006 465 1089 apud
487 1016 614 1088 patrem
643 1008 760 1071 solum:
797 1009 874 1089 quia
896 1009 949 1072 hio
970 1008 1073 1092 respi-

99 1093 219 1159 oienda
241 1092 334 1159 nobis
356 1104 406 1157 est
428 1092 530 1158 divini
551 1092 685 1158 eonsilii·
700 1094 899 1171 oeconomia,
928 1115 995 1159 non
1015 1117 1072 1159 au-

100 1186 169 1244 tem
187 1181 335 1244 fraenum
358 1179 632 1262 speeulationibus
648 1180 766 1243 nostris
777 1179 965 1245 laxandum.
999 1180 1072 1247 Hae

101 1265 228 1331 ratione
251 1265 370 1330 dieitur
392 1263 544 1331 Christus
573 1265 724 1346 spiritum
751 1267 910 1329 missurus
939 1276 1072 1349 epatre

102 1371 162 1417 suo
187 1352 314 1427 (Ioann.
337 1355 385 1428 16,
405 1356 452 1428 7),
486 1358 524 1414 ut
551 1371 610 1434 per
643 1349 763 1434 gradus
790 1351 832 1414 ed
857 1362 984 1433 patrem
1012 1372 1072 1416 nos

101 1436 238 1502 attollat.
274 1437 424 1519 Denique
446 1437 508 1502 hae
530 1437 654 1501 ratione
676 1436 783 1500 tradet
794 1436 909 1500 ultimo
922 1435 974 1500 die
986 1437 1072 1502 filius

101 1543 242 1606 regnum
254 1523 325 1587 Deo
342 1531 376 1586 et
397 1524 483 1605 patri
506 1528 537 1597 (1
559 1523 632 1587 Gor.
656 1527 703 1597 15,
723 1522 794 1604 28):
818 1524 893 1604 quia
915 1532 994 1587 tune
1011 1524 1072 1586 im-

99 1606 251 1688 mediate,
276 1616 314 1673 ut
335 1608 382 1672 ita
402 1609 524 1691 loquar,
548 1609 846 1690 eonspieuusnobis
867 1608 1073 1706 eritgloriae

100 1692 166 1758 Dei
188 1702 223 1758 et
242 1694 347 1778 patris
365 1694 480 1777 fulgor,
509 1694 563 1776 qui
587 1716 673 1758 nuno
694 1694 727 1757 in
752 1693 893 1769 Christo,
916 1715 994 1759 viva
1015 1715 1074 1758 sua
1184 1777 1186 1783 Ι

99 1780 254 1864 imagine,
276 1789 420 1864 apparet.

187 1865 324 1931 Utinam
359 1865 412 1931 his
442 1875 616 1929 moveatur
643 1863 842 1930 Stanoarus:
877 1864 964 1946 quod
994 1874 1073 1929 tuno

100 1949 233 2016 demum
255 1952 323 2016 fore
346 1949 544 2034 sperandum
567 1964 625 2030 est,
647 1951 704 2016 ubi
715 1951 892 2034 ingenium,
916 1949 1000 2032 quod
1014 1972 1074 2014 sua

99 2037 247 2103 vanitate
268 2037 366 2102 nimis
387 2037 423 2101 in
446 2036 584 2101 sublime
606 2036 728 2102 elatum
751 2045 809 2114 est,
831 2036 1073 2104 admensuetu-

95 2121 210 2188 dinem
233 2130 267 2188 et
287 2122 478 2188 modestiam
503 2143 538 2186 se
559 2123 699 2187 flexerit.
731 2121 835 2187 Vobis
857 2121 998 2203 quidem,
1021 2122 1071 2185 in·

97 2210 267 2293 tegorrimi
288 2209 416 2286 fratres,
444 2208 646 2274 satisfaotum
666 2229 736 2273 esse
757 2206 957 2272 confidimus.
1003 2205 1072 2270 Do·

1431 944 1574 1010 loannes
1596 946 1762 1013 Calvinus.

1429 1029 1551 1095 Petrus
1574 1032 1719 1097 Viretus.

1431 1115 1628 1182 Franciseus
1651 1119 1868 1202 Bourgoinus.

1428 1201 1620 1268 Remondus
1643 1203 1808 1270 Oalvetus.

1431 1287 1624 1355 Theodorus
1647 1291 1740 1355 Bona.

1433 1372 1575 1438 Miehael
1598 1374 1716 1457 Copus.

1430 1456 1571 1524 Ioannes
1591 1461 1765 1526 Macarius.

1430 1540 1617 1609 Ludovieus
1638 1547 1780 1612 Enoous.

1431 1627 1627 1696 Franeiseus
1649 1632 1857 1698 Morellanus.

1431 1712 1585 1780 Nioolaus
1608 1716 1826 1784 Colladonius.

1432 1799 1598 1867 Antonius
1638 1802 1830 1869 Oevalerins
1870 1803 2000 1888 linguae
2038 1804 2096 1871 he·

1475 1884 1603 1951 braieae
1624 1889 1793 1969 professor.

1430 1970 1938 2059 FrancisoosBeraiduslinguae
1950 1995 2095 2059 graecae.

1430 2055 1572 2122 Ioannes
1594 2060 1774 2142 'Pagautius
1796 2061 1925 2126 artium.
2103 2065 2105 2069 ’

1193 2223 1222 2283 lt
1243 2223 1414 2294 Subscriptio
1431 2226 1498 2280 haee
1515 2232 1540 2280 et
1557 2230 1668 2283 aomina
1686 2231 1786 2286 obsum
1802 2233 1837 2286 eb
1855 2230 1914 2287 edd.
