4724 5886
205 289 312 358 XXX
789 282 1061 351 TRAOTA'PUS
1084 282 1620 354 ennonoelotfflnoans.

204 481 330 547 ieotura
352 500 394 543 er
414 478 487 561 ipsa
507 476 716 560 responsione
736 476 823 541 faeta
844 473 997 558 colligere
1018 494 1186 557 queamus.
1237 475 1323 541 Nam
1351 475 1421 559 ipse
1449 481 1590 540 aetatem
1617 496 1683 542 non
1705 476 1796 556 tulit;
1826 484 1914 543 uerte
1942 487 2072 545 nestros
2093 479 2205 548 oeulos

203 592 297 675 fugit,
321 609 427 673 neque
448 610 586 672 usquam
607 606 628 651 a
647 588 733 652 viris
750 585 852 653 deetis
874 587 1081 668 superiorum
1100 585 1304 652 saeenlorum
1326 586 1447 652 laetum
1468 587 1571 651 fnisse
1594 589 1819 672 eognovimus.

358 700 426 768 Sed
448 722 521 768 eene
542 707 672 784 praeter
693 706 833 782 quatuor
853 699 911 764 illa
932 696 1066 764 Oalvini
1087 704 1120 762 et
1142 698 1312 781 Anonymi
1331 699 1452 781 seripta
1472 698 1583 777 latina,
1608 698 1763 765 Oastellio
1786 699 1826 766 de
1847 700 1978 768 duobus
2001 701 2077 769 aliis
2097 703 2203 787 loqui-

206 822 262 880 tur
280 813 407 898 pollinis
427 814 546 896 quibus
566 813 710 896 primum
728 811 835 876 loenm
857 811 1011 894 assignat,
1034 808 1216 892 etquidem
1237 818 1306 875 tam
1326 809 1423 893 plane
1445 819 1478 875 et
1498 810 1700 893 perspieuea
1721 814 1958 879 reeentioribus
1980 812 2144 881 distinetis
2166 823 2204 881 ut

205 927 311 1010 magis
332 946 400 990 nen
427 925 544 1008 possit,
573 944 709 1007 quornm
738 921 840 987 altero
863 921 1040 987 Oalvinum
1068 920 1257 986 laoessitnm
1283 921 1443 1000 deelarat,
1473 921 1614 986 alterurn
1640 944 1721 988 vero
1748 922 1789 987 ab
1811 923 1996 990 eodem-illi
2018 929 2203 1011 oppositum

204 1039 314 1104 titisse.
358 1037 461 1103 (luins
484 1034 617 1119 quidem
639 1035 756 1100 titulus
777 1054 854 1100 eum
874 1033 972 1098 titulo
993 1033 1112 1116 prioris
1133 1032 1254 1097 latinae
1275 1033 1511 1116 Responsionis
1532 1035 1611 1098 satis
1633 1035 1801 1114 convenit,
1824 1036 1870 1099 ita
1898 1042 1936 1100 ut
1961 1036 2056 1102 faoile
2084 1037 2203 1122 aliquis

206 1150 365 1233 suspirari
386 1155 513 1232 posset,v
527 1148 666 1214 alterum
688 1145 824 1211 alterius
846 1144 1030 1210 versionem
1051 1144 1150 1209 fuisse
1172 1151 1205 1209 et
1225 1143 1461 1210 Oastellionem
1482 1146 1588 1228 speeie
1606 1145 1792 1228 'deceptum
1805 1145 1871 1212 due
1898 1148 2012 1214 feeiese
2032 1170 2074 1215 ex
2094 1150 2200 1216 nnioo.

205 1260 332 1326 Verum
354 1281 407 1327 res
429 1261 525 1325 aliter
546 1259 653 1325 habet.
699 1255 793 1338 Quae
814 1257 902 1322 enim
923 1255 979 1320 ille
1001 1254 1041 1321 de
1063 1254 1173 1321 libello
1185 1254 1315 1321 Oalvini
1336 1256 1453 1340 galline
1474 1258 1596 1340 passim
1618 1255 1771 1341 deoerpta
1793 1257 1894 1322 tradit
1914 1261 2047 1325 omnino
2068 1261 2105 1325 in
2125 1281 2203 1327 nos·

205 1380 294 1438 tram
314 1373 452 1438 latinam
473 1371 732 1455 Responsienem
753 1390 819 1434 non
842 1367 971 1446 eadunt,
994 1370 1029 1433 in
1051 1388 1115 1450 qua
1137 1356 1345 1433 (lastellionis
1367 1389 1487 1433 nomen
1510 1387 1672 1451 nusquam
1692 1377 1836 1452 apparet,
1859 1371 1895 1434 in
1912 1370 2029 1454 gallieo
2050 1393 2129 1438 vero
2151 1373 2202 1438 di-

205 1493 291 1551 serte
312 1483 542 1567 oompellatum
565 1482 696 1559 dieitur;
726 1480 932 1547 adversarius
954 1480 989 1544 in
1011 1479 1072 1544 hoe
1095 1480 1185 1544 octies
1206 1479 1377 1545 nebulonis
1399 1478 1577 1565 (boeium)
1600 1479 1694 1544 titulo
1715 1487 1865 1559 ornatus,
1895 1503 1959 1565 que
1987 1482 2091 1567 elogio
2119 1505 2201 1549 eun·

204 1596 280 1662 dem
302 1617 369 1660 non
393 1596 457 1661 nisi
479 1601 594 1679 qnater
614 1596 651 1659 in
672 1595 774 1658 latino
795 1593 1000 1675 inorepatum
1022 1591 1179 1657 videmus.
1231 1590 1342 1655 Etiam
1364 1590 1472 1673 quoad
1493 1597 1621 1657 eaetera
1643 1593 1804 1671 eonvicia,
1833 1614 1972 1675 querum
1993 1594 2200 1678 splendidam

204 1709 330 1791 eopiam
353 1708 524 1790 utrobique
546 1706 662 1772 talium
684 1705 829 1772 curiosus
850 1704 969 1787 aliquis
991 1711 1215 1770 eoaoervatam
1238 1702 1392 1780 inveniet,
1414 1702 1502 1767 inter
1522 1723 1560 1767 ea
1581 1723 1664 1786 quae
1687 1702 1842 1769 Castellio
1862 1713 2033 1771 enumerat
2062 1717 2095 1773 et
2117 1728 2200 1792 quae

203 1819 306 1886 latina
327 1820 509 1902 Responsio
531 1818 665 1902 praebet
686 1816 830 1900 aliquam
851 1815 1089 1892 diversitatem,
1119 1834 1184 1878 non
1212 1812 1322 1879 herele
1350 1813 1379 1878 si
1400 1813 1597 1897 elegantiam
1624 1823 1659 1879 et
1678 1814 1917 1882 humanitatem
1938 1820 2121 1908 respexerit
2142 1819 2201 1885 sed

203 1931 240 1996 in
261 1930 387 2000 deleotn
409 1928 642 1996 venabulorum
664 1929 871 2011 oonspiouam
893 1925 1121 2010 deprehendet.
1167 1929 1276 2007 Atque
1305 1925 1341 1989 in
1360 1925 1412 1988 his
1441 1927 1592 1991 omnibus
1613 1927 1701 1991 inter
1722 1927 1940 2012 arohetypum
1960 1931 2200 2014 Responsionis

203 2044 340 2109 latinum
363 2041 572 2124 eiusdemque
593 2040 779 2105 versionem
800 2039 952 2124 gallinam
974 2058 1071 2121 quam
1092 2038 1180 2102 Bene
1200 2036 1382 2102 eolleetioni
1404 2046 1617 2120 suae'postea
1646 2040 1785 2105 inseruit
1806 2038 1995 2124 plenissima
2016 2050 2050 2105 et
2071 2043 2200 2109 absolu-

204 2156 331 2221 tissima
352 2154 516 2237 reperitur
537 2151 774 2218 eonvenientia.

356 2264 482 2347 Itaque,
506 2263 586 2328 dum
609 2262 743 2328 meliora
765 2261 968 2338 edoeeamur,
992 2262 1077 2326 hane
1100 2261 1158 2326 tibi
1180 2261 1392 2344 proponimus
1414 2281 1526 2325 rerum
1548 2270 1714 2345 gestarum
1736 2261 2003 2331 delineationem:
2026 2267 2106 2333 'Pria
2122 2270 2200 2335 sub·

203 2377 281 2443 inde
303 2376 458 2462 opuscula
475 2376 511 2439 in
532 2374 683 2438 notitiem
706 2372 836 2439 Calvini
858 2380 1020 2437 venerunt
1041 2373 1145 2456 ipsius
1166 2372 1350 2438 doctrinam
1372 2371 1413 2436 de
1435 2372 1733 2455 praedestinatione
1753 2375 1998 2459 impugnantia,
2024 2377 2089 2445 due
2111 2382 2199 2467 typis

203 2489 374 2572 descripta,
398 2487 537 2552 alterum
560 2485 722 2569 gallicum,
746 2484 886 2549 altorum
907 2484 1063 2564 latinum3
1087 2483 1227 2567 denique
1249 2483 1383 2549 tertium
1404 2483 1517 2549 itidem
1539 2483 1678 2549 latinum
1690 2485 1749 2551 sed
1770 2507 1871 2550 manu
1893 2487 2061 2570 seriptum.
2094 2492 2200 2556 Auto-

203 2617 273 2666 rem
301 2600 449 2664 omnium
477 2595 704 2681 suspieabatur
723 2595 964 2662 Castellionem.
1016 2595 1070 2660 Ad
1099 2595 1230 2679 singula
1256 2595 1350 2660 nulla
1376 2594 1597 2662 interoedente
1623 2617 1715 2661 mora
1742 2597 1925 2679 respondit,
1954 2600 2140 2683 etquidem
2170 2625 2198 2668 a

206 2716 287 2775 1557
311 2711 455 2795 primum
477 2709 592 2794 galline
614 2707 656 2774 ad
677 2708 846 2793 gallinam,
875 2716 946 2773 tum
968 2707 1069 2772 latine
1091 2707 1132 2773 ad
1154 2707 1311 2786 latinum,
1344 2708 1457 2790 paneis
1486 2708 1622 2792 pagellis
1651 2714 1685 2773 et
1711 2709 1790 2774 satis
1819 2700 1983 2790 ἀποτόμως
2009 2719 2043 2775 et
2068 2733 2138 2778 rem
2166 2720 2200 2778 et

204 2830 351 2888 autorem
372 2822 554 2887 eonfioiens.
599 2820 652 2886 Ad
674 2821 808 2886 tertium
830 2820 926 2904 paulo
943 2820 1047 2885 funins
1065 2820 1199 2885 ineunte
1220 2838 1307 2883 anno
1332 2821 1423 2898 1558,
1445 2819 1494 2884 ita
1514 2818 1647 2903 quidem
1669 2826 1708 2884 ut
1728 2819 1908 2886 adversarii
1930 2823 2094 2904 articulos,
2116 2843 2200 2891 non·

204 2934 283 3000 dum
303 2932 417 3009 editos,
440 2954 519 2998 suae
541 2932 756 2998 confutationi
776 2931 1010 3014 praemitteret.
1060 2931 1175 2997 Prima
1196 2929 1328 2996 Galvini
1357 2929 1550 3014 disputatio,
1579 2940 1624 2994 et*
1639 2929 1723 2996 duae
1752 2932 1876 3014 priores
1904 2935 2074 3021 Anonymi
2103 2936 2199 3004 hodia

204 3044 390 3129 deperditae
411 3051 497 3110 sunt.
542 3043 719 3127 Triplieem
740 3044 901 3127 impetum
922 3043 1020 3108 unioa
1040 3063 1101 3107 sua
1122 3041 1310 3108 defensione
1332 3042 1456 3126 repulit
1477 3041 1634 3108 Oastellie
1657 3064 1768 3109 mense
1790 3044 1880 3109 Maio
1901 3045 2109 3130 insequente;
2141 3047 2199 3114 sed

204 3165 379 3240 antequam
401 3155 521 3234 ederet,
541 3155 639 3219 allata
661 3176 746 3220 nova
766 3156 873 3220 Besae
895 3153 1035 3220 diatribe
1057 3154 1270 3237 appendioem
1291 3152 1417 3218 addidit
1444 3160 1478 3218 et
1498 3153 1632 3220 tandem
1654 3176 1765 3221 mense
1787 3153 1981 3240 Septembre
2003 3160 2050 3225 sie
2070 3166 2200 3225 suetam

203 3269 320 3335 emisit.
365 3267 405 3332 In
429 3265 545 3349 quibus
567 3267 613 3331 ita
635 3264 869 3331 constituendis
891 3266 1060 3331 nobiseum
1081 3264 1158 3331 faoit
1179 3266 1231 3331 vir
1253 3264 1457 3339 doetissimus
1479 3265 1712 3332 Ferdinandus
1732 3267 1891 3347 Bn'isson,
1921 3270 2085 3352 professor
2112 3271 2200 3336 Nee-

203 3380 379 3457 oomensis,
406 3379 498 3443 euius
525 3377 639 3442 Vitam
668 3376 877 3442 castellionis
910 3377 1025 3460 eupide
1059 3376 1183 3442 dudum
1216 3385 1457 3461 exspeetamns,
1486 3378 1618 3444 interim
1654 3380 1724 3444 eius
1757 3379 1945 3461 opinionem
1971 3382 2201 3465 expetentibus

204 3491 285 3557 haee
305 3493 378 3574 ipsa
399 3490 466 3556 fere
488 3489 662 3573 professus,
686 3490 721 3553 in
743 3489 859 3572 quibus
882 3489 1000 3573 stipsi
1022 3487 1121 3572 probe
1143 3488 1564 3555 consideratoantellionis
1586 3491 1771 3556 testimonio
1793 3492 2037 3558 subsistendum
2056 3515 2127 3560 esse
2149 3516 2202 3560 ar·

204 3602 374 3668 bitramur.

357 3712 410 3779 De
432 3712 567 3792 daphne,
591 3732 673 3796 qnae
695 3713 765 3777 sola
785 3720 976 3797 supersunt,
1005 3712 1135 3777 Calvini
1165 3712 1328 3795 opuseulis
1351 3712 1496 3796 primum
1523 3711 1617 3779 editis
1648 3714 1728 3778 haee
1756 3715 1873 3797 aeeipe.
1923 3717 2053 3783 Titulus
2075 3719 2201 3801 prieris,

183 3827 292 3912 'qnod
312 3825 347 3889 in
369 3833 481 3890 nostra
503 3827 648 3909 ipsorum
665 3823 861 3889 bibliotheea
883 3832 998 3903 exstat,
1019 3822 1073 3890 hio
1095 3832 1160 3888 est:

380 4015 511 4070 nenne
540 3991 545 4096 Ι
572 3991 912 4078 RESPONSIO
941 3998 946 4102 Ι
974 4002 1166 4070 romeus
1184 4004 1293 4069 osn-
1313 4003 1318 4089 ι
1337 4014 1422 4084 vnn,
1442 4009 1447 4081 ι
1466 4003 1531 4069 nn
1560 4004 1834 4072 nmvannss
1857 4007 1999 4071 resv—
2039 4000 2045 4104 Ι
2093 3993 2202 4079 lonis

206 4129 424 4214 euiusdam
455 4129 698 4238 calumniae,
730 4131 883 4241 quibus
911 4146 917 4239 Ι
945 4129 1178 4214 doctrinam
1210 4129 1263 4212 de
1294 4139 1466 4212 aeterna
1495 4130 1580 4213 Dei
1609 4130 1796 4215 Praeda-
1824 4139 1839 4241 Ι
1858 4131 2082 4216 stinatione
2112 4134 2203 4218 foe-

208 4268 308 4350 dare
334 4276 508 4349 conatus
543 4277 618 4349 esd.
647 4274 653 4378 Ι
680 4289 766 4344 ROM.
788 4290 835 4344 IX.
861 4278 866 4359 Ι
889 4285 1008 4341 omno
1026 4293 1057 4341 tu
1073 4288 1135 4356 que
1151 4302 1180 4340 es
1197 4289 1247 4356 qui
1261 4303 1295 4341 ea·
1313 4287 1429 4342 adosrm
1448 4287 1696 4354 responaens?
1734 4288 1810 4343 Num
1833 4289 1918 4355 ds'eitl
1935 4289 2089 4358 &meam
2112 4291 2138 4344 et
2154 4292 2204 4360 que·

199 4396 293 4466 fissit,
313 4396 369 4452 oto
384 4413 426 4450 me
441 4398 551 4464 firmati
567 4396 606 4451 ad
622 4397 694 4452 bunc
711 4397 852 4465 modum?{
867 4397 1026 4469 (Emblemal
1044 4389 1049 4475 Ι
1068 4389 1279 4456 EXGVDI'P
1301 4388 1559 4469 ORISPINVS,
1579 4394 1584 4476 Ι
1605 4392 1651 4456 Μ.
1674 4393 1716 4457 Ι).
1739 4390 1849 4456 LVII.

357 4500 480 4565 Forma
501 4501 665 4565 eetonaria
686 4502 801 4567 minor.
847 4501 1086 4584 Quaternienes
1108 4503 1172 4567 duo
1194 4502 1317 4587 (a-b).
1368 4502 1455 4585 Typi
1477 4504 1598 4568 oursivi
1619 4504 1767 4567 maiores.
1812 4503 1959 4588 Paginae
1982 4509 2022 4569 27
2046 4527 2201 4573 numera·

204 4619 267 4678 tae.
311 4612 444 4676 Folium
469 4611 621 4676 ultimum
649 4635 797 4678 vaenum.
850 4614 1076 4679 Pennltimnm
1103 4613 1264 4680 emblema
1292 4614 1380 4679 tith
1409 4614 1524 4678 maiori
1551 4615 1656 4678 forma
1683 4634 1875 4697 expressum
1902 4617 2051 4697 exhibet,
2077 4618 2201 4684 soilioat

205 4724 382 4791 anehoram
404 4745 477 4790 eum
499 4731 651 4808 serpente
673 4724 792 4789 additis
813 4726 917 4791 literis
938 4727 964 4791 Ι.
985 4727 1023 4792 0.
1464 4779 1472 4795 .

359 4834 470 4901 Habet
491 4836 544 4901 hie
566 4835 649 4901 liber
669 4835 731 4901 hoe
754 4836 918 4919 peonliare
940 4838 1025 4921 quod
1048 4848 1142 4904 autor
1165 4835 1354 4903 deOalvino
1376 4839 1468 4921 quasi
1490 4837 1530 4902 de
1551 4837 1648 4902 tertia
1669 4837 1777 4920 aliqua
1798 4860 1937 4921 persona
1958 4849 2069 4924 (quam
2089 4863 2201 4926 gram·

205 4947 317 5013 matiei
339 4945 473 5029 venant)
496 4948 617 5029 ubique
638 4948 805 5031 loquatur,
832 4970 933 5031 quum
955 4955 1066 5014 tamen
1083 4950 1153 5014 eius
1174 4968 1293 5013 nomen
1321 4949 1357 5012 in
1380 4949 1450 5031 ipse
1472 4949 1567 5014 titulo
1599 4947 1720 5015 diserte
1748 4959 1787 5015 ut
1813 4953 1978 5035 scriptoris
2000 4951 2200 5020 deelaratum

205 5057 313 5122 riserit.
358 5056 455 5139 Quod
476 5059 642 5125 nonnullis
663 5060 770 5125 t'raudi
792 5060 893 5127 fuisse
915 5061 1054 5139 videtur,
1082 5062 1170 5126 inter
1192 5059 1272 5125 alios
1293 5060 1445 5127 Musenlo
1467 5061 1522 5145 qui
1544 5058 1573 5124 d.
1598 5064 1649 5125 29.
1671 5060 1802 5127 Ianuar.
1829 5067 1908 5128 1668
1931 5062 2012 5128 haee
2033 5063 2075 5130 ad
2097 5064 2200 5130 Blau-

206 5188 318 5232 rerum
340 5168 468 5234 soribit:
499 5170 576 5256 Lepi
598 5171 735 5238 libellum
761 5174 882 5238 nemine
906 5170 1031 5237 canat
1059 5176 1164 5236 conto
1190 5173 1484 5254 praedestinationis
1507 5173 1635 5240 divinae
1661 5175 1893 5261 improperatores
1920 5175 2050 5254 editum,
2078 5177 2114 5241 ia
2138 5196 2201 5259 peso
