<?xml version="1.0" encoding="UTF-8"?>
<!DOCTYPE html PUBLIC "-//W3C//DTD XHTML 1.0 Transitional//EN"
    "http://www.w3.org/TR/xhtml1/DTD/xhtml1-transitional.dtd">
<html xmlns="http://www.w3.org/1999/xhtml" xml:lang="en" lang="en">
 <head>
  <title>
</title>
<meta http-equiv="Content-Type" content="text/html;charset=utf-8" />
  <meta name='ocr-system' content='tesseract 3.04.00' />
  <meta name='ocr-capabilities' content='ocr_page ocr_carea ocr_par ocr_line ocrx_word'/>
</head>
<body>
  <div class='ocr_page' id='page_1' title='image "./ioanniscalvinio01reusgoog_0330.png"; bbox 0 0 4620 5828; ppageno 0'>
   <div class='ocr_carea' id='block_1_1' title="bbox 89 202 2093 314">
    <p class='ocr_par' dir='ltr' id='par_1_1' title="bbox 89 202 2093 314">
     <span class='ocr_line' id='line_1_1' title="bbox 89 202 2093 314; baseline -0.001 -1"><span class='ocrx_word' id='word_1_1' title='bbox 89 253 150 314; x_wconf 79' lang='lat' dir='ltr'>ees</span> <span class='ocrx_word' id='word_1_2' title='bbox 846 239 912 307; x_wconf 79' lang='grc'>10</span> <span class='ocrx_word' id='word_1_3' title='bbox 935 236 1165 308; x_wconf 79' lang='grc'><strong>0000000</strong></span> <span class='ocrx_word' id='word_1_4' title='bbox 1187 242 1421 310; x_wconf 80' lang='grc'><strong>00000001.</strong></span> <span class='ocrx_word' id='word_1_5' title='bbox 1737 202 1741 211; x_wconf 77' lang='grc'><strong>’</strong></span> <span class='ocrx_word' id='word_1_6' title='bbox 2027 248 2093 311; x_wconf 77' lang='grc'>000</span> 
     </span>
    </p>
   </div>
   <div class='ocr_carea' id='block_1_2' title="bbox 23 424 2158 5237">
    <p class='ocr_par' dir='ltr' id='par_1_2' title="bbox 23 424 2158 5237">
     <span class='ocr_line' id='line_1_2' title="bbox 88 424 2094 517; baseline -0 -18"><span class='ocrx_word' id='word_1_7' title='bbox 88 432 214 504; x_wconf 80' lang='lat' dir='ltr'>Audivi</span> <span class='ocrx_word' id='word_1_8' title='bbox 240 431 374 516; x_wconf 87' lang='lat' dir='ltr'>qnidam</span> <span class='ocrx_word' id='word_1_9' title='bbox 401 433 550 511; x_wconf 70' lang='grc'><strong>[00010]</strong></span> <span class='ocrx_word' id='word_1_10' title='bbox 573 426 776 494; x_wconf 85' lang='lat' dir='ltr'>Balduinum</span> <span class='ocrx_word' id='word_1_11' title='bbox 801 424 932 511; x_wconf 89' lang='lat' dir='ltr'>aliquid·</span> <span class='ocrx_word' id='word_1_12' title='bbox 951 433 1066 493; x_wconf 87' lang='grc'><strong>000100</strong></span> <span class='ocrx_word' id='word_1_13' title='bbox 1116 430 1270 497; x_wconf 86' lang='lat' dir='ltr'>scelestae</span> <span class='ocrx_word' id='word_1_14' title='bbox 1288 431 1541 517; x_wconf 63' lang='lat' dir='ltr'><strong>conspirationis</strong></span> <span class='ocrx_word' id='word_1_15' title='bbox 1562 445 1596 496; x_wconf 93' lang='lat' dir='ltr'>et</span> <span class='ocrx_word' id='word_1_16' title='bbox 1612 430 1746 506; x_wconf 84' lang='grc'><strong>0010011</strong></span> <span class='ocrx_word' id='word_1_17' title='bbox 1763 431 1914 516; x_wconf 75' lang='lat' dir='ltr'>colloquii</span> <span class='ocrx_word' id='word_1_18' title='bbox 1934 433 2094 498; x_wconf 89' lang='lat' dir='ltr'>memoria</span> 
     </span>
     <span class='ocr_line' id='line_1_3' title="bbox 88 512 2093 600; baseline -0.001 -15"><span class='ocrx_word' id='word_1_19' title='bbox 88 520 295 586; x_wconf 86' lang='lat' dir='ltr'>blatterasse:</span> <span class='ocrx_word' id='word_1_20' title='bbox 319 515 376 582; x_wconf 91' lang='lat' dir='ltr'>sed</span> <span class='ocrx_word' id='word_1_21' title='bbox 393 517 461 594; x_wconf 93' lang='lat' dir='ltr'>risi,</span> <span class='ocrx_word' id='word_1_22' title='bbox 484 523 522 579; x_wconf 93' lang='lat' dir='ltr'>ut</span> <span class='ocrx_word' id='word_1_23' title='bbox 537 514 663 580; x_wconf 85' lang='lat' dir='ltr'>licebat</span> <span class='ocrx_word' id='word_1_24' title='bbox 682 512 778 579; x_wconf 76' lang='lat' dir='ltr'>adeo</span> <span class='ocrx_word' id='word_1_25' title='bbox 795 520 1066 579; x_wconf 88' lang='lat' dir='ltr'>veroocmmotus</span> <span class='ocrx_word' id='word_1_26' title='bbox 1116 516 1308 598; x_wconf 89' lang='lat' dir='ltr'>ex·piorum</span> <span class='ocrx_word' id='word_1_27' title='bbox 1329 515 1480 583; x_wconf 91' lang='lat' dir='ltr'>cordibus</span> <span class='ocrx_word' id='word_1_28' title='bbox 1501 516 1604 584; x_wconf 87' lang='lat' dir='ltr'>deleri</span> <span class='ocrx_word' id='word_1_29' title='bbox 1626 523 1726 600; x_wconf 88' lang='lat' dir='ltr'>queat</span> <span class='ocrx_word' id='word_1_30' title='bbox 1748 516 1900 583; x_wconf 90' lang='grc'><strong>00010010</strong></span> <span class='ocrx_word' id='word_1_31' title='bbox 1923 520 2001 585; x_wconf 89' lang='grc'><strong>0100.</strong></span> <span class='ocrx_word' id='word_1_32' title='bbox 2044 518 2093 585; x_wconf 90' lang='lat' dir='ltr'>Ut</span> 
     </span>
     <span class='ocr_line' id='line_1_4' title="bbox 88 596 2093 687; baseline -0 -17"><span class='ocrx_word' id='word_1_33' title='bbox 88 624 262 684; x_wconf 89' lang='grc'><strong>0000000,</strong></span> <span class='ocrx_word' id='word_1_34' title='bbox 290 611 405 668; x_wconf 88' lang='grc'><strong>01100</strong></span> <span class='ocrx_word' id='word_1_35' title='bbox 434 599 629 668; x_wconf 76' lang='lat' dir='ltr'>insulsitatis</span> <span class='ocrx_word' id='word_1_36' title='bbox 661 599 732 665; x_wconf 92' lang='lat' dir='ltr'>eius</span> <span class='ocrx_word' id='word_1_37' title='bbox 757 599 909 684; x_wconf 89' lang='lat' dir='ltr'>piguerit.</span> <span class='ocrx_word' id='word_1_38' title='bbox 955 596 1066 679; x_wconf 84' lang='lat' dir='ltr'>Quare</span> <span class='ocrx_word' id='word_1_39' title='bbox 1115 600 1205 667; x_wconf 90' lang='grc'><strong>00101</strong></span> <span class='ocrx_word' id='word_1_40' title='bbox 1226 600 1362 667; x_wconf 78' lang='lat' dir='ltr'>nebulas</span> <span class='ocrx_word' id='word_1_41' title='bbox 1383 602 1508 681; x_wconf 88' lang='lat' dir='ltr'>elevet,</span> <span class='ocrx_word' id='word_1_42' title='bbox 1521 622 1691 687; x_wconf 91' lang='lat' dir='ltr'>nunquam</span> <span class='ocrx_word' id='word_1_43' title='bbox 1712 602 1947 669; x_wconf 79' lang='lat' dir='ltr'>obliviscentur</span> <span class='ocrx_word' id='word_1_44' title='bbox 1966 602 2093 670; x_wconf 89' lang='lat' dir='ltr'>cordati</span> 
     </span>
     <span class='ocr_line' id='line_1_5' title="bbox 88 683 2100 771; baseline -0 -14"><span class='ocrx_word' id='word_1_45' title='bbox 88 690 175 757; x_wconf 88' lang='lat' dir='ltr'>male</span> <span class='ocrx_word' id='word_1_46' title='bbox 202 689 329 756; x_wconf 91' lang='lat' dir='ltr'>divinat</span> <span class='ocrx_word' id='word_1_47' title='bbox 355 687 442 753; x_wconf 89' lang='lat' dir='ltr'>hano</span> <span class='ocrx_word' id='word_1_48' title='bbox 469 685 552 751; x_wconf 91' lang='lat' dir='ltr'>mihi</span> <span class='ocrx_word' id='word_1_49' title='bbox 579 684 767 752; x_wconf 72' lang='lat' dir='ltr'>iracundiae</span> <span class='ocrx_word' id='word_1_50' title='bbox 793 685 894 750; x_wconf 88' lang='lat' dir='ltr'>fuisse</span> <span class='ocrx_word' id='word_1_51' title='bbox 920 704 1066 751; x_wconf 88' lang='lat' dir='ltr'>causam.</span> <span class='ocrx_word' id='word_1_52' title='bbox 1116 685 1274 767; x_wconf 89' lang='lat' dir='ltr'>hemines,</span> <span class='ocrx_word' id='word_1_53' title='bbox 1297 686 1375 752; x_wconf 93' lang='lat' dir='ltr'>dum</span> <span class='ocrx_word' id='word_1_54' title='bbox 1398 688 1550 771; x_wconf 85' lang='lat' dir='ltr'>captiosis</span> <span class='ocrx_word' id='word_1_55' title='bbox 1572 691 1639 754; x_wconf 88' lang='lat' dir='ltr'>suis</span> <span class='ocrx_word' id='word_1_56' title='bbox 1667 689 1791 754; x_wconf 85' lang='lat' dir='ltr'>artibus</span> <span class='ocrx_word' id='word_1_57' title='bbox 1818 688 1860 753; x_wconf 92' lang='lat' dir='ltr'>ad</span> <span class='ocrx_word' id='word_1_58' title='bbox 1886 683 2100 756; x_wconf 85' lang='lat' dir='ltr'>meritorium</span> 
     </span>
     <span class='ocr_line' id='line_1_6' title="bbox 128 768 2003 858; baseline -0.001 -17"><span class='ocrx_word' id='word_1_59' title='bbox 128 794 132 801; x_wconf 84' lang='lat'>·</span> <span class='ocrx_word' id='word_1_60' title='bbox 173 774 409 858; x_wconf 79' lang='lat' dir='ltr'>Intempestive</span> <span class='ocrx_word' id='word_1_61' title='bbox 426 786 552 856; x_wconf 88' lang='lat' dir='ltr'>quoque</span> <span class='ocrx_word' id='word_1_62' title='bbox 568 771 705 837; x_wconf 87' lang='grc'><strong>01100000</strong></span> <span class='ocrx_word' id='word_1_63' title='bbox 721 771 877 854; x_wconf 90' lang='lat' dir='ltr'>assignat,</span> <span class='ocrx_word' id='word_1_64' title='bbox 894 768 980 852; x_wconf 91' lang='lat' dir='ltr'>quod</span> <span class='ocrx_word' id='word_1_65' title='bbox 996 770 1066 835; x_wconf 91' lang='lat' dir='ltr'>exi·</span> <span class='ocrx_word' id='word_1_66' title='bbox 1116 783 1287 855; x_wconf 90' lang='lat' dir='ltr'>quaestum</span> <span class='ocrx_word' id='word_1_67' title='bbox 1299 773 1412 854; x_wconf 90' lang='lat' dir='ltr'>fertur,</span> <span class='ocrx_word' id='word_1_68' title='bbox 1432 795 1490 858; x_wconf 92' lang='lat' dir='ltr'>per</span> <span class='ocrx_word' id='word_1_69' title='bbox 1503 796 1577 839; x_wconf 92' lang='lat' dir='ltr'>eum</span> <span class='ocrx_word' id='word_1_70' title='bbox 1590 794 1656 839; x_wconf 92' lang='grc'>000</span> <span class='ocrx_word' id='word_1_71' title='bbox 1668 776 1806 853; x_wconf 90' lang='lat' dir='ltr'>stetisse,</span> <span class='ocrx_word' id='word_1_72' title='bbox 1818 795 1881 858; x_wconf 88' lang='lat' dir='ltr'>quo</span> <span class='ocrx_word' id='word_1_73' title='bbox 1891 776 2003 841; x_wconf 88' lang='lat' dir='ltr'>miuus</span> 
     </span>
     <span class='ocr_line' id='line_1_7' title="bbox 89 798 2093 955; baseline -0 -27"><span class='ocrx_word' id='word_1_74' title='bbox 89 863 203 928; x_wconf 89' lang='lat' dir='ltr'>stimet</span> <span class='ocrx_word' id='word_1_75' title='bbox 221 858 407 928; x_wconf 88' lang='lat' dir='ltr'>habendam</span> <span class='ocrx_word' id='word_1_76' title='bbox 429 877 501 924; x_wconf 90' lang='lat' dir='ltr'>esse</span> <span class='ocrx_word' id='word_1_77' title='bbox 518 857 679 923; x_wconf 86' lang='lat' dir='ltr'>rationem</span> <span class='ocrx_word' id='word_1_78' title='bbox 696 855 945 955; x_wconf 80' lang='lat' dir='ltr'>antiquitatisin</span> <span class='ocrx_word' id='word_1_79' title='bbox 956 876 1068 955; x_wconf 51' lang='lat' dir='ltr'>caere*</span> <span class='ocrx_word' id='word_1_80' title='bbox 1116 859 1169 924; x_wconf 89' lang='grc'>010</span> <span class='ocrx_word' id='word_1_81' title='bbox 1183 859 1282 943; x_wconf 90' lang='lat' dir='ltr'>plaga</span> <span class='ocrx_word' id='word_1_82' title='bbox 1303 860 1508 944; x_wconf 87' lang='lat' dir='ltr'>infligeretur</span> <span class='ocrx_word' id='word_1_83' title='bbox 1519 859 1667 925; x_wconf 77' lang='lat' dir='ltr'>Gallicae</span> <span class='ocrx_word' id='word_1_84' title='bbox 1685 861 1846 926; x_wconf 90' lang='lat' dir='ltr'>ecclesiae.</span> <span class='ocrx_word' id='word_1_85' title='bbox 1876 859 1988 942; x_wconf 77' lang='lat' dir='ltr'>Quare</span> <span class='ocrx_word' id='word_1_86' title='bbox 2006 798 2093 927; x_wconf 55' lang='lat' dir='ltr'>disl-</span> 
     </span>
     <span class='ocr_line' id='line_1_8' title="bbox 88 941 2092 1027; baseline -0.001 -13"><span class='ocrx_word' id='word_1_87' title='bbox 88 948 208 1014; x_wconf 90' lang='lat' dir='ltr'>moniis</span> <span class='ocrx_word' id='word_1_88' title='bbox 235 945 397 1012; x_wconf 87' lang='lat' dir='ltr'>ecclesiae.</span> <span class='ocrx_word' id='word_1_89' title='bbox 449 941 517 1009; x_wconf 82' lang='lat' dir='ltr'>Sed</span> <span class='ocrx_word' id='word_1_90' title='bbox 542 942 673 1027; x_wconf 92' lang='lat' dir='ltr'>quando</span> <span class='ocrx_word' id='word_1_91' title='bbox 700 941 835 1007; x_wconf 89' lang='lat' dir='ltr'>tandem</span> <span class='ocrx_word' id='word_1_92' title='bbox 862 949 1065 1024; x_wconf 71' lang='lat' dir='ltr'>antiquarius</span> <span class='ocrx_word' id='word_1_93' title='bbox 1116 952 1176 1008; x_wconf 89' lang='lat' dir='ltr'>nat</span> <span class='ocrx_word' id='word_1_94' title='bbox 1192 945 1324 1027; x_wconf 89' lang='lat' dir='ltr'>patroni</span> <span class='ocrx_word' id='word_1_95' title='bbox 1341 967 1460 1010; x_wconf 90' lang='lat' dir='ltr'>nomen</span> <span class='ocrx_word' id='word_1_96' title='bbox 1471 944 1657 1024; x_wconf 87' lang='lat' dir='ltr'>obtendero,</span> <span class='ocrx_word' id='word_1_97' title='bbox 1675 966 1695 1010; x_wconf 92' lang='lat' dir='ltr'>a</span> <span class='ocrx_word' id='word_1_98' title='bbox 1710 947 1802 1011; x_wconf 91' lang='lat' dir='ltr'>ouius</span> <span class='ocrx_word' id='word_1_99' title='bbox 1814 947 1973 1027; x_wconf 89' lang='lat' dir='ltr'>clientela,</span> <span class='ocrx_word' id='word_1_100' title='bbox 1992 946 2092 1013; x_wconf 89' lang='lat' dir='ltr'>simul</span> 
     </span>
     <span class='ocr_line' id='line_1_9' title="bbox 89 1025 2092 1117; baseline 0 -20"><span class='ocrx_word' id='word_1_101' title='bbox 89 1054 161 1100; x_wconf 68' lang='lat' dir='ltr'>eme</span> <span class='ocrx_word' id='word_1_102' title='bbox 181 1030 308 1117; x_wconf 85' lang='lat' dir='ltr'>eoepit?</span> <span class='ocrx_word' id='word_1_103' title='bbox 330 1029 428 1095; x_wconf 85' lang='lat' dir='ltr'>Vixit</span> <span class='ocrx_word' id='word_1_104' title='bbox 446 1027 534 1111; x_wconf 91' lang='lat' dir='ltr'>apud</span> <span class='ocrx_word' id='word_1_105' title='bbox 555 1049 610 1093; x_wconf 92' lang='lat' dir='ltr'>me</span> <span class='ocrx_word' id='word_1_106' title='bbox 622 1027 839 1093; x_wconf 77' lang='lat' dir='ltr'>familiariter:</span> <span class='ocrx_word' id='word_1_107' title='bbox 861 1025 959 1092; x_wconf 88' lang='lat' dir='ltr'>fidem</span> <span class='ocrx_word' id='word_1_108' title='bbox 971 1047 1065 1091; x_wconf 91' lang='lat' dir='ltr'>suam</span> <span class='ocrx_word' id='word_1_109' title='bbox 1116 1049 1154 1096; x_wconf 89' lang='lat' dir='ltr'>ao</span> <span class='ocrx_word' id='word_1_110' title='bbox 1176 1030 1275 1114; x_wconf 91' lang='lat' dir='ltr'>probe</span> <span class='ocrx_word' id='word_1_111' title='bbox 1297 1031 1565 1103; x_wconf 89' lang='grc' dir='ltr'><strong>1000100011οο0</strong></span> <span class='ocrx_word' id='word_1_112' title='bbox 1586 1032 1697 1096; x_wconf 89' lang='lat' dir='ltr'>minus</span> <span class='ocrx_word' id='word_1_113' title='bbox 1716 1031 1812 1097; x_wconf 91' lang='lat' dir='ltr'>facile</span> <span class='ocrx_word' id='word_1_114' title='bbox 1833 1030 1970 1113; x_wconf 83' lang='lat' dir='ltr'>excidet,</span> <span class='ocrx_word' id='word_1_115' title='bbox 1993 1053 2092 1117; x_wconf 91' lang='lat' dir='ltr'>quam</span> 
     </span>
     <span class='ocr_line' id='line_1_10' title="bbox 88 1112 2092 1202; baseline -0.001 -17"><span class='ocrx_word' id='word_1_116' title='bbox 88 1121 126 1184; x_wconf 91' lang='lat' dir='ltr'>in</span> <span class='ocrx_word' id='word_1_117' title='bbox 147 1120 209 1184; x_wconf 88' lang='lat' dir='ltr'>hac</span> <span class='ocrx_word' id='word_1_118' title='bbox 230 1115 374 1195; x_wconf 89' lang='lat' dir='ltr'>ecelesia,</span> <span class='ocrx_word' id='word_1_119' title='bbox 397 1128 431 1180; x_wconf 89' lang='grc'>01</span> <span class='ocrx_word' id='word_1_120' title='bbox 441 1114 644 1199; x_wconf 82' lang='lat' dir='ltr'>Argentinee</span> <span class='ocrx_word' id='word_1_121' title='bbox 662 1112 749 1198; x_wconf 91' lang='lat' dir='ltr'>apud</span> <span class='ocrx_word' id='word_1_122' title='bbox 760 1113 912 1178; x_wconf 89' lang='lat' dir='ltr'>homines</span> <span class='ocrx_word' id='word_1_123' title='bbox 933 1120 1065 1179; x_wconf 86' lang='lat' dir='ltr'>nostrae</span> <span class='ocrx_word' id='word_1_124' title='bbox 1114 1114 1275 1180; x_wconf 80' lang='lat' dir='ltr'>fallaciter</span> <span class='ocrx_word' id='word_1_125' title='bbox 1296 1116 1448 1200; x_wconf 87' lang='lat' dir='ltr'>obrepsit.</span> <span class='ocrx_word' id='word_1_126' title='bbox 1470 1116 1560 1182; x_wconf 90' lang='lat' dir='ltr'>Hinc</span> <span class='ocrx_word' id='word_1_127' title='bbox 1583 1122 2092 1202; x_wconf 74' lang='lat' dir='ltr'>porroapparet·[peg.1e]quam</span> 
     </span>
     <span class='ocr_line' id='line_1_11' title="bbox 88 1197 2096 1289; baseline -0.001 -19"><span class='ocrx_word' id='word_1_128' title='bbox 88 1205 224 1289; x_wconf 87' lang='lat' dir='ltr'>linguae</span> <span class='ocrx_word' id='word_1_129' title='bbox 244 1202 409 1285; x_wconf 89' lang='lat' dir='ltr'>professus</span> <span class='ocrx_word' id='word_1_130' title='bbox 421 1208 485 1266; x_wconf 89' lang='lat' dir='ltr'>est:</span> <span class='ocrx_word' id='word_1_131' title='bbox 508 1197 698 1265; x_wconf 90' lang='lat' dir='ltr'>anverbulo</span> <span class='ocrx_word' id='word_1_132' title='bbox 709 1219 855 1281; x_wconf 91' lang='lat' dir='ltr'>unquam</span> <span class='ocrx_word' id='word_1_133' title='bbox 866 1197 1066 1283; x_wconf 85' lang='lat' dir='ltr'>significavit</span> <span class='ocrx_word' id='word_1_134' title='bbox 1115 1201 1231 1266; x_wconf 89' lang='lat' dir='ltr'>ieiuna</span> <span class='ocrx_word' id='word_1_135' title='bbox 1247 1201 1291 1266; x_wconf 92' lang='lat' dir='ltr'>sit</span> <span class='ocrx_word' id='word_1_136' title='bbox 1311 1203 1454 1280; x_wconf 86' lang='lat' dir='ltr'>ambitio,</span> <span class='ocrx_word' id='word_1_137' title='bbox 1476 1202 1562 1286; x_wconf 91' lang='lat' dir='ltr'>quod</span> <span class='ocrx_word' id='word_1_138' title='bbox 1583 1202 1693 1269; x_wconf 84' lang='lat' dir='ltr'>nescio</span> <span class='ocrx_word' id='word_1_139' title='bbox 1714 1203 1793 1286; x_wconf 90' lang='lat' dir='ltr'>quid</span> <span class='ocrx_word' id='word_1_140' title='bbox 1818 1211 1888 1268; x_wconf 89' lang='lat' dir='ltr'>tam</span> <span class='ocrx_word' id='word_1_141' title='bbox 1915 1204 2096 1270; x_wconf 86' lang='lat' dir='ltr'>insolenter</span> 
     </span>
     <span class='ocr_line' id='line_1_12' title="bbox 90 1284 2158 1374; baseline -0.001 -17"><span class='ocrx_word' id='word_1_142' title='bbox 90 1311 126 1357; x_wconf 89' lang='lat' dir='ltr'>se</span> <span class='ocrx_word' id='word_1_143' title='bbox 144 1286 256 1374; x_wconf 90' lang='lat' dir='ltr'>plures</span> <span class='ocrx_word' id='word_1_144' title='bbox 276 1287 497 1355; x_wconf 84' lang='lat' dir='ltr'>caeremonias</span> <span class='ocrx_word' id='word_1_145' title='bbox 520 1295 674 1369; x_wconf 89' lang='lat' dir='ltr'>appetere</span> <span class='ocrx_word' id='word_1_146' title='bbox 695 1305 794 1368; x_wconf 91' lang='lat' dir='ltr'>quam</span> <span class='ocrx_word' id='word_1_147' title='bbox 815 1284 910 1350; x_wconf 91' lang='lat' dir='ltr'>nobis</span> <span class='ocrx_word' id='word_1_148' title='bbox 937 1284 973 1349; x_wconf 91' lang='grc'>10</span> <span class='ocrx_word' id='word_1_149' title='bbox 1000 1300 1065 1349; x_wconf 87' lang='grc'>000</span> <span class='ocrx_word' id='word_1_150' title='bbox 1116 1287 1256 1352; x_wconf 86' lang='lat' dir='ltr'>iactitat:</span> <span class='ocrx_word' id='word_1_151' title='bbox 1295 1308 1333 1352; x_wconf 92' lang='lat' dir='ltr'>ac</span> <span class='ocrx_word' id='word_1_152' title='bbox 1367 1289 1394 1369; x_wconf 87' lang='lat' dir='ltr'>si</span> <span class='ocrx_word' id='word_1_153' title='bbox 1428 1287 1564 1353; x_wconf 89' lang='lat' dir='ltr'>dubium</span> <span class='ocrx_word' id='word_1_154' title='bbox 1597 1297 1684 1354; x_wconf 90' lang='lat' dir='ltr'>esset</span> <span class='ocrx_word' id='word_1_155' title='bbox 1720 1290 1757 1354; x_wconf 92' lang='grc'>10</span> <span class='ocrx_word' id='word_1_156' title='bbox 1789 1289 1872 1355; x_wconf 89' lang='lat' dir='ltr'>aulis</span> <span class='ocrx_word' id='word_1_157' title='bbox 1905 1290 2010 1372; x_wconf 90' lang='grc'><strong>001001</strong></span> <span class='ocrx_word' id='word_1_158' title='bbox 2034 1311 2092 1354; x_wconf 91' lang='lat' dir='ltr'>um</span> <span class='ocrx_word' id='word_1_159' title='bbox 2157 1360 2158 1363; x_wconf 8' lang='grc' dir='ltr'><strong>Ἴ</strong></span> 
     </span>
     <span class='ocr_line' id='line_1_13' title="bbox 89 1311 2092 1458; baseline -0.002 -15"><span class='ocrx_word' id='word_1_160' title='bbox 89 1374 219 1443; x_wconf 76' lang='lat' dir='ltr'>essent?</span> <span class='ocrx_word' id='word_1_161' title='bbox 274 1372 377 1439; x_wconf 80' lang='lat' dir='ltr'>Addit</span> <span class='ocrx_word' id='word_1_162' title='bbox 413 1393 448 1439; x_wconf 89' lang='lat' dir='ltr'>se</span> <span class='ocrx_word' id='word_1_163' title='bbox 479 1369 586 1437; x_wconf 90' lang='lat' dir='ltr'>odisse</span> <span class='ocrx_word' id='word_1_164' title='bbox 623 1370 800 1437; x_wconf 90' lang='lat' dir='ltr'>iuvenilem</span> <span class='ocrx_word' id='word_1_165' title='bbox 837 1370 1065 1454; x_wconf 88' lang='lat' dir='ltr'>intemperiem</span> <span class='ocrx_word' id='word_1_166' title='bbox 1115 1373 1258 1455; x_wconf 90' lang='lat' dir='ltr'>pessima</span> <span class='ocrx_word' id='word_1_167' title='bbox 1278 1373 1444 1438; x_wconf 91' lang='lat' dir='ltr'>interdum</span> <span class='ocrx_word' id='word_1_168' title='bbox 1467 1374 1629 1458; x_wconf 91' lang='lat' dir='ltr'>mancipia</span> <span class='ocrx_word' id='word_1_169' title='bbox 1650 1375 1794 1439; x_wconf 89' lang='lat' dir='ltr'>favorem</span> <span class='ocrx_word' id='word_1_170' title='bbox 1817 1374 1960 1458; x_wconf 85' lang='lat' dir='ltr'>adipisci.</span> <span class='ocrx_word' id='word_1_171' title='bbox 1999 1311 2092 1457; x_wconf 51' lang='lat' dir='ltr'>duis</span> 
     </span>
     <span class='ocr_line' id='line_1_14' title="bbox 88 1455 2092 1544; baseline -0.001 -17"><span class='ocrx_word' id='word_1_172' title='bbox 88 1463 125 1527; x_wconf 88' lang='lat' dir='ltr'>in</span> <span class='ocrx_word' id='word_1_173' title='bbox 147 1461 262 1526; x_wconf 92' lang='lat' dir='ltr'>ordine</span> <span class='ocrx_word' id='word_1_174' title='bbox 281 1455 517 1535; x_wconf 90' lang='lat' dir='ltr'>constituendo,</span> <span class='ocrx_word' id='word_1_175' title='bbox 539 1475 622 1538; x_wconf 87' lang='lat' dir='ltr'>quae</span> <span class='ocrx_word' id='word_1_176' title='bbox 643 1456 769 1522; x_wconf 91' lang='lat' dir='ltr'>coelum</span> <span class='ocrx_word' id='word_1_177' title='bbox 796 1464 904 1522; x_wconf 85' lang='lat' dir='ltr'>tarrae</span> <span class='ocrx_word' id='word_1_178' title='bbox 929 1456 1064 1521; x_wconf 87' lang='lat' dir='ltr'>miscere</span> <span class='ocrx_word' id='word_1_179' title='bbox 1116 1459 1216 1523; x_wconf 90' lang='lat' dir='ltr'>etiam</span> <span class='ocrx_word' id='word_1_180' title='bbox 1237 1460 1470 1525; x_wconf 86' lang='lat' dir='ltr'>conscientiam</span> <span class='ocrx_word' id='word_1_181' title='bbox 1484 1456 1597 1524; x_wconf 76' lang='lat' dir='ltr'>&#39;meam</span> <span class='ocrx_word' id='word_1_182' title='bbox 1610 1476 1719 1525; x_wconf 89' lang='lat' dir='ltr'>coram</span> <span class='ocrx_word' id='word_1_183' title='bbox 1731 1460 1804 1526; x_wconf 89' lang='lat' dir='ltr'>Deo</span> <span class='ocrx_word' id='word_1_184' title='bbox 1828 1460 1983 1543; x_wconf 89' lang='lat' dir='ltr'>appellat:</span> <span class='ocrx_word' id='word_1_185' title='bbox 2006 1461 2092 1544; x_wconf 92' lang='lat' dir='ltr'>quod</span> 
     </span>
     <span class='ocr_line' id='line_1_15' title="bbox 89 1538 2093 1626; baseline -0.002 -12"><span class='ocrx_word' id='word_1_186' title='bbox 89 1546 250 1614; x_wconf 86' lang='lat' dir='ltr'>videatur.</span> <span class='ocrx_word' id='word_1_187' title='bbox 294 1546 395 1610; x_wconf 91' lang='lat' dir='ltr'>Dicas</span> <span class='ocrx_word' id='word_1_188' title='bbox 416 1543 592 1608; x_wconf 85' lang='lat' dir='ltr'>Nestorem</span> <span class='ocrx_word' id='word_1_189' title='bbox 614 1541 755 1626; x_wconf 90' lang='lat' dir='ltr'>aliquem</span> <span class='ocrx_word' id='word_1_190' title='bbox 776 1542 969 1607; x_wconf 88' lang='lat' dir='ltr'>concionari.</span> <span class='ocrx_word' id='word_1_191' title='bbox 997 1538 1065 1607; x_wconf 79' lang='lat' dir='ltr'>Sed</span> <span class='ocrx_word' id='word_1_192' title='bbox 1116 1543 1173 1609; x_wconf 91' lang='lat' dir='ltr'>ubi</span> <span class='ocrx_word' id='word_1_193' title='bbox 1201 1545 1266 1611; x_wconf 91' lang='lat' dir='ltr'>scio</span> <span class='ocrx_word' id='word_1_194' title='bbox 1300 1544 1426 1610; x_wconf 89' lang='lat' dir='ltr'>nullam</span> <span class='ocrx_word' id='word_1_195' title='bbox 1453 1566 1524 1610; x_wconf 89' lang='lat' dir='ltr'>esse</span> <span class='ocrx_word' id='word_1_196' title='bbox 1558 1547 1826 1625; x_wconf 78' lang='lat' dir='ltr'>controversiam,</span> <span class='ocrx_word' id='word_1_197' title='bbox 1856 1545 1965 1614; x_wconf 87' lang='lat' dir='ltr'>odiose</span> <span class='ocrx_word' id='word_1_198' title='bbox 1991 1547 2093 1613; x_wconf 90' lang='lat' dir='ltr'>velim</span> 
     </span>
     <span class='ocr_line' id='line_1_16' title="bbox 88 1627 2092 1717; baseline -0.001 -18"><span class='ocrx_word' id='word_1_199' title='bbox 88 1654 247 1717; x_wconf 90' lang='lat' dir='ltr'>quorsum</span> <span class='ocrx_word' id='word_1_200' title='bbox 267 1639 335 1696; x_wconf 90' lang='lat' dir='ltr'>tam</span> <span class='ocrx_word' id='word_1_201' title='bbox 356 1627 470 1713; x_wconf 83' lang='lat' dir='ltr'>putida</span> <span class='ocrx_word' id='word_1_202' title='bbox 490 1628 663 1693; x_wconf 88' lang='lat' dir='ltr'>iactantia:</span> <span class='ocrx_word' id='word_1_203' title='bbox 685 1647 723 1692; x_wconf 90' lang='grc'>00</span> <span class='ocrx_word' id='word_1_204' title='bbox 744 1627 773 1713; x_wconf 82' lang='lat' dir='ltr'>si</span> <span class='ocrx_word' id='word_1_205' title='bbox 795 1627 900 1693; x_wconf 89' lang='lat' dir='ltr'>ullum</span> <span class='ocrx_word' id='word_1_206' title='bbox 918 1647 1064 1712; x_wconf 90' lang='lat' dir='ltr'>unquam</span> <span class='ocrx_word' id='word_1_207' title='bbox 1117 1630 1189 1695; x_wconf 89' lang='lat' dir='ltr'>aliis</span> <span class='ocrx_word' id='word_1_208' title='bbox 1209 1630 1406 1713; x_wconf 88' lang='lat' dir='ltr'>persuadere</span> <span class='ocrx_word' id='word_1_209' title='bbox 1428 1651 1499 1699; x_wconf 90' lang='lat' dir='ltr'>esse</span> <span class='ocrx_word' id='word_1_210' title='bbox 1509 1631 1698 1711; x_wconf 90' lang='lat' dir='ltr'>maximam,</span> <span class='ocrx_word' id='word_1_211' title='bbox 1720 1642 1962 1715; x_wconf 87' lang='lat' dir='ltr'>quaeveroest,</span> <span class='ocrx_word' id='word_1_212' title='bbox 1984 1640 2092 1698; x_wconf 88' lang='lat' dir='ltr'>astute</span> 
     </span>
     <span class='ocr_line' id='line_1_17' title="bbox 89 1710 2093 1801; baseline -0.002 -15"><span class='ocrx_word' id='word_1_213' title='bbox 89 1718 246 1786; x_wconf 87' lang='lat' dir='ltr'>edidisset</span> <span class='ocrx_word' id='word_1_214' title='bbox 267 1716 319 1783; x_wconf 89' lang='lat' dir='ltr'>vel</span> <span class='ocrx_word' id='word_1_215' title='bbox 339 1713 535 1801; x_wconf 90' lang='lat' dir='ltr'>prudentiae</span> <span class='ocrx_word' id='word_1_216' title='bbox 556 1713 609 1778; x_wconf 90' lang='lat' dir='ltr'>vel</span> <span class='ocrx_word' id='word_1_217' title='bbox 620 1711 854 1779; x_wconf 89' lang='lat' dir='ltr'>moderationis</span> <span class='ocrx_word' id='word_1_218' title='bbox 877 1710 1064 1796; x_wconf 82' lang='lat' dir='ltr'>specimen?</span> <span class='ocrx_word' id='word_1_219' title='bbox 1117 1714 1327 1781; x_wconf 88' lang='lat' dir='ltr'>dissimulem.</span> <span class='ocrx_word' id='word_1_220' title='bbox 1355 1714 1467 1797; x_wconf 75' lang='lat' dir='ltr'>&#39;Quasi</span> <span class='ocrx_word' id='word_1_221' title='bbox 1487 1737 1567 1782; x_wconf 90' lang='lat' dir='ltr'>vero</span> <span class='ocrx_word' id='word_1_222' title='bbox 1589 1716 1629 1781; x_wconf 89' lang='lat' dir='ltr'>de</span> <span class='ocrx_word' id='word_1_223' title='bbox 1650 1739 1686 1782; x_wconf 91' lang='lat' dir='ltr'>re</span> <span class='ocrx_word' id='word_1_224' title='bbox 1708 1718 1879 1784; x_wconf 91' lang='lat' dir='ltr'>notissima</span> <span class='ocrx_word' id='word_1_225' title='bbox 1894 1716 2027 1784; x_wconf 83' lang='lat' dir='ltr'>necesse</span> <span class='ocrx_word' id='word_1_226' title='bbox 2049 1718 2093 1783; x_wconf 91' lang='lat' dir='ltr'>sit</span> 
     </span>
     <span class='ocr_line' id='line_1_18' title="bbox 89 1798 2092 1887; baseline -0 -17"><span class='ocrx_word' id='word_1_227' title='bbox 89 1806 136 1871; x_wconf 80' lang='lat' dir='ltr'>Et</span> <span class='ocrx_word' id='word_1_228' title='bbox 156 1814 270 1869; x_wconf 90' lang='lat' dir='ltr'>tamen</span> <span class='ocrx_word' id='word_1_229' title='bbox 290 1813 329 1867; x_wconf 92' lang='lat' dir='ltr'>ut</span> <span class='ocrx_word' id='word_1_230' title='bbox 349 1801 458 1884; x_wconf 87' lang='lat' dir='ltr'>aliqua</span> <span class='ocrx_word' id='word_1_231' title='bbox 482 1798 654 1883; x_wconf 83' lang='lat' dir='ltr'>gravitatis</span> <span class='ocrx_word' id='word_1_232' title='bbox 671 1798 781 1882; x_wconf 90' lang='lat' dir='ltr'>specie</span> <span class='ocrx_word' id='word_1_233' title='bbox 808 1800 986 1883; x_wconf 75' lang='lat' dir='ltr'>superbiat,</span> <span class='ocrx_word' id='word_1_234' title='bbox 1013 1818 1065 1864; x_wconf 92' lang='lat' dir='ltr'>co-</span> <span class='ocrx_word' id='word_1_235' title='bbox 1117 1802 1339 1867; x_wconf 81' lang='lat' dir='ltr'>ad&#39;arcanum</span> <span class='ocrx_word' id='word_1_236' title='bbox 1360 1802 1432 1867; x_wconf 82' lang='lat' dir='ltr'>Dei&#39;</span> <span class='ocrx_word' id='word_1_237' title='bbox 1446 1802 1603 1869; x_wconf 92' lang='lat' dir='ltr'>iudicium</span> <span class='ocrx_word' id='word_1_238' title='bbox 1626 1824 1811 1886; x_wconf 88' lang='lat' dir='ltr'>provocare.</span> <span class='ocrx_word' id='word_1_239' title='bbox 1856 1804 1961 1887; x_wconf 83' lang='lat' dir='ltr'>Atqui</span> <span class='ocrx_word' id='word_1_240' title='bbox 1978 1813 2092 1869; x_wconf 90' lang='lat' dir='ltr'>notare</span> 
     </span>
     <span class='ocr_line' id='line_1_19' title="bbox 89 1882 2093 1971; baseline -0.002 -15"><span class='ocrx_word' id='word_1_241' title='bbox 89 1891 250 1956; x_wconf 83' lang='grc'><strong>1110000001</strong></span> <span class='ocrx_word' id='word_1_242' title='bbox 276 1887 394 1966; x_wconf 88' lang='grc'><strong>101011,</strong></span> <span class='ocrx_word' id='word_1_243' title='bbox 424 1906 522 1968; x_wconf 92' lang='lat' dir='ltr'>seque</span> <span class='ocrx_word' id='word_1_244' title='bbox 548 1882 716 1968; x_wconf 89' lang='lat' dir='ltr'>praedicat</span> <span class='ocrx_word' id='word_1_245' title='bbox 742 1891 835 1950; x_wconf 90' lang='lat' dir='ltr'>tanto</span> <span class='ocrx_word' id='word_1_246' title='bbox 862 1886 967 1970; x_wconf 86' lang='lat' dir='ltr'>magis</span> <span class='ocrx_word' id='word_1_247' title='bbox 994 1904 1065 1949; x_wconf 91' lang='lat' dir='ltr'>esse</span> <span class='ocrx_word' id='word_1_248' title='bbox 1117 1887 1396 1970; x_wconf 82' lang='lat' dir='ltr'>operae-pretium</span> <span class='ocrx_word' id='word_1_249' title='bbox 1418 1897 1468 1952; x_wconf 91' lang='lat' dir='ltr'>est</span> <span class='ocrx_word' id='word_1_250' title='bbox 1493 1889 1694 1971; x_wconf 90' lang='lat' dir='ltr'>quambene</span> <span class='ocrx_word' id='word_1_251' title='bbox 1722 1889 1809 1954; x_wconf 86' lang='lat' dir='ltr'>inter</span> <span class='ocrx_word' id='word_1_252' title='bbox 1830 1910 1866 1954; x_wconf 92' lang='lat' dir='ltr'>se</span> <span class='ocrx_word' id='word_1_253' title='bbox 1894 1889 2093 1968; x_wconf 87' lang='lat' dir='ltr'>conveniant</span> 
     </span>
     <span class='ocr_line' id='line_1_20' title="bbox 88 1969 2092 2061; baseline -0.001 -19"><span class='ocrx_word' id='word_1_254' title='bbox 88 1977 288 2061; x_wconf 82' lang='lat' dir='ltr'>religiosum</span> <span class='ocrx_word' id='word_1_255' title='bbox 316 1969 1065 2048; x_wconf 69' lang='grc' dir='ltr'><strong>0100010000,οο0100001001010011010</strong></span> <span class='ocrx_word' id='word_1_256' title='bbox 1117 1973 1237 2039; x_wconf 87' lang='lat' dir='ltr'>astutia</span> <span class='ocrx_word' id='word_1_257' title='bbox 1258 1983 1425 2038; x_wconf 89' lang='grc'><strong>01000000</strong></span> <span class='ocrx_word' id='word_1_258' title='bbox 1446 1975 1546 2053; x_wconf 91' lang='lat' dir='ltr'>furor,</span> <span class='ocrx_word' id='word_1_259' title='bbox 1568 1976 1605 2039; x_wconf 88' lang='lat' dir='ltr'>in</span> <span class='ocrx_word' id='word_1_260' title='bbox 1626 1996 1724 2057; x_wconf 93' lang='lat' dir='ltr'>quem</span> <span class='ocrx_word' id='word_1_261' title='bbox 1745 1998 1798 2041; x_wconf 90' lang='lat' dir='ltr'>me</span> <span class='ocrx_word' id='word_1_262' title='bbox 1822 1975 1929 2040; x_wconf 91' lang='lat' dir='ltr'>alieno</span> <span class='ocrx_word' id='word_1_263' title='bbox 1946 1975 2092 2059; x_wconf 91' lang='lat' dir='ltr'>impulsu</span> 
     </span>
     <span class='ocr_line' id='line_1_21' title="bbox 89 2055 2091 2146; baseline -0 -19"><span class='ocrx_word' id='word_1_264' title='bbox 89 2062 176 2146; x_wconf 89' lang='lat' dir='ltr'>quod</span> <span class='ocrx_word' id='word_1_265' title='bbox 197 2083 251 2129; x_wconf 89' lang='lat' dir='ltr'>me</span> <span class='ocrx_word' id='word_1_266' title='bbox 272 2060 345 2125; x_wconf 89' lang='lat' dir='ltr'>vult</span> <span class='ocrx_word' id='word_1_267' title='bbox 365 2058 403 2124; x_wconf 93' lang='lat' dir='ltr'>id</span> <span class='ocrx_word' id='word_1_268' title='bbox 421 2057 526 2136; x_wconf 86' lang='grc'><strong>101001,</strong></span> <span class='ocrx_word' id='word_1_269' title='bbox 549 2055 722 2121; x_wconf 91' lang='lat' dir='ltr'>ridiculum</span> <span class='ocrx_word' id='word_1_270' title='bbox 733 2065 791 2126; x_wconf 87' lang='lat' dir='ltr'>est.</span> <span class='ocrx_word' id='word_1_271' title='bbox 814 2057 936 2122; x_wconf 85' lang='lat' dir='ltr'>utalia</span> <span class='ocrx_word' id='word_1_272' title='bbox 958 2057 1066 2140; x_wconf 82' lang='lat' dir='ltr'>Urget</span> <span class='ocrx_word' id='word_1_273' title='bbox 1116 2068 1249 2143; x_wconf 90' lang='lat' dir='ltr'>repente</span> <span class='ocrx_word' id='word_1_274' title='bbox 1281 2059 1492 2143; x_wconf 90' lang='lat' dir='ltr'>praecipitem</span> <span class='ocrx_word' id='word_1_275' title='bbox 1521 2069 1631 2126; x_wconf 88' lang='lat' dir='ltr'>aetum</span> <span class='ocrx_word' id='word_1_276' title='bbox 1659 2061 1864 2146; x_wconf 79' lang='lat' dir='ltr'>ess&#39;e&#39;fingit.</span> <span class='ocrx_word' id='word_1_277' title='bbox 1914 2057 1998 2142; x_wconf 78' lang='lat' dir='ltr'>Quis</span> <span class='ocrx_word' id='word_1_278' title='bbox 2026 2081 2091 2126; x_wconf 91' lang='lat' dir='ltr'>non</span> 
     </span>
     <span class='ocr_line' id='line_1_22' title="bbox 90 2141 2093 2230; baseline -0.001 -15"><span class='ocrx_word' id='word_1_279' title='bbox 90 2149 232 2227; x_wconf 91' lang='lat' dir='ltr'>demum,</span> <span class='ocrx_word' id='word_1_280' title='bbox 255 2146 284 2211; x_wconf 92' lang='lat' dir='ltr'>si</span> <span class='ocrx_word' id='word_1_281' title='bbox 304 2146 389 2211; x_wconf 92' lang='lat' dir='ltr'>male</span> <span class='ocrx_word' id='word_1_282' title='bbox 411 2164 463 2208; x_wconf 89' lang='lat' dir='ltr'>me</span> <span class='ocrx_word' id='word_1_283' title='bbox 484 2142 547 2208; x_wconf 91' lang='lat' dir='ltr'>hoo</span> <span class='ocrx_word' id='word_1_284' title='bbox 566 2142 694 2220; x_wconf 87' lang='lat' dir='ltr'>babeat,</span> <span class='ocrx_word' id='word_1_285' title='bbox 717 2151 754 2206; x_wconf 94' lang='lat' dir='ltr'>ut</span> <span class='ocrx_word' id='word_1_286' title='bbox 778 2144 922 2227; x_wconf 88' lang='lat' dir='ltr'>ingenue</span> <span class='ocrx_word' id='word_1_287' title='bbox 948 2141 1064 2219; x_wconf 89' lang='lat' dir='ltr'>dicam,</span> <span class='ocrx_word' id='word_1_288' title='bbox 1116 2146 1207 2211; x_wconf 90' lang='lat' dir='ltr'>videt</span> <span class='ocrx_word' id='word_1_289' title='bbox 1227 2144 1395 2209; x_wconf 85' lang='lat' dir='ltr'>hominem</span> <span class='ocrx_word' id='word_1_290' title='bbox 1417 2145 1615 2228; x_wconf 85' lang='lat' dir='ltr'>petulantiae</span> <span class='ocrx_word' id='word_1_291' title='bbox 1639 2145 1796 2225; x_wconf 92' lang='lat' dir='ltr'>deditum,</span> <span class='ocrx_word' id='word_1_292' title='bbox 1823 2166 1961 2212; x_wconf 86' lang='lat' dir='ltr'>vomere</span> <span class='ocrx_word' id='word_1_293' title='bbox 1984 2147 2093 2230; x_wconf 90' lang='lat' dir='ltr'>petius</span> 
     </span>
     <span class='ocr_line' id='line_1_23' title="bbox 90 2228 1844 2319; baseline -0.003 -17"><span class='ocrx_word' id='word_1_294' title='bbox 90 2234 215 2302; x_wconf 90' lang='lat' dir='ltr'>scilicet</span> <span class='ocrx_word' id='word_1_295' title='bbox 231 2233 260 2298; x_wconf 91' lang='lat' dir='ltr'>is</span> <span class='ocrx_word' id='word_1_296' title='bbox 278 2240 330 2297; x_wconf 93' lang='lat' dir='ltr'>est</span> <span class='ocrx_word' id='word_1_297' title='bbox 346 2228 541 2319; x_wconf 71' lang='lat' dir='ltr'>Balduinus,</span> <span class='ocrx_word' id='word_1_298' title='bbox 563 2230 656 2295; x_wconf 89' lang='lat' dir='ltr'>cuius</span> <span class='ocrx_word' id='word_1_299' title='bbox 673 2228 1065 2309; x_wconf 80' lang='lat' dir='ltr'>me[pag.13]iudicium</span> <span class='ocrx_word' id='word_1_300' title='bbox 1110 2253 1199 2315; x_wconf 87' lang='lat' dir='ltr'>quae</span> <span class='ocrx_word' id='word_1_301' title='bbox 1220 2229 1427 2296; x_wconf 90' lang='lat' dir='ltr'>stomachum</span> <span class='ocrx_word' id='word_1_302' title='bbox 1509 2240 1590 2297; x_wconf 91' lang='lat' dir='ltr'>vant</span> <span class='ocrx_word' id='word_1_303' title='bbox 1609 2253 1708 2315; x_wconf 91' lang='lat' dir='ltr'>quam</span> <span class='ocrx_word' id='word_1_304' title='bbox 1733 2232 1844 2316; x_wconf 79' lang='lat' dir='ltr'>loqui?</span> 
     </span>
     <span class='ocr_line' id='line_1_24' title="bbox 89 2309 2093 2402; baseline -0.002 -16"><span class='ocrx_word' id='word_1_305' title='bbox 89 2327 167 2386; x_wconf 89' lang='lat' dir='ltr'>urat</span> <span class='ocrx_word' id='word_1_306' title='bbox 184 2340 222 2385; x_wconf 90' lang='lat' dir='ltr'>ac</span> <span class='ocrx_word' id='word_1_307' title='bbox 240 2319 371 2384; x_wconf 89' lang='lat' dir='ltr'>cruciet.</span> <span class='ocrx_word' id='word_1_308' title='bbox 415 2316 488 2398; x_wconf 85' lang='lat' dir='ltr'>Ego</span> <span class='ocrx_word' id='word_1_309' title='bbox 511 2333 589 2380; x_wconf 91' lang='lat' dir='ltr'>vero</span> <span class='ocrx_word' id='word_1_310' title='bbox 610 2313 688 2397; x_wconf 92' lang='lat' dir='ltr'>quid</span> <span class='ocrx_word' id='word_1_311' title='bbox 715 2313 853 2380; x_wconf 83' lang='lat' dir='ltr'>futiliter</span> <span class='ocrx_word' id='word_1_312' title='bbox 875 2316 999 2399; x_wconf 89' lang='lat' dir='ltr'>garriat</span> <span class='ocrx_word' id='word_1_313' title='bbox 1024 2309 1065 2376; x_wconf 92' lang='lat' dir='ltr'>de</span> <span class='ocrx_word' id='word_1_314' title='bbox 1201 2316 1313 2399; x_wconf 79' lang='lat' dir='ltr'>Atque</span> <span class='ocrx_word' id='word_1_315' title='bbox 1335 2316 1382 2381; x_wconf 91' lang='lat' dir='ltr'>ita</span> <span class='ocrx_word' id='word_1_316' title='bbox 1402 2317 1445 2383; x_wconf 81' lang='lat' dir='ltr'>sc‘</span> <span class='ocrx_word' id='word_1_317' title='bbox 1464 2318 1525 2382; x_wconf 88' lang='lat' dir='ltr'>&#39;eet</span> <span class='ocrx_word' id='word_1_318' title='bbox 1535 2315 1640 2382; x_wconf 92' lang='lat' dir='ltr'>nodus</span> <span class='ocrx_word' id='word_1_319' title='bbox 1651 2339 1790 2402; x_wconf 91' lang='lat' dir='ltr'>magnae</span> <span class='ocrx_word' id='word_1_320' title='bbox 1807 2325 1840 2384; x_wconf 92' lang='lat' dir='ltr'>et</span> <span class='ocrx_word' id='word_1_321' title='bbox 1856 2318 1976 2384; x_wconf 89' lang='lat' dir='ltr'>arduae</span> <span class='ocrx_word' id='word_1_322' title='bbox 1994 2339 2093 2401; x_wconf 65' lang='lat' dir='ltr'>quae,-</span> 
     </span>
     <span class='ocr_line' id='line_1_25' title="bbox 90 2397 2095 2486; baseline -0.001 -14"><span class='ocrx_word' id='word_1_323' title='bbox 90 2405 188 2472; x_wconf 91' lang='lat' dir='ltr'>rebus</span> <span class='ocrx_word' id='word_1_324' title='bbox 216 2401 441 2470; x_wconf 90' lang='lat' dir='ltr'>ecclesiasticis</span> <span class='ocrx_word' id='word_1_325' title='bbox 473 2400 585 2480; x_wconf 92' lang='lat' dir='ltr'>homo,</span> <span class='ocrx_word' id='word_1_326' title='bbox 618 2409 657 2465; x_wconf 90' lang='lat' dir='ltr'>ut</span> <span class='ocrx_word' id='word_1_327' title='bbox 688 2399 818 2481; x_wconf 88' lang='lat' dir='ltr'>pietatis</span> <span class='ocrx_word' id='word_1_328' title='bbox 850 2421 984 2483; x_wconf 86' lang='lat' dir='ltr'>expers,</span> <span class='ocrx_word' id='word_1_329' title='bbox 1016 2397 1065 2462; x_wconf 94' lang='lat' dir='ltr'>ita</span> <span class='ocrx_word' id='word_1_330' title='bbox 1116 2402 1232 2486; x_wconf 77' lang='lat' dir='ltr'>ationis</span> <span class='ocrx_word' id='word_1_331' title='bbox 1252 2401 1400 2481; x_wconf 89' lang='lat' dir='ltr'>solvitur,</span> <span class='ocrx_word' id='word_1_332' title='bbox 1422 2402 1582 2485; x_wconf 92' lang='lat' dir='ltr'>quomodo</span> <span class='ocrx_word' id='word_1_333' title='bbox 1602 2401 1806 2470; x_wconf 91' lang='lat' dir='ltr'>Balduinum</span> <span class='ocrx_word' id='word_1_334' title='bbox 1824 2403 1983 2470; x_wconf 90' lang='lat' dir='ltr'>lacessere</span> <span class='ocrx_word' id='word_1_335' title='bbox 1993 2426 2095 2471; x_wconf 92' lang='lat' dir='ltr'>ausus</span> 
     </span>
     <span class='ocr_line' id='line_1_26' title="bbox 89 2485 2093 2575; baseline -0.001 -17"><span class='ocrx_word' id='word_1_336' title='bbox 89 2512 255 2559; x_wconf 86' lang='lat' dir='ltr'>sacrorum</span> <span class='ocrx_word' id='word_1_337' title='bbox 282 2489 430 2554; x_wconf 91' lang='lat' dir='ltr'>omnium</span> <span class='ocrx_word' id='word_1_338' title='bbox 456 2487 608 2570; x_wconf 76' lang='lat' dir='ltr'>ignmus,</span> <span class='ocrx_word' id='word_1_339' title='bbox 635 2485 719 2551; x_wconf 91' lang='lat' dir='ltr'>nihil</span> <span class='ocrx_word' id='word_1_340' title='bbox 742 2506 867 2552; x_wconf 87' lang='lat' dir='ltr'>moror:</span> <span class='ocrx_word' id='word_1_341' title='bbox 897 2485 995 2551; x_wconf 90' lang='lat' dir='ltr'>modo</span> <span class='ocrx_word' id='word_1_342' title='bbox 1021 2503 1065 2547; x_wconf 92' lang='lat' dir='ltr'>ne</span> <span class='ocrx_word' id='word_1_343' title='bbox 1117 2489 1189 2567; x_wconf 84' lang='lat' dir='ltr'>sim,</span> <span class='ocrx_word' id='word_1_344' title='bbox 1212 2486 1269 2571; x_wconf 90' lang='lat' dir='ltr'>qui</span> <span class='ocrx_word' id='word_1_345' title='bbox 1289 2495 1340 2551; x_wconf 89' lang='lat' dir='ltr'>tot</span> <span class='ocrx_word' id='word_1_346' title='bbox 1361 2488 1498 2554; x_wconf 91' lang='lat' dir='ltr'>babeam</span> <span class='ocrx_word' id='word_1_347' title='bbox 1515 2490 1672 2558; x_wconf 91' lang='lat' dir='ltr'>inimicos.</span> <span class='ocrx_word' id='word_1_348' title='bbox 1696 2490 1781 2555; x_wconf 85' lang='lat' dir='ltr'>Mihi</span> <span class='ocrx_word' id='word_1_349' title='bbox 1792 2491 1880 2556; x_wconf 91' lang='lat' dir='ltr'>enim</span> <span class='ocrx_word' id='word_1_350' title='bbox 1891 2490 2093 2575; x_wconf 90' lang='lat' dir='ltr'>inpromptu</span> 
     </span>
     <span class='ocr_line' id='line_1_27' title="bbox 89 2570 2093 2661; baseline -0.002 -17"><span class='ocrx_word' id='word_1_351' title='bbox 89 2576 303 2645; x_wconf 82' lang='lat' dir='ltr'>clandestinis</span> <span class='ocrx_word' id='word_1_352' title='bbox 327 2573 460 2639; x_wconf 83' lang='lat' dir='ltr'>artibus.</span> <span class='ocrx_word' id='word_1_353' title='bbox 480 2572 609 2639; x_wconf 91' lang='lat' dir='ltr'>diruere</span> <span class='ocrx_word' id='word_1_354' title='bbox 636 2570 791 2636; x_wconf 88' lang='lat' dir='ltr'>moliatur</span> <span class='ocrx_word' id='word_1_355' title='bbox 823 2592 922 2656; x_wconf 91' lang='lat' dir='ltr'>quam</span> <span class='ocrx_word' id='word_1_356' title='bbox 952 2570 1065 2636; x_wconf 87' lang='lat' dir='ltr'>fideles</span> <span class='ocrx_word' id='word_1_357' title='bbox 1117 2573 1262 2641; x_wconf 85' lang='lat' dir='ltr'>defensio</span> <span class='ocrx_word' id='word_1_358' title='bbox 1284 2583 1342 2652; x_wconf 90' lang='lat' dir='ltr'>est,</span> <span class='ocrx_word' id='word_1_359' title='bbox 1364 2581 1526 2658; x_wconf 85' lang='lat' dir='ltr'>quotquot</span> <span class='ocrx_word' id='word_1_360' title='bbox 1546 2575 1629 2640; x_wconf 89' lang='lat' dir='ltr'>mihi</span> <span class='ocrx_word' id='word_1_361' title='bbox 1652 2576 1777 2641; x_wconf 84' lang='grc'><strong>10101101</strong></span> <span class='ocrx_word' id='word_1_362' title='bbox 1803 2584 1890 2657; x_wconf 90' lang='grc'><strong>0001,</strong></span> <span class='ocrx_word' id='word_1_363' title='bbox 1918 2597 1989 2642; x_wconf 93' lang='lat' dir='ltr'>esse</span> <span class='ocrx_word' id='word_1_364' title='bbox 2016 2597 2093 2661; x_wconf 89' lang='lat' dir='ltr'>pro-</span> 
     </span>
     <span class='ocr_line' id='line_1_28' title="bbox 89 2656 2096 2743; baseline -0.001 -13"><span class='ocrx_word' id='word_1_365' title='bbox 89 2662 216 2731; x_wconf 82' lang='lat' dir='ltr'>Ghristi</span> <span class='ocrx_word' id='word_1_366' title='bbox 237 2660 326 2727; x_wconf 87' lang='lat' dir='ltr'>servi</span> <span class='ocrx_word' id='word_1_367' title='bbox 347 2680 450 2743; x_wconf 90' lang='lat' dir='ltr'>purae</span> <span class='ocrx_word' id='word_1_368' title='bbox 475 2657 643 2741; x_wconf 90' lang='lat' dir='ltr'>religionis</span> <span class='ocrx_word' id='word_1_369' title='bbox 672 2656 851 2723; x_wconf 89' lang='lat' dir='ltr'>doctrinam</span> <span class='ocrx_word' id='word_1_370' title='bbox 880 2658 1006 2741; x_wconf 84' lang='lat' dir='ltr'>erigere</span> <span class='ocrx_word' id='word_1_371' title='bbox 1033 2664 1069 2720; x_wconf 93' lang='lat' dir='ltr'>et</span> <span class='ocrx_word' id='word_1_372' title='bbox 1116 2662 1220 2726; x_wconf 92' lang='lat' dir='ltr'>fessos</span> <span class='ocrx_word' id='word_1_373' title='bbox 1248 2657 1526 2725; x_wconf 78' lang='lat' dir='ltr'>Christihostes:</span> <span class='ocrx_word' id='word_1_374' title='bbox 1560 2661 1669 2726; x_wconf 91' lang='lat' dir='ltr'>nullas</span> <span class='ocrx_word' id='word_1_375' title='bbox 1705 2683 1785 2727; x_wconf 88' lang='lat' dir='ltr'>vero</span> <span class='ocrx_word' id='word_1_376' title='bbox 1809 2662 2007 2728; x_wconf 84' lang='lat' dir='ltr'>inimicitias</span> <span class='ocrx_word' id='word_1_377' title='bbox 2039 2683 2096 2727; x_wconf 91' lang='lat' dir='ltr'>me</span> 
     </span>
     <span class='ocr_line' id='line_1_29' title="bbox 88 2740 2094 2832; baseline -0.001 -17"><span class='ocrx_word' id='word_1_378' title='bbox 88 2748 234 2816; x_wconf 90' lang='lat' dir='ltr'>stabilire</span> <span class='ocrx_word' id='word_1_379' title='bbox 260 2743 389 2830; x_wconf 90' lang='lat' dir='ltr'>pridem</span> <span class='ocrx_word' id='word_1_380' title='bbox 415 2745 524 2810; x_wconf 89' lang='lat' dir='ltr'>conati</span> <span class='ocrx_word' id='word_1_381' title='bbox 551 2754 637 2809; x_wconf 89' lang='lat' dir='ltr'>sunt</span> <span class='ocrx_word' id='word_1_382' title='bbox 681 2740 792 2823; x_wconf 82' lang='lat' dir='ltr'>Quare</span> <span class='ocrx_word' id='word_1_383' title='bbox 822 2743 906 2832; x_wconf 90' lang='grc'><strong>011111</strong></span> <span class='ocrx_word' id='word_1_384' title='bbox 932 2743 1066 2808; x_wconf 88' lang='lat' dir='ltr'>stultius</span> <span class='ocrx_word' id='word_1_385' title='bbox 1117 2766 1263 2830; x_wconf 91' lang='lat' dir='ltr'>unquam</span> <span class='ocrx_word' id='word_1_386' title='bbox 1285 2745 1465 2827; x_wconf 90' lang='lat' dir='ltr'>suscepisse</span> <span class='ocrx_word' id='word_1_387' title='bbox 1485 2748 1622 2829; x_wconf 90' lang='lat' dir='ltr'>&#39;privata</span> <span class='ocrx_word' id='word_1_388' title='bbox 1642 2768 1748 2825; x_wconf 92' lang='lat' dir='ltr'>causa,</span> <span class='ocrx_word' id='word_1_389' title='bbox 1770 2769 1830 2814; x_wconf 92' lang='lat' dir='ltr'>neo</span> <span class='ocrx_word' id='word_1_390' title='bbox 1852 2747 1967 2831; x_wconf 91' lang='lat' dir='ltr'>cupide</span> <span class='ocrx_word' id='word_1_391' title='bbox 1994 2768 2094 2831; x_wconf 90' lang='lat' dir='ltr'>appo-</span> 
     </span>
     <span class='ocr_line' id='line_1_30' title="bbox 88 2829 2093 2921; baseline -0.001 -20"><span class='ocrx_word' id='word_1_392' title='bbox 88 2844 189 2921; x_wconf 90' lang='lat' dir='ltr'>quam</span> <span class='ocrx_word' id='word_1_393' title='bbox 213 2829 364 2898; x_wconf 84' lang='lat' dir='ltr'>fraudem</span> <span class='ocrx_word' id='word_1_394' title='bbox 391 2829 475 2897; x_wconf 88' lang='lat' dir='ltr'>mihi</span> <span class='ocrx_word' id='word_1_395' title='bbox 502 2830 655 2907; x_wconf 90' lang='lat' dir='ltr'>obiicere,</span> <span class='ocrx_word' id='word_1_396' title='bbox 687 2851 726 2895; x_wconf 93' lang='grc'>00</span> <span class='ocrx_word' id='word_1_397' title='bbox 754 2830 784 2894; x_wconf 94' lang='grc'>01</span> <span class='ocrx_word' id='word_1_398' title='bbox 815 2830 917 2895; x_wconf 90' lang='lat' dir='ltr'>alium</span> <span class='ocrx_word' id='word_1_399' title='bbox 948 2848 1066 2895; x_wconf 87' lang='grc'><strong>000000</strong></span> <span class='ocrx_word' id='word_1_400' title='bbox 1117 2832 1244 2897; x_wconf 88' lang='lat' dir='ltr'>tivisse:</span> <span class='ocrx_word' id='word_1_401' title='bbox 1272 2831 1380 2895; x_wconf 88' lang='lat' dir='ltr'>nullas</span> <span class='ocrx_word' id='word_1_402' title='bbox 1407 2829 1548 2915; x_wconf 90' lang='lat' dir='ltr'>denique</span> <span class='ocrx_word' id='word_1_403' title='bbox 1575 2854 1595 2897; x_wconf 93' lang='lat' dir='ltr'>a</span> <span class='ocrx_word' id='word_1_404' title='bbox 1627 2853 1701 2899; x_wconf 92' lang='lat' dir='ltr'>mea</span> <span class='ocrx_word' id='word_1_405' title='bbox 1733 2832 1829 2916; x_wconf 90' lang='lat' dir='ltr'>culpa</span> <span class='ocrx_word' id='word_1_406' title='bbox 1861 2834 1962 2899; x_wconf 86' lang='grc'><strong>101000</strong></span> <span class='ocrx_word' id='word_1_407' title='bbox 1994 2842 2093 2898; x_wconf 91' lang='grc'><strong>00100.</strong></span> 
     </span>
     <span class='ocr_line' id='line_1_31' title="bbox 89 2913 2092 3002; baseline -0.002 -15"><span class='ocrx_word' id='word_1_408' title='bbox 89 2930 213 2988; x_wconf 87' lang='lat' dir='ltr'>statum</span> <span class='ocrx_word' id='word_1_409' title='bbox 237 2920 407 3002; x_wconf 82' lang='lat' dir='ltr'>fingerem.</span> <span class='ocrx_word' id='word_1_410' title='bbox 457 2916 530 3000; x_wconf 83' lang='lat' dir='ltr'>Ego</span> <span class='ocrx_word' id='word_1_411' title='bbox 556 2915 688 2980; x_wconf 91' lang='lat' dir='ltr'>tametsi</span> <span class='ocrx_word' id='word_1_412' title='bbox 720 2937 762 2981; x_wconf 86' lang='lat' dir='ltr'>ex</span> <span class='ocrx_word' id='word_1_413' title='bbox 794 2915 908 2980; x_wconf 90' lang='lat' dir='ltr'>multis</span> <span class='ocrx_word' id='word_1_414' title='bbox 939 2914 1066 2980; x_wconf 88' lang='lat' dir='ltr'>idoneis</span> <span class='ocrx_word' id='word_1_415' title='bbox 1117 2917 1186 2984; x_wconf 83' lang='lat' dir='ltr'>Sed</span> <span class='ocrx_word' id='word_1_416' title='bbox 1207 2917 1268 2982; x_wconf 91' lang='lat' dir='ltr'>boo</span> <span class='ocrx_word' id='word_1_417' title='bbox 1289 2916 1372 2981; x_wconf 90' lang='lat' dir='ltr'>mihi</span> <span class='ocrx_word' id='word_1_418' title='bbox 1393 2916 1468 2998; x_wconf 92' lang='lat' dir='ltr'>plus</span> <span class='ocrx_word' id='word_1_419' title='bbox 1489 2919 1569 2983; x_wconf 91' lang='lat' dir='ltr'>satis</span> <span class='ocrx_word' id='word_1_420' title='bbox 1597 2922 1671 2997; x_wconf 82' lang='lat' dir='ltr'>[pag.</span> <span class='ocrx_word' id='word_1_421' title='bbox 1692 2923 1743 2997; x_wconf 85' lang='lat'>16]</span> <span class='ocrx_word' id='word_1_422' title='bbox 1771 2927 1823 2984; x_wconf 89' lang='grc'>001</span> <span class='ocrx_word' id='word_1_423' title='bbox 1850 2919 1980 2985; x_wconf 90' lang='lat' dir='ltr'>nullum</span> <span class='ocrx_word' id='word_1_424' title='bbox 2006 2913 2092 2983; x_wconf 91' lang='lat' dir='ltr'>mihi</span> 
     </span>
     <span class='ocr_line' id='line_1_32' title="bbox 89 2999 2093 3088; baseline -0.003 -14"><span class='ocrx_word' id='word_1_425' title='bbox 89 3007 226 3074; x_wconf 87' lang='lat' dir='ltr'>testibus</span> <span class='ocrx_word' id='word_1_426' title='bbox 247 3012 451 3086; x_wconf 88' lang='lat' dir='ltr'>compertum</span> <span class='ocrx_word' id='word_1_427' title='bbox 460 3001 561 3067; x_wconf 90' lang='lat' dir='ltr'>habui</span> <span class='ocrx_word' id='word_1_428' title='bbox 571 2999 773 3067; x_wconf 90' lang='lat' dir='ltr'>Balduinum</span> <span class='ocrx_word' id='word_1_429' title='bbox 784 3008 852 3067; x_wconf 88' lang='lat' dir='ltr'>toto</span> <span class='ocrx_word' id='word_1_430' title='bbox 863 3001 924 3070; x_wconf 92' lang='lat' dir='ltr'>hoc</span> <span class='ocrx_word' id='word_1_431' title='bbox 936 2999 1066 3065; x_wconf 90' lang='lat' dir='ltr'>biennio</span> <span class='ocrx_word' id='word_1_432' title='bbox 1117 3004 1182 3069; x_wconf 92' lang='lat' dir='ltr'>alia</span> <span class='ocrx_word' id='word_1_433' title='bbox 1214 3002 1254 3067; x_wconf 97' lang='lat' dir='ltr'>de</span> <span class='ocrx_word' id='word_1_434' title='bbox 1283 3023 1382 3068; x_wconf 91' lang='lat' dir='ltr'>causa</span> <span class='ocrx_word' id='word_1_435' title='bbox 1395 3025 1398 3034; x_wconf 70' lang='grc'><em>’</em></span> <span class='ocrx_word' id='word_1_436' title='bbox 1413 3023 1484 3068; x_wconf 89' lang='lat' dir='ltr'>esse</span> <span class='ocrx_word' id='word_1_437' title='bbox 1515 3003 1695 3082; x_wconf 88' lang='lat' dir='ltr'>inimicum,</span> <span class='ocrx_word' id='word_1_438' title='bbox 1727 3004 1792 3069; x_wconf 88' lang='lat' dir='ltr'>nisi</span> <span class='ocrx_word' id='word_1_439' title='bbox 1824 3004 1901 3088; x_wconf 89' lang='lat' dir='ltr'>quia</span> <span class='ocrx_word' id='word_1_440' title='bbox 1933 3003 2093 3088; x_wconf 78' lang='lat' dir='ltr'>sacrilega</span> 
     </span>
     <span class='ocr_line' id='line_1_33' title="bbox 88 3087 2093 3188; baseline -0.003 -30"><span class='ocrx_word' id='word_1_441' title='bbox 88 3090 266 3178; x_wconf 86' lang='lat' dir='ltr'>proditorie</span> <span class='ocrx_word' id='word_1_442' title='bbox 287 3110 322 3154; x_wconf 91' lang='lat' dir='ltr'>se</span> <span class='ocrx_word' id='word_1_443' title='bbox 339 3090 489 3174; x_wconf 80' lang='lat' dir='ltr'>gessisse,</span> <span class='ocrx_word' id='word_1_444' title='bbox 510 3088 616 3153; x_wconf 88' lang='lat' dir='ltr'>multa</span> <span class='ocrx_word' id='word_1_445' title='bbox 625 3087 760 3154; x_wconf 90' lang='lat' dir='ltr'>sceleste</span> <span class='ocrx_word' id='word_1_446' title='bbox 778 3087 970 3169; x_wconf 89' lang='lat' dir='ltr'>etnequiter</span> <span class='ocrx_word' id='word_1_447' title='bbox 991 3090 1079 3170; x_wconf 88' lang='lat' dir='ltr'>cum&#39;</span> <span class='ocrx_word' id='word_1_448' title='bbox 1117 3088 1253 3156; x_wconf 89' lang='lat' dir='ltr'>audacia</span> <span class='ocrx_word' id='word_1_449' title='bbox 1282 3088 1455 3170; x_wconf 84' lang='lat' dir='ltr'>insurgere</span> <span class='ocrx_word' id='word_1_450' title='bbox 1486 3088 1644 3155; x_wconf 87' lang='lat' dir='ltr'>adversus</span> <span class='ocrx_word' id='word_1_451' title='bbox 1681 3089 1814 3188; x_wconf 85' lang='lat' dir='ltr'>pietatis</span> <span class='ocrx_word' id='word_1_452' title='bbox 1845 3087 2028 3156; x_wconf 88' lang='lat' dir='ltr'>doctrinam</span> <span class='ocrx_word' id='word_1_453' title='bbox 2060 3096 2093 3153; x_wconf 95' lang='lat' dir='ltr'>et</span> 
     </span>
     <span class='ocr_line' id='line_1_34' title="bbox 27 3172 2094 3263; baseline -0.002 -19"><span class='ocrx_word' id='word_1_454' title='bbox 27 3209 32 3216; x_wconf 93' lang='lat'><strong>·</strong></span> <span class='ocrx_word' id='word_1_455' title='bbox 88 3177 201 3263; x_wconf 89' lang='lat' dir='ltr'>paucis</span> <span class='ocrx_word' id='word_1_456' title='bbox 230 3176 282 3241; x_wconf 92' lang='lat' dir='ltr'>sui</span> <span class='ocrx_word' id='word_1_457' title='bbox 309 3172 471 3243; x_wconf 90' lang='lat' dir='ltr'>similibus</span> <span class='ocrx_word' id='word_1_458' title='bbox 499 3174 650 3258; x_wconf 79' lang='lat' dir='ltr'>agitasse,</span> <span class='ocrx_word' id='word_1_459' title='bbox 679 3194 717 3239; x_wconf 91' lang='grc'>00</span> <span class='ocrx_word' id='word_1_460' title='bbox 743 3172 938 3239; x_wconf 83' lang='lat' dir='ltr'>intestinum</span> <span class='ocrx_word' id='word_1_461' title='bbox 955 3172 1066 3237; x_wconf 87' lang='grc'><strong>101000</strong></span> <span class='ocrx_word' id='word_1_462' title='bbox 1116 3172 1270 3242; x_wconf 83' lang='grc' dir='ltr'><strong>0001001οο</strong></span> <span class='ocrx_word' id='word_1_463' title='bbox 1301 3172 1441 3238; x_wconf 88' lang='grc'><strong>00101010</strong></span> <span class='ocrx_word' id='word_1_464' title='bbox 1476 3194 1575 3241; x_wconf 86' lang='lat' dir='ltr'>ausus</span> <span class='ocrx_word' id='word_1_465' title='bbox 1613 3175 1723 3241; x_wconf 80' lang='lat' dir='ltr'>fuerit</span> <span class='ocrx_word' id='word_1_466' title='bbox 1778 3173 1949 3259; x_wconf 83' lang='lat' dir='ltr'>Quotquot</span> <span class='ocrx_word' id='word_1_467' title='bbox 1979 3183 2094 3240; x_wconf 89' lang='lat' dir='ltr'>nostro</span> 
     </span>
     <span class='ocr_line' id='line_1_35' title="bbox 89 3257 2091 3344; baseline -0.003 -14"><span class='ocrx_word' id='word_1_468' title='bbox 89 3262 243 3331; x_wconf 87' lang='lat' dir='ltr'>ecclesiae</span> <span class='ocrx_word' id='word_1_469' title='bbox 263 3261 406 3327; x_wconf 85' lang='lat' dir='ltr'>hostem:</span> <span class='ocrx_word' id='word_1_470' title='bbox 430 3259 576 3324; x_wconf 90' lang='lat' dir='ltr'>continui</span> <span class='ocrx_word' id='word_1_471' title='bbox 600 3280 651 3324; x_wconf 90' lang='lat' dir='ltr'>me</span> <span class='ocrx_word' id='word_1_472' title='bbox 669 3266 794 3339; x_wconf 89' lang='lat' dir='ltr'>tamen,</span> <span class='ocrx_word' id='word_1_473' title='bbox 817 3260 936 3325; x_wconf 88' lang='lat' dir='ltr'>aceius</span> <span class='ocrx_word' id='word_1_474' title='bbox 958 3257 1064 3322; x_wconf 90' lang='lat' dir='ltr'>defec-</span> <span class='ocrx_word' id='word_1_475' title='bbox 1116 3269 1263 3344; x_wconf 87' lang='lat' dir='ltr'>tempere</span> <span class='ocrx_word' id='word_1_476' title='bbox 1285 3258 1455 3325; x_wconf 87' lang='lat' dir='ltr'>Ohristum</span> <span class='ocrx_word' id='word_1_477' title='bbox 1482 3260 1616 3344; x_wconf 90' lang='lat' dir='ltr'>eiusque</span> <span class='ocrx_word' id='word_1_478' title='bbox 1642 3260 1811 3326; x_wconf 88' lang='lat' dir='ltr'>ecelesiam</span> <span class='ocrx_word' id='word_1_479' title='bbox 1839 3259 2004 3331; x_wconf 89' lang='lat' dir='ltr'>hostiliter</span> <span class='ocrx_word' id='word_1_480' title='bbox 2029 3260 2091 3325; x_wconf 91' lang='lat' dir='ltr'>im·</span> 
     </span>
     <span class='ocr_line' id='line_1_36' title="bbox 87 3342 2093 3432; baseline -0.003 -16"><span class='ocrx_word' id='word_1_481' title='bbox 87 3351 176 3416; x_wconf 90' lang='lat' dir='ltr'>tione</span> <span class='ocrx_word' id='word_1_482' title='bbox 197 3346 334 3432; x_wconf 90' lang='lat' dir='ltr'>perinde</span> <span class='ocrx_word' id='word_1_483' title='bbox 355 3345 453 3425; x_wconf 90' lang='lat' dir='ltr'>dolui,</span> <span class='ocrx_word' id='word_1_484' title='bbox 475 3345 650 3428; x_wconf 88' lang='lat' dir='ltr'>miserique</span> <span class='ocrx_word' id='word_1_485' title='bbox 676 3345 848 3410; x_wconf 92' lang='lat' dir='ltr'>interitum</span> <span class='ocrx_word' id='word_1_486' title='bbox 871 3342 998 3421; x_wconf 88' lang='lat' dir='ltr'>deflevi,</span> <span class='ocrx_word' id='word_1_487' title='bbox 1027 3364 1064 3409; x_wconf 91' lang='lat' dir='ltr'>ae</span> <span class='ocrx_word' id='word_1_488' title='bbox 1115 3357 1226 3431; x_wconf 86' lang='lat' dir='ltr'>petere</span> <span class='ocrx_word' id='word_1_489' title='bbox 1248 3352 1426 3422; x_wconf 83' lang='lat' dir='ltr'>tentanrnt,</span> <span class='ocrx_word' id='word_1_490' title='bbox 1450 3364 1564 3410; x_wconf 90' lang='lat' dir='ltr'>eorum</span> <span class='ocrx_word' id='word_1_491' title='bbox 1584 3347 1688 3415; x_wconf 86' lang='lat' dir='ltr'>furori</span> <span class='ocrx_word' id='word_1_492' title='bbox 1709 3347 1836 3411; x_wconf 85' lang='lat' dir='ltr'>fortiter</span> <span class='ocrx_word' id='word_1_493' title='bbox 1859 3367 1914 3411; x_wconf 90' lang='lat' dir='ltr'>me</span> <span class='ocrx_word' id='word_1_494' title='bbox 1941 3345 2093 3430; x_wconf 88' lang='lat' dir='ltr'>opposui:</span> 
     </span>
     <span class='ocr_line' id='line_1_37' title="bbox 88 3427 2093 3517; baseline -0.003 -14"><span class='ocrx_word' id='word_1_495' title='bbox 88 3438 308 3516; x_wconf 90' lang='lat' dir='ltr'>sinunquam</span> <span class='ocrx_word' id='word_1_496' title='bbox 329 3433 365 3497; x_wconf 93' lang='grc'>10</span> <span class='ocrx_word' id='word_1_497' title='bbox 387 3441 485 3515; x_wconf 86' lang='lat' dir='ltr'>caput</span> <span class='ocrx_word' id='word_1_498' title='bbox 504 3452 614 3497; x_wconf 92' lang='lat' dir='ltr'>meum</span> <span class='ocrx_word' id='word_1_499' title='bbox 637 3450 712 3495; x_wconf 94' lang='lat' dir='ltr'>cum</span> <span class='ocrx_word' id='word_1_500' title='bbox 725 3431 882 3513; x_wconf 91' lang='lat' dir='ltr'>improbis</span> <span class='ocrx_word' id='word_1_501' title='bbox 892 3427 1065 3517; x_wconf 84' lang='lat' dir='ltr'>nebuloni·</span> <span class='ocrx_word' id='word_1_502' title='bbox 1116 3439 1214 3516; x_wconf 90' lang='lat' dir='ltr'>atque</span> <span class='ocrx_word' id='word_1_503' title='bbox 1235 3438 1274 3495; x_wconf 90' lang='grc'>01</span> <span class='ocrx_word' id='word_1_504' title='bbox 1287 3430 1414 3494; x_wconf 86' lang='lat' dir='ltr'>acriter</span> <span class='ocrx_word' id='word_1_505' title='bbox 1435 3451 1490 3494; x_wconf 92' lang='lat' dir='ltr'>ecs</span> <span class='ocrx_word' id='word_1_506' title='bbox 1511 3433 1632 3515; x_wconf 89' lang='lat' dir='ltr'>excepi,</span> <span class='ocrx_word' id='word_1_507' title='bbox 1654 3432 1703 3496; x_wconf 89' lang='lat' dir='ltr'>ita</span> <span class='ocrx_word' id='word_1_508' title='bbox 1723 3431 1921 3516; x_wconf 82' lang='lat' dir='ltr'>infatigabili</span> <span class='ocrx_word' id='word_1_509' title='bbox 1941 3440 2093 3497; x_wconf 88' lang='lat' dir='ltr'>constan·</span> 
     </span>
     <span class='ocr_line' id='line_1_38' title="bbox 88 3512 2093 3603; baseline -0.003 -16"><span class='ocrx_word' id='word_1_510' title='bbox 88 3522 149 3587; x_wconf 91' lang='lat' dir='ltr'>bus</span> <span class='ocrx_word' id='word_1_511' title='bbox 175 3519 408 3603; x_wconf 88' lang='lat' dir='ltr'>conspirasset:</span> <span class='ocrx_word' id='word_1_512' title='bbox 431 3526 473 3582; x_wconf 89' lang='grc'>01</span> <span class='ocrx_word' id='word_1_513' title='bbox 498 3519 556 3583; x_wconf 88' lang='grc'>010</span> <span class='ocrx_word' id='word_1_514' title='bbox 582 3516 778 3600; x_wconf 82' lang='grc'><strong>0010011001</strong></span> <span class='ocrx_word' id='word_1_515' title='bbox 806 3530 914 3582; x_wconf 89' lang='lat' dir='ltr'>meam</span> <span class='ocrx_word' id='word_1_516' title='bbox 940 3516 1066 3580; x_wconf 87' lang='lat' dir='ltr'>ferrent</span> <span class='ocrx_word' id='word_1_517' title='bbox 1115 3519 1177 3596; x_wconf 69' lang='lat' dir='ltr'>tia,</span> <span class='ocrx_word' id='word_1_518' title='bbox 1193 3512 1410 3600; x_wconf 84' lang='lat' dir='ltr'>persequutus</span> <span class='ocrx_word' id='word_1_519' title='bbox 1432 3537 1514 3581; x_wconf 89' lang='lat' dir='ltr'>sum.</span> <span class='ocrx_word' id='word_1_520' title='bbox 1548 3517 1618 3582; x_wconf 90' lang='lat' dir='ltr'>Nec</span> <span class='ocrx_word' id='word_1_521' title='bbox 1638 3538 1692 3584; x_wconf 92' lang='lat' dir='ltr'>me</span> <span class='ocrx_word' id='word_1_522' title='bbox 1714 3517 1813 3583; x_wconf 92' lang='lat' dir='ltr'>huius</span> <span class='ocrx_word' id='word_1_523' title='bbox 1834 3516 1985 3583; x_wconf 89' lang='lat' dir='ltr'>assiduae</span> <span class='ocrx_word' id='word_1_524' title='bbox 2005 3515 2093 3581; x_wconf 88' lang='lat' dir='ltr'>mili·</span> 
     </span>
     <span class='ocr_line' id='line_1_39' title="bbox 87 3600 2093 3684; baseline -0.003 -10"><span class='ocrx_word' id='word_1_525' title='bbox 87 3617 218 3675; x_wconf 86' lang='lat' dir='ltr'>veteres</span> <span class='ocrx_word' id='word_1_526' title='bbox 239 3607 309 3672; x_wconf 91' lang='lat' dir='ltr'>eius</span> <span class='ocrx_word' id='word_1_527' title='bbox 331 3603 436 3671; x_wconf 81' lang='lat' dir='ltr'>amici</span> <span class='ocrx_word' id='word_1_528' title='bbox 480 3604 553 3669; x_wconf 90' lang='lat' dir='ltr'>Hoc</span> <span class='ocrx_word' id='word_1_529' title='bbox 581 3624 662 3668; x_wconf 90' lang='lat' dir='ltr'>vero</span> <span class='ocrx_word' id='word_1_530' title='bbox 689 3610 836 3668; x_wconf 87' lang='lat' dir='ltr'>extremo</span> <span class='ocrx_word' id='word_1_531' title='bbox 863 3609 938 3667; x_wconf 89' lang='lat' dir='ltr'>actu</span> <span class='ocrx_word' id='word_1_532' title='bbox 965 3600 1063 3679; x_wconf 84' lang='lat' dir='ltr'>edito,</span> <span class='ocrx_word' id='word_1_533' title='bbox 1116 3604 1183 3670; x_wconf 87' lang='lat' dir='ltr'>tiae</span> <span class='ocrx_word' id='word_1_534' title='bbox 1203 3621 1350 3684; x_wconf 88' lang='lat' dir='ltr'>unquam</span> <span class='ocrx_word' id='word_1_535' title='bbox 1371 3600 1523 3667; x_wconf 90' lang='lat' dir='ltr'>taedebit.</span> <span class='ocrx_word' id='word_1_536' title='bbox 1568 3603 1642 3668; x_wconf 88' lang='lat' dir='ltr'>Hac</span> <span class='ocrx_word' id='word_1_537' title='bbox 1663 3603 1705 3669; x_wconf 93' lang='lat' dir='ltr'>de</span> <span class='ocrx_word' id='word_1_538' title='bbox 1726 3624 1824 3669; x_wconf 90' lang='lat' dir='ltr'>eausa</span> <span class='ocrx_word' id='word_1_539' title='bbox 1845 3603 2000 3670; x_wconf 87' lang='lat' dir='ltr'>inimicus</span> <span class='ocrx_word' id='word_1_540' title='bbox 2019 3623 2093 3668; x_wconf 91' lang='lat' dir='ltr'>sum</span> 
     </span>
     <span class='ocr_line' id='line_1_40' title="bbox 87 3687 2093 3774; baseline -0.003 -13"><span class='ocrx_word' id='word_1_541' title='bbox 87 3704 197 3761; x_wconf 89' lang='lat' dir='ltr'>tacere</span> <span class='ocrx_word' id='word_1_542' title='bbox 218 3691 300 3756; x_wconf 89' lang='lat' dir='ltr'>mihi</span> <span class='ocrx_word' id='word_1_543' title='bbox 320 3711 388 3757; x_wconf 92' lang='lat' dir='ltr'>non</span> <span class='ocrx_word' id='word_1_544' title='bbox 411 3689 569 3774; x_wconf 89' lang='lat' dir='ltr'>permisit.</span> <span class='ocrx_word' id='word_1_545' title='bbox 927 3709 930 3716; x_wconf 93' lang='lat'>·</span> <span class='ocrx_word' id='word_1_546' title='bbox 1116 3687 1289 3766; x_wconf 90' lang='lat' dir='ltr'>Balduino,</span> <span class='ocrx_word' id='word_1_547' title='bbox 1310 3707 1408 3771; x_wconf 92' lang='lat' dir='ltr'>quem</span> <span class='ocrx_word' id='word_1_548' title='bbox 1429 3687 1602 3770; x_wconf 88' lang='lat' dir='ltr'>aliquando</span> <span class='ocrx_word' id='word_1_549' title='bbox 1624 3690 1740 3753; x_wconf 87' lang='lat' dir='ltr'>amavi.</span> <span class='ocrx_word' id='word_1_550' title='bbox 1772 3687 1983 3772; x_wconf 90' lang='lat' dir='ltr'>Respondeat</span> <span class='ocrx_word' id='word_1_551' title='bbox 2003 3709 2093 3754; x_wconf 89' lang='lat' dir='ltr'>nuno</span> 
     </span>
     <span class='ocr_line' id='line_1_41' title="bbox 173 3771 2092 3859; baseline -0.002 -16"><span class='ocrx_word' id='word_1_552' title='bbox 173 3779 220 3844; x_wconf 80' lang='lat' dir='ltr'>Et</span> <span class='ocrx_word' id='word_1_553' title='bbox 241 3787 352 3842; x_wconf 90' lang='lat' dir='ltr'>tamen</span> <span class='ocrx_word' id='word_1_554' title='bbox 373 3777 540 3859; x_wconf 89' lang='lat' dir='ltr'>impurum</span> <span class='ocrx_word' id='word_1_555' title='bbox 551 3794 587 3841; x_wconf 90' lang='lat' dir='ltr'>os</span> <span class='ocrx_word' id='word_1_556' title='bbox 609 3775 797 3857; x_wconf 84' lang='lat' dir='ltr'>perfricans,</span> <span class='ocrx_word' id='word_1_557' title='bbox 821 3772 960 3840; x_wconf 90' lang='lat' dir='ltr'>subinde</span> <span class='ocrx_word' id='word_1_558' title='bbox 977 3771 1065 3856; x_wconf 88' lang='lat' dir='ltr'>rogi·</span> <span class='ocrx_word' id='word_1_559' title='bbox 1114 3775 1187 3859; x_wconf 90' lang='lat' dir='ltr'>ipse</span> <span class='ocrx_word' id='word_1_560' title='bbox 1206 3772 1289 3840; x_wconf 90' lang='lat' dir='ltr'>mihi</span> <span class='ocrx_word' id='word_1_561' title='bbox 1301 3772 1419 3851; x_wconf 77' lang='lat' dir='ltr'>velim,</span> <span class='ocrx_word' id='word_1_562' title='bbox 1442 3773 1600 3856; x_wconf 90' lang='lat' dir='ltr'>quomodo</span> <span class='ocrx_word' id='word_1_563' title='bbox 1622 3780 1670 3838; x_wconf 90' lang='lat' dir='ltr'>tot</span> <span class='ocrx_word' id='word_1_564' title='bbox 1688 3774 1749 3840; x_wconf 90' lang='lat' dir='ltr'>sibi</span> <span class='ocrx_word' id='word_1_565' title='bbox 1767 3774 1954 3858; x_wconf 90' lang='lat' dir='ltr'>acquisierit</span> <span class='ocrx_word' id='word_1_566' title='bbox 1972 3774 2092 3852; x_wconf 91' lang='lat' dir='ltr'>hostes,</span> 
     </span>
     <span class='ocr_line' id='line_1_42' title="bbox 88 3858 2136 3948; baseline -0.003 -17"><span class='ocrx_word' id='word_1_567' title='bbox 88 3876 146 3943; x_wconf 91' lang='lat' dir='ltr'>tat,</span> <span class='ocrx_word' id='word_1_568' title='bbox 165 3883 326 3948; x_wconf 87' lang='lat' dir='ltr'>quaenam</span> <span class='ocrx_word' id='word_1_569' title='bbox 334 3862 775 3944; x_wconf 87' lang='lat' dir='ltr'>meintempcrantiacontra</span> <span class='ocrx_word' id='word_1_570' title='bbox 788 3861 897 3944; x_wconf 88' lang='lat' dir='ltr'>ipsum</span> <span class='ocrx_word' id='word_1_571' title='bbox 908 3859 1063 3942; x_wconf 83' lang='lat' dir='ltr'>adegerit</span> <span class='ocrx_word' id='word_1_572' title='bbox 1116 3883 1175 3927; x_wconf 90' lang='lat' dir='ltr'>cur</span> <span class='ocrx_word' id='word_1_573' title='bbox 1207 3881 1242 3926; x_wconf 92' lang='lat' dir='ltr'>se</span> <span class='ocrx_word' id='word_1_574' title='bbox 1274 3867 1309 3924; x_wconf 93' lang='lat' dir='ltr'>et</span> <span class='ocrx_word' id='word_1_575' title='bbox 1340 3860 1446 3942; x_wconf 83' lang='lat' dir='ltr'>ipsos¹</span> <span class='ocrx_word' id='word_1_576' title='bbox 1468 3858 1631 3926; x_wconf 83' lang='lat' dir='ltr'>atrocibus</span> <span class='ocrx_word' id='word_1_577' title='bbox 1666 3860 1787 3944; x_wconf 92' lang='lat' dir='ltr'>pugnis</span> <span class='ocrx_word' id='word_1_578' title='bbox 1814 3861 2006 3938; x_wconf 87' lang='lat' dir='ltr'>exercuerit,</span> <span class='ocrx_word' id='word_1_579' title='bbox 2034 3879 2093 3924; x_wconf 94' lang='lat' dir='ltr'>cur</span> <span class='ocrx_word' id='word_1_580' title='bbox 2132 3862 2136 3868; x_wconf 87' lang='grc'><strong>’</strong></span> 
     </span>
     <span class='ocr_line' id='line_1_43' title="bbox 88 3944 2094 4032; baseline -0.003 -16"><span class='ocrx_word' id='word_1_581' title='bbox 88 3949 195 4032; x_wconf 77' lang='lat' dir='ltr'>Quasi</span> <span class='ocrx_word' id='word_1_582' title='bbox 215 3970 294 4014; x_wconf 92' lang='lat' dir='ltr'>vero</span> <span class='ocrx_word' id='word_1_583' title='bbox 316 3968 382 4017; x_wconf 93' lang='lat' dir='ltr'>non</span> <span class='ocrx_word' id='word_1_584' title='bbox 403 3947 477 4031; x_wconf 91' lang='lat' dir='ltr'>plus</span> <span class='ocrx_word' id='word_1_585' title='bbox 496 3946 668 4013; x_wconf 85' lang='lat' dir='ltr'>satiamihi</span> <span class='ocrx_word' id='word_1_586' title='bbox 679 3946 942 4029; x_wconf 88' lang='lat' dir='ltr'>temperaverim,</span> <span class='ocrx_word' id='word_1_587' title='bbox 963 3964 1064 4027; x_wconf 90' lang='lat' dir='ltr'>quum</span> <span class='ocrx_word' id='word_1_588' title='bbox 1116 3966 1279 4030; x_wconf 89' lang='lat' dir='ltr'>nusquam</span> <span class='ocrx_word' id='word_1_589' title='bbox 1304 3945 1473 4027; x_wconf 84' lang='lat' dir='ltr'>reliquerit</span> <span class='ocrx_word' id='word_1_590' title='bbox 1498 3964 1615 4010; x_wconf 91' lang='lat' dir='ltr'>verum</span> <span class='ocrx_word' id='word_1_591' title='bbox 1642 3945 1794 4011; x_wconf 90' lang='lat' dir='ltr'>amioum.</span> <span class='ocrx_word' id='word_1_592' title='bbox 1846 3944 1909 4011; x_wconf 75' lang='lat' dir='ltr'>(lui</span> <span class='ocrx_word' id='word_1_593' title='bbox 1937 3946 2094 4029; x_wconf 85' lang='lat' dir='ltr'>probetur</span> 
     </span>
     <span class='ocr_line' id='line_1_44' title="bbox 88 4029 2092 4120; baseline -0.003 -18"><span class='ocrx_word' id='word_1_594' title='bbox 88 4043 257 4120; x_wconf 89' lang='lat' dir='ltr'>apostatae</span> <span class='ocrx_word' id='word_1_595' title='bbox 284 4037 422 4117; x_wconf 88' lang='lat' dir='ltr'>peperci,</span> <span class='ocrx_word' id='word_1_596' title='bbox 451 4054 511 4099; x_wconf 91' lang='grc'>000</span> <span class='ocrx_word' id='word_1_597' title='bbox 539 4040 616 4098; x_wconf 87' lang='grc'><strong>0010</strong></span> <span class='ocrx_word' id='word_1_598' title='bbox 642 4032 695 4100; x_wconf 89' lang='grc'>001</span> <span class='ocrx_word' id='word_1_599' title='bbox 721 4033 855 4097; x_wconf 88' lang='grc'><strong>01010100</strong></span> <span class='ocrx_word' id='word_1_600' title='bbox 884 4050 962 4096; x_wconf 90' lang='lat' dir='ltr'>voce</span> <span class='ocrx_word' id='word_1_601' title='bbox 988 4039 1064 4094; x_wconf 87' lang='lat' dir='ltr'>eum</span> <span class='ocrx_word' id='word_1_602' title='bbox 1116 4034 1237 4099; x_wconf 87' lang='lat' dir='ltr'>nescio:</span> <span class='ocrx_word' id='word_1_603' title='bbox 1262 4031 1414 4096; x_wconf 90' lang='lat' dir='ltr'>omnibus</span> <span class='ocrx_word' id='word_1_604' title='bbox 1435 4039 1522 4097; x_wconf 89' lang='grc'><strong>00010</strong></span> <span class='ocrx_word' id='word_1_605' title='bbox 1544 4029 1646 4097; x_wconf 89' lang='lat' dir='ltr'>doctis</span> <span class='ocrx_word' id='word_1_606' title='bbox 1666 4038 1701 4096; x_wconf 90' lang='lat' dir='ltr'>et</span> <span class='ocrx_word' id='word_1_607' title='bbox 1716 4030 1826 4114; x_wconf 90' lang='lat' dir='ltr'>probis</span> <span class='ocrx_word' id='word_1_608' title='bbox 1843 4031 1933 4109; x_wconf 88' lang='grc'><strong>01010,</strong></span> <span class='ocrx_word' id='word_1_609' title='bbox 1959 4031 2092 4115; x_wconf 90' lang='lat' dir='ltr'>quibus-</span> 
     </span>
     <span class='ocr_line' id='line_1_45' title="bbox 89 4115 2092 4207; baseline -0.004 -19"><span class='ocrx_word' id='word_1_610' title='bbox 89 4122 214 4207; x_wconf 86' lang='lat' dir='ltr'>pupugi</span> <span class='ocrx_word' id='word_1_611' title='bbox 235 4141 335 4204; x_wconf 89' lang='lat' dir='ltr'>quam</span> <span class='ocrx_word' id='word_1_612' title='bbox 362 4119 442 4184; x_wconf 91' lang='lat' dir='ltr'>dum</span> <span class='ocrx_word' id='word_1_613' title='bbox 464 4118 548 4183; x_wconf 89' lang='lat' dir='ltr'>mihi</span> <span class='ocrx_word' id='word_1_614' title='bbox 572 4118 736 4202; x_wconf 89' lang='lat' dir='ltr'>patefacta</span> <span class='ocrx_word' id='word_1_615' title='bbox 756 4118 820 4182; x_wconf 87' lang='grc'><strong>1011</strong></span> <span class='ocrx_word' id='word_1_616' title='bbox 837 4121 985 4197; x_wconf 68' lang='lat' dir='ltr'>[pag-14]</span> <span class='ocrx_word' id='word_1_617' title='bbox 1008 4115 1064 4181; x_wconf 89' lang='grc'>10-</span> <span class='ocrx_word' id='word_1_618' title='bbox 1116 4141 1191 4186; x_wconf 88' lang='grc'><strong>0001</strong></span> <span class='ocrx_word' id='word_1_619' title='bbox 1211 4124 1363 4184; x_wconf 87' lang='lat' dir='ltr'>versatus</span> <span class='ocrx_word' id='word_1_620' title='bbox 1385 4122 1444 4194; x_wconf 90' lang='lat' dir='ltr'>est,</span> <span class='ocrx_word' id='word_1_621' title='bbox 1468 4136 1604 4181; x_wconf 86' lang='lat' dir='ltr'>exosum</span> <span class='ocrx_word' id='word_1_622' title='bbox 1626 4137 1697 4181; x_wconf 90' lang='lat' dir='ltr'>esse</span> <span class='ocrx_word' id='word_1_623' title='bbox 1718 4123 1855 4182; x_wconf 86' lang='lat' dir='ltr'>constat.</span> <span class='ocrx_word' id='word_1_624' title='bbox 1898 4117 2042 4183; x_wconf 79' lang='lat' dir='ltr'>Fontem</span> <span class='ocrx_word' id='word_1_625' title='bbox 2064 4118 2092 4181; x_wconf 88' lang='lat' dir='ltr'>si</span> 
     </span>
     <span class='ocr_line' id='line_1_46' title="bbox 89 4201 2091 4291; baseline -0.003 -18"><span class='ocrx_word' id='word_1_626' title='bbox 89 4219 220 4291; x_wconf 88' lang='lat' dir='ltr'>sperata</span> <span class='ocrx_word' id='word_1_627' title='bbox 262 4206 333 4271; x_wconf 90' lang='lat' dir='ltr'>eius</span> <span class='ocrx_word' id='word_1_628' title='bbox 375 4205 587 4289; x_wconf 89' lang='lat' dir='ltr'>improbitas,</span> <span class='ocrx_word' id='word_1_629' title='bbox 631 4202 687 4269; x_wconf 91' lang='lat' dir='ltr'>ubi</span> <span class='ocrx_word' id='word_1_630' title='bbox 727 4224 762 4268; x_wconf 92' lang='lat' dir='ltr'>se</span> <span class='ocrx_word' id='word_1_631' title='bbox 801 4201 970 4268; x_wconf 82' lang='lat' dir='ltr'>Uardinali</span> <span class='ocrx_word' id='word_1_632' title='bbox 1008 4208 1066 4266; x_wconf 91' lang='lat' dir='ltr'>aut</span> <span class='ocrx_word' id='word_1_633' title='bbox 1115 4205 1311 4288; x_wconf 90' lang='lat' dir='ltr'>quaerimus,</span> <span class='ocrx_word' id='word_1_634' title='bbox 1332 4223 1399 4266; x_wconf 92' lang='lat' dir='ltr'>nen</span> <span class='ocrx_word' id='word_1_635' title='bbox 1420 4201 1504 4267; x_wconf 85' lang='lat' dir='ltr'>alius</span> <span class='ocrx_word' id='word_1_636' title='bbox 1525 4202 1717 4285; x_wconf 90' lang='lat' dir='ltr'>reperietur,</span> <span class='ocrx_word' id='word_1_637' title='bbox 1740 4222 1837 4285; x_wconf 90' lang='lat' dir='ltr'>quam</span> <span class='ocrx_word' id='word_1_638' title='bbox 1861 4203 1931 4268; x_wconf 89' lang='lat' dir='ltr'>eius</span> <span class='ocrx_word' id='word_1_639' title='bbox 1948 4202 2091 4280; x_wconf 90' lang='lat' dir='ltr'>ambitio,</span> 
     </span>
     <span class='ocr_line' id='line_1_47' title="bbox 89 4285 2092 4373; baseline -0.004 -14"><span class='ocrx_word' id='word_1_640' title='bbox 89 4295 211 4372; x_wconf 87' lang='lat' dir='ltr'>locare,</span> <span class='ocrx_word' id='word_1_641' title='bbox 241 4302 301 4357; x_wconf 92' lang='lat' dir='ltr'>aut</span> <span class='ocrx_word' id='word_1_642' title='bbox 325 4289 470 4357; x_wconf 87' lang='lat' dir='ltr'>vendere</span> <span class='ocrx_word' id='word_1_643' title='bbox 496 4311 565 4354; x_wconf 91' lang='lat' dir='ltr'>non</span> <span class='ocrx_word' id='word_1_644' title='bbox 597 4288 784 4356; x_wconf 85' lang='lat' dir='ltr'>dubitavit</span> <span class='ocrx_word' id='word_1_645' title='bbox 819 4289 886 4354; x_wconf 91' lang='lat' dir='ltr'>Per</span> <span class='ocrx_word' id='word_1_646' title='bbox 915 4308 968 4353; x_wconf 91' lang='lat' dir='ltr'>me</span> <span class='ocrx_word' id='word_1_647' title='bbox 1001 4287 1064 4351; x_wconf 89' lang='lat' dir='ltr'>im-</span> <span class='ocrx_word' id='word_1_648' title='bbox 1116 4289 1281 4373; x_wconf 91' lang='lat' dir='ltr'>superbia,</span> <span class='ocrx_word' id='word_1_649' title='bbox 1314 4287 1453 4366; x_wconf 90' lang='lat' dir='ltr'>invidia,</span> <span class='ocrx_word' id='word_1_650' title='bbox 1486 4285 1623 4370; x_wconf 85' lang='lat' dir='ltr'>perfidia</span> <span class='ocrx_word' id='word_1_651' title='bbox 1634 4292 1659 4364; x_wconf 91' lang='lat'>¹)</span> <span class='ocrx_word' id='word_1_652' title='bbox 1687 4297 1720 4353; x_wconf 92' lang='lat' dir='ltr'>et</span> <span class='ocrx_word' id='word_1_653' title='bbox 1747 4288 1776 4352; x_wconf 92' lang='lat' dir='ltr'>si</span> <span class='ocrx_word' id='word_1_654' title='bbox 1802 4309 1867 4371; x_wconf 91' lang='lat' dir='ltr'>qua</span> <span class='ocrx_word' id='word_1_655' title='bbox 1893 4296 1945 4353; x_wconf 87' lang='lat' dir='ltr'>est</span> <span class='ocrx_word' id='word_1_656' title='bbox 1976 4286 2092 4352; x_wconf 89' lang='lat' dir='ltr'>similis</span> 
     </span>
     <span class='ocr_line' id='line_1_48' title="bbox 89 4371 2091 4464; baseline -0.004 -18"><span class='ocrx_word' id='word_1_657' title='bbox 89 4401 179 4464; x_wconf 91' lang='lat' dir='ltr'>pune</span> <span class='ocrx_word' id='word_1_658' title='bbox 206 4378 383 4461; x_wconf 85' lang='lat' dir='ltr'>quievisset</span> <span class='ocrx_word' id='word_1_659' title='bbox 409 4376 563 4443; x_wconf 89' lang='lat' dir='ltr'>occultior</span> <span class='ocrx_word' id='word_1_660' title='bbox 591 4377 661 4441; x_wconf 92' lang='lat' dir='ltr'>eius</span> <span class='ocrx_word' id='word_1_661' title='bbox 688 4375 895 4457; x_wconf 90' lang='lat' dir='ltr'>improbitas:</span> <span class='ocrx_word' id='word_1_662' title='bbox 928 4372 987 4439; x_wconf 92' lang='lat' dir='ltr'>sed</span> <span class='ocrx_word' id='word_1_663' title='bbox 1008 4372 1071 4438; x_wconf 91' lang='lat' dir='ltr'>ubi·</span> <span class='ocrx_word' id='word_1_664' title='bbox 1116 4376 1232 4442; x_wconf 89' lang='lat' dir='ltr'>virtus.</span> <span class='ocrx_word' id='word_1_665' title='bbox 1283 4371 1351 4438; x_wconf 82' lang='lat' dir='ltr'>Sed</span> <span class='ocrx_word' id='word_1_666' title='bbox 1382 4379 1451 4438; x_wconf 92' lang='lat' dir='ltr'>toto</span> <span class='ocrx_word' id='word_1_667' title='bbox 1479 4371 1589 4437; x_wconf 91' lang='lat' dir='ltr'>libello</span> <span class='ocrx_word' id='word_1_668' title='bbox 1622 4394 1657 4439; x_wconf 93' lang='lat' dir='ltr'>se</span> <span class='ocrx_word' id='word_1_669' title='bbox 1696 4373 1805 4457; x_wconf 91' lang='lat' dir='ltr'>prodit</span> <span class='ocrx_word' id='word_1_670' title='bbox 1834 4372 1989 4457; x_wconf 93' lang='lat' dir='ltr'>pudenda</span> <span class='ocrx_word' id='word_1_671' title='bbox 2021 4373 2091 4437; x_wconf 90' lang='lat' dir='ltr'>eius</span> 
     </span>
     <span class='ocr_line' id='line_1_49' title="bbox 90 4456 2092 4548; baseline -0.005 -16"><span class='ocrx_word' id='word_1_672' title='bbox 90 4466 178 4532; x_wconf 89' lang='lat' dir='ltr'>ultro</span> <span class='ocrx_word' id='word_1_673' title='bbox 209 4464 372 4548; x_wconf 82' lang='lat' dir='ltr'>prorupit,</span> <span class='ocrx_word' id='word_1_674' title='bbox 400 4483 500 4545; x_wconf 90' lang='lat' dir='ltr'>seque</span> <span class='ocrx_word' id='word_1_675' title='bbox 528 4461 707 4528; x_wconf 91' lang='lat' dir='ltr'>insolenter</span> <span class='ocrx_word' id='word_1_676' title='bbox 732 4461 879 4538; x_wconf 89' lang='lat' dir='ltr'>iactavit,</span> <span class='ocrx_word' id='word_1_677' title='bbox 908 4479 1064 4542; x_wconf 91' lang='lat' dir='ltr'>quorsum</span> <span class='ocrx_word' id='word_1_678' title='bbox 1115 4462 1252 4527; x_wconf 87' lang='grc'><strong>10101100</strong></span> <span class='ocrx_word' id='word_1_679' title='bbox 1282 4477 1347 4541; x_wconf 88' lang='lat' dir='ltr'>qua</span> <span class='ocrx_word' id='word_1_680' title='bbox 1377 4477 1455 4524; x_wconf 89' lang='lat' dir='ltr'>voce</span> <span class='ocrx_word' id='word_1_681' title='bbox 1487 4459 1620 4542; x_wconf 80' lang='lat' dir='ltr'>gravim</span> <span class='ocrx_word' id='word_1_682' title='bbox 1654 4481 1729 4526; x_wconf 91' lang='lat' dir='ltr'>eum</span> <span class='ocrx_word' id='word_1_683' title='bbox 1756 4459 1909 4539; x_wconf 91' lang='lat' dir='ltr'>vulnero,</span> <span class='ocrx_word' id='word_1_684' title='bbox 1937 4478 2034 4541; x_wconf 90' lang='lat' dir='ltr'>quam</span> <span class='ocrx_word' id='word_1_685' title='bbox 2062 4456 2092 4522; x_wconf 91' lang='lat' dir='ltr'>si</span> 
     </span>
     <span class='ocr_line' id='line_1_50' title="bbox 90 4542 2091 4632; baseline -0.004 -15"><span class='ocrx_word' id='word_1_686' title='bbox 90 4551 209 4618; x_wconf 87' lang='lat' dir='ltr'>attinet</span> <span class='ocrx_word' id='word_1_687' title='bbox 231 4549 273 4616; x_wconf 93' lang='lat' dir='ltr'>de</span> <span class='ocrx_word' id='word_1_688' title='bbox 294 4570 330 4614; x_wconf 89' lang='lat' dir='ltr'>re</span> <span class='ocrx_word' id='word_1_689' title='bbox 352 4549 526 4632; x_wconf 89' lang='lat' dir='ltr'>conspicua</span> <span class='ocrx_word' id='word_1_690' title='bbox 542 4544 719 4614; x_wconf 79' lang='lat' dir='ltr'>sciscitari?</span> <span class='ocrx_word' id='word_1_691' title='bbox 743 4545 842 4612; x_wconf 78' lang='lat' dir='ltr'>Certe</span> <span class='ocrx_word' id='word_1_692' title='bbox 858 4567 879 4610; x_wconf 91' lang='lat' dir='ltr'>a</span> <span class='ocrx_word' id='word_1_693' title='bbox 895 4566 948 4611; x_wconf 89' lang='lat' dir='ltr'>me</span> <span class='ocrx_word' id='word_1_694' title='bbox 966 4564 1064 4628; x_wconf 87' lang='lat' dir='ltr'>quae·</span> <span class='ocrx_word' id='word_1_695' title='bbox 1115 4568 1212 4613; x_wconf 91' lang='lat' dir='ltr'>omne</span> <span class='ocrx_word' id='word_1_696' title='bbox 1245 4563 1350 4629; x_wconf 86' lang='lat' dir='ltr'>genus</span> <span class='ocrx_word' id='word_1_697' title='bbox 1382 4542 1541 4609; x_wconf 87' lang='lat' dir='ltr'>scelerum</span> <span class='ocrx_word' id='word_1_698' title='bbox 1573 4545 1608 4609; x_wconf 92' lang='lat' dir='ltr'>in</span> <span class='ocrx_word' id='word_1_699' title='bbox 1639 4566 1716 4610; x_wconf 90' lang='lat' dir='ltr'>eum</span> <span class='ocrx_word' id='word_1_700' title='bbox 1748 4546 1936 4612; x_wconf 89' lang='lat' dir='ltr'>conferrem.</span> <span class='ocrx_word' id='word_1_701' title='bbox 1987 4543 2091 4608; x_wconf 83' lang='lat' dir='ltr'>Recto</span> 
     </span>
     <span class='ocr_line' id='line_1_51' title="bbox 91 4628 2091 4715; baseline -0.004 -13"><span class='ocrx_word' id='word_1_702' title='bbox 91 4638 175 4702; x_wconf 87' lang='lat' dir='ltr'>situs</span> <span class='ocrx_word' id='word_1_703' title='bbox 201 4656 271 4701; x_wconf 92' lang='lat' dir='ltr'>non</span> <span class='ocrx_word' id='word_1_704' title='bbox 309 4642 373 4700; x_wconf 90' lang='lat' dir='ltr'>est:</span> <span class='ocrx_word' id='word_1_705' title='bbox 407 4655 524 4700; x_wconf 90' lang='lat' dir='ltr'>verum</span> <span class='ocrx_word' id='word_1_706' title='bbox 556 4634 720 4699; x_wconf 77' lang='grc'><strong>0011001100</strong></span> <span class='ocrx_word' id='word_1_707' title='bbox 747 4651 826 4698; x_wconf 87' lang='lat' dir='ltr'>suae</span> <span class='ocrx_word' id='word_1_708' title='bbox 854 4633 1008 4715; x_wconf 84' lang='lat' dir='ltr'>imputat,</span> <span class='ocrx_word' id='word_1_709' title='bbox 1037 4631 1065 4696; x_wconf 89' lang='lat' dir='ltr'>si</span> <span class='ocrx_word' id='word_1_710' title='bbox 1116 4633 1206 4699; x_wconf 91' lang='lat' dir='ltr'>enim</span> <span class='ocrx_word' id='word_1_711' title='bbox 1228 4640 1262 4696; x_wconf 91' lang='lat' dir='ltr'>et</span> <span class='ocrx_word' id='word_1_712' title='bbox 1283 4629 1420 4695; x_wconf 88' lang='lat' dir='ltr'>honesto</span> <span class='ocrx_word' id='word_1_713' title='bbox 1441 4628 1569 4712; x_wconf 89' lang='lat' dir='ltr'>pridem</span> <span class='ocrx_word' id='word_1_714' title='bbox 1595 4629 1764 4697; x_wconf 90' lang='lat' dir='ltr'>valedixit:</span> <span class='ocrx_word' id='word_1_715' title='bbox 1794 4629 1889 4695; x_wconf 93' lang='lat' dir='ltr'>modo</span> <span class='ocrx_word' id='word_1_716' title='bbox 1916 4635 2030 4695; x_wconf 89' lang='lat' dir='ltr'>acutus</span> <span class='ocrx_word' id='word_1_717' title='bbox 2057 4637 2091 4694; x_wconf 91' lang='lat' dir='ltr'>et</span> 
     </span>
     <span class='ocr_line' id='line_1_52' title="bbox 89 4712 2090 4805; baseline -0.004 -17"><span class='ocrx_word' id='word_1_718' title='bbox 89 4721 261 4789; x_wconf 87' lang='grc'><strong>0001001001</strong></span> <span class='ocrx_word' id='word_1_719' title='bbox 281 4719 498 4805; x_wconf 85' lang='lat' dir='ltr'>oppugnando</span> <span class='ocrx_word' id='word_1_720' title='bbox 517 4721 554 4785; x_wconf 91' lang='lat' dir='ltr'>in</span> <span class='ocrx_word' id='word_1_721' title='bbox 575 4739 679 4785; x_wconf 88' lang='lat' dir='ltr'>unum</span> <span class='ocrx_word' id='word_1_722' title='bbox 707 4716 842 4784; x_wconf 88' lang='grc'><strong>0011110</strong></span> <span class='ocrx_word' id='word_1_723' title='bbox 864 4717 935 4782; x_wconf 88' lang='lat' dir='ltr'>eius</span> <span class='ocrx_word' id='word_1_724' title='bbox 957 4727 1064 4784; x_wconf 85' lang='lat' dir='ltr'>custo·</span> <span class='ocrx_word' id='word_1_725' title='bbox 1117 4719 1211 4784; x_wconf 87' lang='lat' dir='ltr'>vafer</span> <span class='ocrx_word' id='word_1_726' title='bbox 1237 4713 1397 4782; x_wconf 75' lang='lat' dir='ltr'>medetur.</span> <span class='ocrx_word' id='word_1_727' title='bbox 1448 4712 1542 4780; x_wconf 84' lang='lat' dir='ltr'>Serio</span> <span class='ocrx_word' id='word_1_728' title='bbox 1575 4723 1685 4782; x_wconf 90' lang='lat' dir='ltr'>tamen</span> <span class='ocrx_word' id='word_1_729' title='bbox 1718 4713 1882 4781; x_wconf 90' lang='grc'><strong>10000100</strong></span> <span class='ocrx_word' id='word_1_730' title='bbox 1909 4721 1959 4780; x_wconf 92' lang='lat' dir='ltr'>est</span> <span class='ocrx_word' id='word_1_731' title='bbox 1990 4734 2090 4797; x_wconf 89' lang='lat' dir='ltr'>quam</span> 
     </span>
     <span class='ocr_line' id='line_1_53' title="bbox 91 4797 2089 4890; baseline -0.006 -15"><span class='ocrx_word' id='word_1_732' title='bbox 91 4808 187 4875; x_wconf 89' lang='lat' dir='ltr'>dibus</span> <span class='ocrx_word' id='word_1_733' title='bbox 208 4806 355 4884; x_wconf 88' lang='lat' dir='ltr'>incurrit,</span> <span class='ocrx_word' id='word_1_734' title='bbox 378 4807 435 4890; x_wconf 92' lang='lat' dir='ltr'>qui</span> <span class='ocrx_word' id='word_1_735' title='bbox 462 4827 578 4873; x_wconf 90' lang='lat' dir='ltr'>nocere</span> <span class='ocrx_word' id='word_1_736' title='bbox 605 4811 766 4889; x_wconf 90' lang='lat' dir='ltr'>quantum</span> <span class='ocrx_word' id='word_1_737' title='bbox 794 4801 924 4870; x_wconf 82' lang='lat' dir='ltr'>volebat</span> <span class='ocrx_word' id='word_1_738' title='bbox 949 4823 1065 4887; x_wconf 70' lang='lat' dir='ltr'>pmsus</span> <span class='ocrx_word' id='word_1_739' title='bbox 1117 4803 1270 4890; x_wconf 83' lang='grc'><strong>00111000</strong></span> <span class='ocrx_word' id='word_1_740' title='bbox 1296 4821 1331 4865; x_wconf 91' lang='lat' dir='ltr'>se</span> <span class='ocrx_word' id='word_1_741' title='bbox 1351 4797 1475 4880; x_wconf 65' lang='lat' dir='ltr'>,reddat</span> <span class='ocrx_word' id='word_1_742' title='bbox 1500 4800 1650 4884; x_wconf 92' lang='lat' dir='ltr'>insipidis</span> <span class='ocrx_word' id='word_1_743' title='bbox 1677 4801 1745 4867; x_wconf 92' lang='lat' dir='ltr'>suis</span> <span class='ocrx_word' id='word_1_744' title='bbox 1774 4804 1848 4879; x_wconf 74' lang='lat' dir='ltr'>[pag.</span> <span class='ocrx_word' id='word_1_745' title='bbox 1873 4804 1927 4878; x_wconf 84' lang='grc'>11]</span> <span class='ocrx_word' id='word_1_746' title='bbox 1953 4799 2089 4866; x_wconf 88' lang='lat' dir='ltr'>facetiis.</span> 
     </span>
     <span class='ocr_line' id='line_1_54' title="bbox 23 4884 2089 4973; baseline -0.003 -16"><span class='ocrx_word' id='word_1_747' title='bbox 23 4949 28 4957; x_wconf 85' lang='lat'><em>.</em></span> <span class='ocrx_word' id='word_1_748' title='bbox 89 4915 159 4964; x_wconf 90' lang='lat' dir='ltr'>nou</span> <span class='ocrx_word' id='word_1_749' title='bbox 179 4901 238 4960; x_wconf 89' lang='lat' dir='ltr'>est</span> <span class='ocrx_word' id='word_1_750' title='bbox 283 4890 329 4958; x_wconf 81' lang='lat' dir='ltr'>Se</span> <span class='ocrx_word' id='word_1_751' title='bbox 350 4902 597 4958; x_wconf 83' lang='grc'><strong>1000001000</strong></span> <span class='ocrx_word' id='word_1_752' title='bbox 623 4890 796 4957; x_wconf 89' lang='grc'><strong>1000110010</strong></span> <span class='ocrx_word' id='word_1_753' title='bbox 823 4889 961 4956; x_wconf 89' lang='grc'><strong>00100100</strong></span> <span class='ocrx_word' id='word_1_754' title='bbox 988 4909 1065 4973; x_wconf 91' lang='lat' dir='ltr'>pur·</span> <span class='ocrx_word' id='word_1_755' title='bbox 1117 4890 1226 4973; x_wconf 89' lang='lat' dir='ltr'>Negat</span> <span class='ocrx_word' id='word_1_756' title='bbox 1261 4907 1297 4952; x_wconf 92' lang='lat' dir='ltr'>se</span> <span class='ocrx_word' id='word_1_757' title='bbox 1330 4904 1501 4952; x_wconf 88' lang='lat' dir='ltr'>censuram</span> <span class='ocrx_word' id='word_1_758' title='bbox 1531 4889 1677 4972; x_wconf 86' lang='lat' dir='ltr'>accipere</span> <span class='ocrx_word' id='word_1_759' title='bbox 1707 4906 1806 4970; x_wconf 91' lang='lat' dir='ltr'>quam</span> <span class='ocrx_word' id='word_1_760' title='bbox 1839 4884 1956 4963; x_wconf 90' lang='lat' dir='ltr'>detuli,</span> <span class='ocrx_word' id='word_1_761' title='bbox 1991 4906 2089 4968; x_wconf 91' lang='lat' dir='ltr'>seque</span> 
     </span>
     <span class='ocr_line' id='line_1_55' title="bbox 89 4975 1150 5066; baseline -0.008 -20"><span class='ocrx_word' id='word_1_762' title='bbox 89 4987 206 5066; x_wconf 81' lang='lat' dir='ltr'>gutum</span> <span class='ocrx_word' id='word_1_763' title='bbox 237 4978 419 5055; x_wconf 86' lang='grc'><strong>0010110101,</strong></span> <span class='ocrx_word' id='word_1_764' title='bbox 448 4978 476 5041; x_wconf 89' lang='grc'>01</span> <span class='ocrx_word' id='word_1_765' title='bbox 508 4977 645 5044; x_wconf 91' lang='lat' dir='ltr'>verbulo</span> <span class='ocrx_word' id='word_1_766' title='bbox 672 4996 739 5041; x_wconf 91' lang='lat' dir='ltr'>uno</span> <span class='ocrx_word' id='word_1_767' title='bbox 772 4975 914 5058; x_wconf 91' lang='lat' dir='ltr'>excipiat</span> <span class='ocrx_word' id='word_1_768' title='bbox 939 4975 1066 5042; x_wconf 89' lang='lat' dir='ltr'>fabulas</span> <span class='ocrx_word' id='word_1_769' title='bbox 1146 5001 1150 5009; x_wconf 54' lang='grc'>’</span> 
     </span>
     <span class='ocr_line' id='line_1_56' title="bbox 88 5061 1066 5151; baseline -0.006 -19"><span class='ocrx_word' id='word_1_770' title='bbox 88 5088 147 5133; x_wconf 91' lang='lat' dir='ltr'>me</span> <span class='ocrx_word' id='word_1_771' title='bbox 173 5088 215 5131; x_wconf 91' lang='lat' dir='ltr'>ex</span> <span class='ocrx_word' id='word_1_772' title='bbox 240 5064 339 5131; x_wconf 89' lang='lat' dir='ltr'>trivio</span> <span class='ocrx_word' id='word_1_773' title='bbox 371 5063 515 5151; x_wconf 80' lang='lat' dir='ltr'>arripere</span> <span class='ocrx_word' id='word_1_774' title='bbox 543 5061 597 5129; x_wconf 91' lang='lat' dir='ltr'>vel</span> <span class='ocrx_word' id='word_1_775' title='bbox 623 5061 759 5128; x_wconf 90' lang='lat' dir='ltr'>nebulas</span> <span class='ocrx_word' id='word_1_776' title='bbox 786 5080 957 5146; x_wconf 90' lang='lat' dir='ltr'>spargere,</span> <span class='ocrx_word' id='word_1_777' title='bbox 985 5080 1066 5144; x_wconf 87' lang='lat' dir='ltr'>quas</span> 
     </span>
     <span class='ocr_line' id='line_1_57' title="bbox 87 5145 1655 5237; baseline -0.006 -17"><span class='ocrx_word' id='word_1_778' title='bbox 87 5154 166 5237; x_wconf 90' lang='lat' dir='ltr'>ipsc</span> <span class='ocrx_word' id='word_1_779' title='bbox 185 5159 314 5218; x_wconf 86' lang='lat' dir='ltr'>tacente</span> <span class='ocrx_word' id='word_1_780' title='bbox 336 5149 406 5216; x_wconf 91' lang='lat' dir='ltr'>dies</span> <span class='ocrx_word' id='word_1_781' title='bbox 426 5147 556 5232; x_wconf 90' lang='lat' dir='ltr'>pridem</span> <span class='ocrx_word' id='word_1_782' title='bbox 577 5145 736 5213; x_wconf 87' lang='grc'><strong>110000011.</strong></span> <span class='ocrx_word' id='word_1_783' title='bbox 773 5145 876 5227; x_wconf 76' lang='lat' dir='ltr'>Quasi</span> <span class='ocrx_word' id='word_1_784' title='bbox 897 5167 981 5213; x_wconf 90' lang='lat' dir='ltr'>vero</span> <span class='ocrx_word' id='word_1_785' title='bbox 998 5159 1067 5212; x_wconf 87' lang='lat' dir='ltr'>tam</span> <span class='ocrx_word' id='word_1_786' title='bbox 1187 5161 1217 5227; x_wconf 87' lang='lat'>1)</span> <span class='ocrx_word' id='word_1_787' title='bbox 1235 5158 1415 5230; x_wconf 71' lang='lat' dir='ltr'>pertatem.</span> <span class='ocrx_word' id='word_1_788' title='bbox 1434 5160 1511 5216; x_wconf 74' lang='lat' dir='ltr'>Bae</span> <span class='ocrx_word' id='word_1_789' title='bbox 1527 5165 1554 5215; x_wconf 81' lang='lat' dir='ltr'>et</span> <span class='ocrx_word' id='word_1_790' title='bbox 1569 5159 1655 5214; x_wconf 71' lang='lat' dir='ltr'>Aac.</span> 
     </span>
    </p>
   </div>
   <div class='ocr_carea' id='block_1_3' title="bbox 0 0 2314 5828">
    <p class='ocr_par' dir='ltr' id='par_1_3' title="bbox 0 0 2314 5828">
     <span class='ocr_line' id='line_1_58' title="bbox 0 0 2314 5828; baseline 0 0"><span class='ocrx_word' id='word_1_791' title='bbox 0 0 2314 5828; x_wconf 95' lang='lat' dir='ltr'> </span> 
     </span>
    </p>
   </div>
  </div>
 </body>
</html>
