4590 5858
227 233 293 304 eu
339 176 342 177 f
1041 221 1410 309 eustathianus

227 431 274 492 est
301 426 392 506 dese,
427 447 486 508 que
511 423 600 490 Βίου
631 428 760 491 voute
781 424 888 490 *anne
920 424 947 490 le
976 422 1135 510 plaiae&
1171 427 1204 493 lo

227 513 331 592 meio,
342 518 425 593 pour'
443 518 614 595 poooemer
633 512 690 575 ooe
709 511 845 577 sulieole
864 531 902 575 en
920 532 979 596 eoo
1002 509 1148 592 Noae
1161 533 1204 578 *en

227 617 286 663 eon
319 597 591 677 autumet-*pais
622 597 801 677 oa’teoee
816 596 891 678 >foe
906 601 974 666 aest
1000 597 1139 662 honneur
1152 598 1204 664 uie

227 703 306 747 eoae
332 682 481 748 attribuer
507 703 562 747 son
590 680 672 746 Nom
700 686 728 746 et
753 700 809 745 eon
840 682 939 748 tiltre:
965 683 1044 765 pute
1073 683 1151 764 qu’il
1182 705 1203 749 o

228 768 369 850 senetifil
393 773 492 834 vostre
520 771 597 833 estet
617 767 812 848 pardessus
834 767 878 832 les
904 768 1037 848 aeltres,
1065 769 1130 850 ofin
1151 767 1203 852 ely

225 854 312 936 faire
339 853 454 919 relaire
485 874 521 919 en
545 855 652 934 partie
682 872 719 917 so
747 852 846 936 plolre
876 858 904 917 et
934 853 1077 919 moleste:
1108 855 1202 935 qa'un
1257 871 1260 880 ·

229 939 363 1004 chasma
383 940 421 1005 de
442 959 517 1004 eous
537 938 701 1021 s’employe
722 937 743 1002 ὰ
763 958 819 1002 son
841 939 986 1019 endroiel,
1004 940 1025 1003 ὰ
1041 940 1204 1022 mopnifier

229 1030 258 1089 et
276 1024 392 1089 walter
413 1024 499 1108 celuy
526 1024 581 1106 qui
603 1028 647 1088 eso
667 1044 706 1088 so
727 1044 821 1105 oroye
843 1022 952 1109 Imope
970 1025 1135 1108 perteue,
1166 1045 1205 1090 en
1259 1040 1263 1047 '

229 1109 359 1193 laquelle
385 1109 410 1174 ll
434 1130 467 1176 se
486 1108 657 1190 represeale
672 1108 860 1190 pleinement
880 1110 901 1175 ὰ
921 1130 1007 1175 noue.
1056 1110 1101 1175 Or
1120 1131 1205 1191 poor

230 1216 270 1261 ee·
292 1195 375 1277 faire
406 1197 433 1261 il
456 1216 495 1260 oe
520 1193 609 1275 suffit
627 1215 698 1276 ⁴pos
730 1195 768 1260 de
800 1195 950 1277 wofeeeer
978 1195 1071 1260 Iesus
1100 1194 1205 1261 Christ

229 1281 408 1361 seulerneot,
436 1281 571 1363 etfoiee
594 1280 772 1363 profession
800 1281 908 1346 d’astre
935 1282 1032 1360 elene,
1056 1300 1140 1362 pour
1167 1302 1204 1346 en

230 1367 320 1433 oooir
347 1366 375 1431 le
399 1366 483 1433 tiltre
510 1385 587 1431 sons
613 1366 646 1430 lo
672 1365 767 1437 oerlte'
788 1369 815 1429 et
836 1366 870 1431 lo
890 1366 990 1445 deese,
1019 1367 1102 1431 meis
1122 1367 1205 1449 foalt

232 1452 348 1518 donner
375 1451 438 1517 lieu
465 1452 486 1516 ὰ
512 1472 566 1516 son
592 1452 694 1516 saioe‘
719 1450 872 1534 annfile
898 1451 981 1516 elle
1005 1454 1139 1521 reoeoolr
1167 1468 1205 1516 en

226 1538 385 1622 porfoe'ote
406 1537 579 1602 obeieseooe
600 1542 628 1601 et
649 1537 798 1601 humilite‘.
846 1535 887 1601 Ge
908 1539 962 1618 qui
984 1542 1029 1602 est
1050 1537 1118 1602 bien
1138 1537 1204 1620 lof-

229 1625 285 1706 fiee
300 1625 382 1687 'lan
402 1622 544 1688 chasnen.
590 1622 680 1687 Meis
706 1621 731 1686 il
752 1623 930 1704 appartient
950 1623 1163 1704 specialement
1185 1622 1206 1687 ὰ

230 1730 306 1775 eoas
327 1708 366 1774 de
384 1710 470 1791 foere
492 1708 567 1789 qu'il
592 1711 639 1772 oit
664 1709 827 1787 oedienee,
856 1713 883 1772 et
908 1708 989 1790 qu'il
1015 1710 1075 1773 soit
1095 1708 1206 1789 publii

225 1817 292 1877 por
314 1814 369 1858 voe
390 1796 480 1874 pais,
501 1815 585 1877 peter
612 1799 690 1858 estre
718 1794 849 1858 eotenclu
875 1794 914 1859 de
940 1799 1008 1860 tous
1035 1794 1123 1859 ceole
1150 1795 1206 1876 qui

230 1900 306 1945 vous
338 1885 408 1944 sont
436 1881 561 1945 connis
593 1900 630 1943 en
661 1879 786 1961 eboreo:
824 1878 892 1959 ofin
924 1879 1021 1960 qu’ile
1052 1900 1129 1944 voees
1161 1901 1207 1945 re·

230 1966 438 2048 eoapaoe'eseal
466 1966 632 2031 seroiteurs
659 1970 688 2028 el
713 1965 871 2029 mioletree
892 1966 930 2030 de
951 1986 983 2029 oe
1002 1967 1106 2048 proed
1129 1965 1207 2047 Roy,

227 2072 309 2133 pour
331 2050 357 2115 le
378 2054 478 2128 seroie
499 2055 526 2115 et
547 2050 707 2130 lennorer,
729 2071 766 2115 en
787 2070 863 2114 eous
884 2050 1036 2116 obeiseont
1057 2050 1151 2116 soube
1170 2071 1207 2116 sa
1273 2072 1277 2083 ·

231 2138 319 2222 moia
340 2141 367 2199 el
389 2138 549 2203 ooedaiete.
686 2158 688 2163 ·
1009 2147 1013 2156 '

316 2220 399 2286 ‘G’esl
420 2243 451 2287 oe
474 2243 532 2304 que
559 2222 586 2285 le
609 2220 761 2304 Seipoeur
781 2221 916 2302 requiert
936 2221 974 2287 de
994 2241 1071 2286 vous
1092 2222 1207 2302 quood,

226 2309 292 2388 pol
309 2328 366 2371 soa
380 2306 538 2388 Propheta
556 2307 581 2370 ll
598 2327 673 2370 ooue
690 2306 809 2387 appelle
829 2310 948 2371 tuteur's
969 2308 1006 2372 de
1023 2326 1080 2371 son
1092 2306 1207 2389 llplise.

233 2391 395 2458 Geraesto
421 2393 510 2457 tutele
538 2413 579 2456 oa
599 2393 766 2474 prolatet
792 2413 829 2456 oe
854 2393 917 2474 piet
936 2413 1002 2474 poe
1028 2391 1049 2455 ὰ
1076 2392 1209 2475 eelorpir

191 2467 199 2483 ⁹
230 2479 386 2555 riehessea
404 2477 570 2561 priuilepes
581 2484 608 2542 et
626 2477 780 2542 honoears
796 2499 839 2542 ou
852 2476 974 2561 Charyb:
995 2479 1070 2543 dont
1086 2477 1112 2541 il
1127 2481 1207 2541 s'eo-
1260 2487 1262 2493 “

232 2563 423 2647 oequeo'llisoe
442 2565 522 2646 puis
543 2583 636 2643 apres
658 2567 685 2626 et
706 2563 810 2642 esleve,
831 2563 899 2626 oioe
914 2568 1161 2644 puopeusement
1181 2568 1209 2626 et

231 2670 268 2713 en
295 2654 374 2714 toute
400 2650 596 2727 dissolutioo,
625 2653 725 2713 contre
751 2648 859 2713 l'oedre
885 2649 923 2714 de
943 2668 999 2713 son
1026 2653 1114 2712 estet:
1142 2652 1209 2712 tant
1307 2651 1310 2659 '

231 2736 332 2800 moins
359 2756 463 2800 eaeore
487 2735 550 2817 pist
575 2733 630 2798 ele
656 2734 677 2797 ὰ
704 2734 732 2798 le
759 2734 928 2798 maioteolr
954 2755 992 2797 eo
1012 2755 1069 2799 soe
1090 2734 1209 2816 wynell

232 2826 316 2886 elea
336 2840 385 2885 ses
400 2840 530 2902 pompas
556 2819 785 2884 deeordonoees.
830 2818 919 2884 Mais
944 2823 1014 2884 o’est
1035 2820 1073 2884 de
1094 2839 1208 2899 proea-

232 2928 283 2971 rer
308 2926 366 2988 que
395 2905 426 2971 la
452 2906 588 2971 doctrine
608 2907 646 2970 de
666 2905 762 2970 oerite'
783 2909 811 2969 et
832 2905 864 2970 lo
879 2905 992 2985 purete
1014 2905 1051 2969 de
1078 2904 1206 2969 lEeon-

230 2991 292 3077 pile
321 2993 461 3057 domeure
487 3011 523 3055 en
545 3011 600 3055 soa
625 2992 736 3055 entier:
768 3011 827 3072 que
850 2990 882 3054 lo
903 2992 1021 3055 solnete
1042 2990 1207 3057 Esorilure

231 3079 291 3143 soil
315 3077 485 3159 fidelement
499 3076 629 3158 preele'e
650 3082 677 3140 el
698 3076 778 3140 leae:
807 3097 865 3157 que
886 3075 972 3141 Dieu
994 3077 1053 3141 soit
1073 3077 1207 3142 honnen‘

231 3163 314 3228 selon
341 3164 374 3228 lo
400 3163 494 3246 reiyle
521 3163 651 3241 elieelle,
684 3167 711 3227 el
738 3160 868 3244 l’llplise
894 3161 965 3225 bien
985 3161 1118 3242 pollee‘e:
1150 3183 1208 3243 que

232 3254 295 3314 teat
316 3269 347 3314 ee
373 3250 428 3330 qai
449 3249 636 3327 eontreoieot,
658 3269 698 3312 oro
720 3247 741 3311 ὰ
763 3247 922 3312 l'leooneur
942 3248 980 3312 ele
1002 3246 1102 3326 Dieee,
1120 3256 1165 3312 'oa
1187 3248 1209 3311 ὰ

233 3335 265 3399 lo
287 3335 381 3400 bonrae
397 3335 496 3416 police
517 3334 554 3398 de
575 3333 713 3417 lEplise,
735 3334 795 3398 soit
815 3333 933 3416 corripe
954 3332 1107 3398 aalma:
1129 3333 1208 3398 telle·

233 3426 314 3485 menl
335 3443 392 3503 pue
413 3421 440 3484 le
461 3440 553 3502 rep-ue
574 3420 612 3484 de
635 3418 727 3484 Iesus
752 3417 857 3485 Clerisl
874 3419 997 3497 fluisse
1017 3440 1053 3483 en
1071 3419 1103 3483 lo
1120 3423 1208 3484 vestu

233 3507 271 3572 de
292 3528 330 3571 so
355 3505 486 3571 Porolle.

320 3590 349 3656 0
383 3613 464 3656 vous
497 3598 571 3654 tous
604 3591 674 3673 qui
692 3611 774 3654 vous
807 3610 955 3654 nommez
988 3611 1144 3673 evesques
1176 3599 1210 3655 et
1345 3590 1465 3656 Videte
1493 3611 1572 3657 vero
1593 3611 1651 3657 vos
1673 3590 1789 3670 etiam,
1818 3589 1874 3673 qui
1896 3588 1987 3655 vobis
2009 3588 2247 3672 episcoporum

233 3685 382 3760 pusteurs
405 3677 449 3741 du
466 3696 590 3759 paovre
611 3675 739 3758 peuple,
763 3697 862 3760 voyez
884 3697 945 3757 que
968 3674 1015 3739 les
1038 3675 1146 3740 brebis
1168 3675 1208 3740 de
1260 3686 1293 3743 et
1313 3686 1483 3761 pastorum
1510 3697 1630 3742 nomen
1657 3674 1743 3760 apud
1766 3676 1920 3741 miseram
1941 3673 2070 3758 plebem
2091 3674 2250 3740 tribuere·

233 3763 326 3828 Iesus
349 3763 461 3827 Christ
484 3784 525 3826 ne
547 3770 663 3846 seyent
683 3761 812 3844 privees
834 3760 873 3825 de
895 3761 968 3825 leur
994 3782 1112 3844 propre
1134 3783 1208 3844 pas·
1260 3763 1385 3841 soletis,
1419 3760 1528 3830 vi‘dete
1555 3762 1655 3827 etiarn
1683 3770 1780 3844 atque
1814 3762 1912 3827 etiam
1938 3781 1981 3825 ne
2007 3758 2135 3825 Ohristi
2159 3761 2245 3827 Iesu

234 3858 315 3913 ture.
360 3849 406 3912 Et
433 3847 508 3930 qu'il
537 3868 578 3912 ne
607 3849 670 3913 soit
691 3846 828 3930 prohibe
849 3869 892 3911 ne
917 3846 1084 3925 deffendu,
1108 3847 1208 3930 qu’nn
1259 3869 1337 3916 oves
1366 3868 1426 3914 suo
1448 3848 1504 3913 illo
1525 3846 1644 3931 pabulo
1666 3846 1904 3925 destituantur,
1932 3865 2016 3911 nere
2040 3846 2119 3912 hine
2145 3867 2248 3912 aree*

234 3936 376 4001 ehaseun
404 3932 566 4000 ebrestien
596 3955 636 3998 ne
661 3935 770 4016 puisse
792 3932 966 3997 librement
987 3953 1028 3996 en
1050 3954 1110 3998 son
1132 3953 1207 4016 pro·
1260 3943 1369 4013 antur,
1401 3934 1650 4017 prohibeantur,
1684 3941 1741 3998 aut
1766 3932 1892 3998 ratione
1918 3931 1986 3997 ulla
2013 3930 2243 4014 impediantur

233 4041 292 4103 pre
320 4020 469 4103 langaige
497 4018 574 4098 lire,
608 4021 755 4096 traieter,
790 4029 823 4082 et
854 4017 1011 4083 entendre
1040 4040 1075 4083 ee
1103 4021 1208 4085 sainct
1258 4020 1440 4087 Christiani
1460 4018 1530 4098 ulli,
1553 4021 1633 4104 quin
1654 4019 1795 4084 liberum
1815 4019 1858 4082 sit
1882 4037 1941 4083 sua
1962 4017 2103 4101 singulis
2124 4018 2244 4168 Εῃὶω

234 4105 411 4189 Evengile,
441 4126 505 4168 veu
535 4127 596 4187 que
620 4105 705 4169 Dieu
732 4105 763 4169 le
784 4103 891 4182 veuit,
920 4105 1012 4169 Iesus
1035 4104 1149 4170 Christ
1177 4105 1207 4170 le
1258 4105 1382 4191 legere,
1410 4112 1599 4173 reverenter
1620 4111 1776 4183 traetare,
1809 4103 1939 4183 audire,
1967 4101 2154 4188 intelligere
2198 4121 2237 4168 oe

234 4191 431 4257 commende.
467 4190 514 4254 Et
534 4212 617 4272 pour
639 4212 674 4255 oe
696 4191 776 4255 faire
798 4211 818 4253 a
839 4199 966 4273 envoye
987 4211 1039 4256 ses
1061 4200 1207 4272 apestres
1259 4200 1408 4258 sanetum
1429 4190 1647 4275 evangelium,
1668 4188 1798 4273 quando
1819 4191 1868 4266 ita
1888 4189 1962 4256 vult
1983 4189 2087 4268 Dens,
2111 4191 2235 4273 praeei·

234 4289 268 4342 et
293 4278 472 4343 serviteurs
500 4297 560 4357 par
586 4276 774 4342 l’universel
801 4275 933 4352 monde,
961 4275 1032 4340 leur
1061 4273 1208 4341 donnent
1258 4279 1370 4362 pitqne
1391 4278 1462 4361 ipse
1482 4276 1577 4342 Iesus
1598 4276 1763 4342 Ohiistus:
1804 4275 1883 4341 Ideo
1911 4275 2000 4341 enim
2021 4295 2082 4358 per
2102 4275 2231 4341 univer·

256 4386 330 4429 raee
358 4362 396 4426 de
427 4360 533 4443 parler
559 4368 665 4427 tontes
685 4363 835 4446 langues:
870 4361 947 4426 affin
975 4383 1037 4445 qne
1066 4383 1106 4426 en
1136 4375 1207 4427 tous
1259 4385 1333 4429 sum
1354 4370 1518 4428 terrarum
1539 4363 1651 4428 orbem
1668 4362 1760 4428 misit
1781 4381 1856 4426 suos
1878 4360 2042 4444 apostolos
2063 4369 2098 4426 et
2113 4380 2227 4437 servos,

233 4386 401 4533 langaiges
424 4447 464 4511 ila
490 4449 718 4530 presohassent
740 4456 760 4512 t
782 4454 871 4512 tonte
893 4455 1048 4514 creature.
1093 4448 1138 4511 Et
1160 4448 1208 4513 les
1259 4448 1419 4533 singulari
1440 4449 1540 4513 etiam
1562 4453 1595 4513 et
1622 4448 1761 4513 mirifiea
1787 4446 1982 4512 liberalitate
2004 4445 2154 4512 omnium
2175 4446 2226 4510 liu

234 4536 369 4601 alnietz
392 4531 545 4598 debteurs
567 4553 632 4597 aux
651 4533 756 4599 Greez
777 4544 810 4598 et
830 4533 993 4606 barbares,
1015 4554 1079 4596 aux
1101 4533 1207 4617 saiges
1258 4555 1400 4618 gnarum
1421 4534 1575 4600 faerrltate
1597 4554 1652 4599 eos
1673 4533 1852 4611 instruens,
1878 4532 2053 4615 divinoque
2076 4531 2161 4598 dono
2181 4552 2222 4597 or·

179 4625 187 4640 '
234 4629 268 4685 et
289 4619 430 4702 simples,
454 4620 532 4683 affin
554 4640 616 4700 qne
637 4619 712 4682 nulz
734 4641 776 4683 ne
797 4621 924 4685 fussent
944 4619 1057 4684 exeluz
1079 4617 1118 4684 de
1136 4620 1208 4684 leur
1235 4641 1358 4699 ³uetus,
1387 4628 1425 4685 ut
1446 4620 1596 4686 omnibus
1622 4618 1670 4684 lin
1719 4620 1725 4633 '
1767 4639 1804 4684 ae
1826 4620 1916 4684 omni
1943 4626 2114 4685 ereaturae
2135 4638 2222 4684 erun·

234 4703 389 4772 doctrine.
435 4704 549 4769 Certes
573 4704 600 4768 si
622 4724 705 4768 vous
732 4714 817 4769 ostes
838 4713 1032 4790 rreyement
1060 4706 1205 4785 vieaires,
1258 4707 1451 4791 geliuarent,
1471 4706 1640 4789 voluitque
1684 4705 1823 4772 ebitores
1845 4725 1918 4770 esse
1942 4703 2079 4769 Graecis
2107 4711 2140 4768 et
2159 4704 2219 4769 bur

234 4812 437 4857 suecessenrs
465 4800 499 4854 et
527 4790 707 4853 imitateurs
735 4789 887 4869 d’iceulx,
914 4800 1021 4856 vostre
1043 4791 1135 4856 office
1157 4799 1206 4856 est
1236 4793 1360 4870 baris,
1387 4798 1460 4857 tum
1488 4791 1690 4876 sapientibus
1717 4798 1791 4855 tum
1818 4789 2064 4873 insipientibus,
2093 4787 2218 4871 nequis

235 4875 274 4942 de
307 4878 388 4942 seire
420 4895 544 4939 comme
577 4874 674 4952 eulx,
707 4875 847 4939 veillnns
879 4899 934 4941 sus
966 4876 997 4941 le
1036 4884 1205 4960 troppeau,
1257 4877 1298 4942 ab
1315 4899 1428 4944 eorum
1445 4877 1611 4943 doetrinae
1627 4877 1835 4961 perceptione
1845 4874 2085 4941 exeluderetnr.
2117 4875 2216 4939 Enim·

233 4962 389 5028 oerohans
411 4970 484 5025 tous
505 4981 640 5045 moyons
659 4959 738 5042 qu’il
756 4969 805 5023 est
822 4960 969 5042 possible,
1015 4966 1092 5026 u’nn
1111 4962 1205 5027 obas·
1257 4985 1336 5029 vern
1358 4964 1387 5030 si
1408 4985 1486 5030 vere
1508 4963 1586 5030 estis
1612 4968 1780 5028 tantorum
1801 4961 1951 5027 virorum
1970 4960 2084 5027 viearii
2104 4975 2213 5025 suoeeu

235 5068 299 5113 eun
326 5049 389 5112 soit
415 5047 569 5111 instruiet
595 5068 636 5110 en
663 5046 694 5110 la
722 5047 778 5129 foy
805 5043 844 5109 de
871 5047 963 5111 Iesus
992 4983 1120 5127 librist,
1147 5069 1207 5131 par
1258 5071 1347 5116 sores
1373 5056 1407 5115 et
1433 5049 1628 5127 imitatores,
1656 5049 1750 5115 vobis
1770 5048 1852 5114 haee
1879 5067 1959 5112 eure
1984 5047 2152 5122 inoumbit,
2176 5046 2210 5114 ut,

230 5130 267 5197 la
287 5154 368 5216 pure
388 5130 511 5216 parolle
533 5132 572 5196 de
593 5132 688 5197 Dieu.
723 5130 777 5196 Ou
799 5137 983 5195 entrement
1000 5131 1032 5197 la
1053 5141 1206 5200 sentenee
1238 5126 1530 5218 ‘quemadmodum
1551 5135 1599 5200 illi
1627 5134 1777 5221 exemplo
1804 5133 2008 5218 praeierunt,
2036 5135 2084 5198 sie
2110 5138 2141 5195 et
2161 5123 2209 5208 ipsi
