<?xml version="1.0" encoding="UTF-8"?>
<!DOCTYPE html PUBLIC "-//W3C//DTD XHTML 1.0 Transitional//EN"
    "http://www.w3.org/TR/xhtml1/DTD/xhtml1-transitional.dtd">
<html xmlns="http://www.w3.org/1999/xhtml" xml:lang="en" lang="en">
 <head>
  <title>
</title>
<meta http-equiv="Content-Type" content="text/html;charset=utf-8" />
  <meta name='ocr-system' content='tesseract 3.04.00' />
  <meta name='ocr-capabilities' content='ocr_page ocr_carea ocr_par ocr_line ocrx_word'/>
</head>
<body>
  <div class='ocr_page' id='page_1' title='image "./ioanniscalvinio01reusgoog_0130.png"; bbox 0 0 4776 5844; ppageno 0'>
   <div class='ocr_carea' id='block_1_1' title="bbox 272 259 2258 332">
    <p class='ocr_par' dir='ltr' id='par_1_1' title="bbox 272 259 2258 332">
     <span class='ocr_line' id='line_1_1' title="bbox 272 259 2258 332; baseline -0.002 -1"><span class='ocrx_word' id='word_1_1' title='bbox 272 271 333 332; x_wconf 86' lang='grc'>143</span> <span class='ocrx_word' id='word_1_2' title='bbox 874 304 878 312; x_wconf 93' lang='lat'><em>·</em></span> <span class='ocrx_word' id='word_1_3' title='bbox 1028 261 1212 327; x_wconf 71' lang='lat' dir='ltr'><strong>ULTIMA</strong></span> <span class='ocrx_word' id='word_1_4' title='bbox 1235 259 1501 327; x_wconf 79' lang='lat' dir='ltr'><strong>ADMONITIO</strong></span> <span class='ocrx_word' id='word_1_5' title='bbox 2198 265 2258 327; x_wconf 76' lang='lat'><strong>144</strong></span> 
     </span>
    </p>
   </div>
   <div class='ocr_carea' id='block_1_2' title="bbox 216 448 2349 4648">
    <p class='ocr_par' dir='ltr' id='par_1_2' title="bbox 216 448 2349 4648">
     <span class='ocr_line' id='line_1_2' title="bbox 268 448 2259 539; baseline -0.003 -20"><span class='ocrx_word' id='word_1_6' title='bbox 268 477 345 520; x_wconf 89' lang='lat' dir='ltr'><strong>nam</strong></span> <span class='ocrx_word' id='word_1_7' title='bbox 367 455 475 539; x_wconf 91' lang='lat' dir='ltr'><strong>potius</strong></span> <span class='ocrx_word' id='word_1_8' title='bbox 498 452 578 519; x_wconf 93' lang='lat' dir='ltr'><strong>haec</strong></span> <span class='ocrx_word' id='word_1_9' title='bbox 604 450 785 536; x_wconf 83' lang='lat' dir='ltr'><strong>obiurgatio</strong></span> <span class='ocrx_word' id='word_1_10' title='bbox 817 451 863 516; x_wconf 91' lang='lat' dir='ltr'><strong>sic</strong></span> <span class='ocrx_word' id='word_1_11' title='bbox 892 451 1055 535; x_wconf 78' lang='lat' dir='ltr'><strong>tetigisset</strong></span> <span class='ocrx_word' id='word_1_12' title='bbox 1081 448 1239 516; x_wconf 90' lang='lat' dir='ltr'><strong>Ioachimi</strong></span> <span class='ocrx_word' id='word_1_13' title='bbox 1291 469 1370 514; x_wconf 89' lang='lat' dir='ltr'><strong>suae</strong></span> <span class='ocrx_word' id='word_1_14' title='bbox 1391 449 1573 514; x_wconf 81' lang='lat' dir='ltr'><strong>morositati</strong></span> <span class='ocrx_word' id='word_1_15' title='bbox 1583 471 1682 516; x_wconf 85' lang='lat' dir='ltr'><strong>nrmrs</strong></span> <span class='ocrx_word' id='word_1_16' title='bbox 1703 450 1887 536; x_wconf 77' lang='lat' dir='ltr'><strong>indulgens,</strong></span> <span class='ocrx_word' id='word_1_17' title='bbox 1899 471 1965 515; x_wconf 91' lang='lat' dir='ltr'><strong>non</strong></span> <span class='ocrx_word' id='word_1_18' title='bbox 1988 450 2099 515; x_wconf 87' lang='lat' dir='ltr'><strong>deesse</strong></span> <span class='ocrx_word' id='word_1_19' title='bbox 2111 448 2259 514; x_wconf 88' lang='lat' dir='ltr'><strong>veritatis</strong></span> 
     </span>
     <span class='ocr_line' id='line_1_3' title="bbox 268 534 2260 620; baseline -0.004 -13"><span class='ocrx_word' id='word_1_20' title='bbox 268 543 429 619; x_wconf 90' lang='lat' dir='ltr'><strong>animum,</strong></span> <span class='ocrx_word' id='word_1_21' title='bbox 462 559 503 603; x_wconf 92' lang='lat' dir='ltr'><strong>ne</strong></span> <span class='ocrx_word' id='word_1_22' title='bbox 535 559 610 604; x_wconf 88' lang='lat' dir='ltr'><strong>reas</strong></span> <span class='ocrx_word' id='word_1_23' title='bbox 643 538 686 603; x_wconf 91' lang='lat' dir='ltr'><strong>sit</strong></span> <span class='ocrx_word' id='word_1_24' title='bbox 717 534 759 601; x_wconf 91' lang='lat' dir='ltr'><strong>ad</strong></span> <span class='ocrx_word' id='word_1_25' title='bbox 798 536 937 602; x_wconf 85' lang='lat' dir='ltr'><strong>coeleste</strong></span> <span class='ocrx_word' id='word_1_26' title='bbox 969 535 1051 601; x_wconf 92' lang='lat' dir='ltr'><strong>illud</strong></span> <span class='ocrx_word' id='word_1_27' title='bbox 1083 535 1238 615; x_wconf 87' lang='lat' dir='ltr'><strong>tribunal,</strong></span> <span class='ocrx_word' id='word_1_28' title='bbox 1290 534 1512 601; x_wconf 81' lang='lat' dir='ltr'>defensoribus</span> <span class='ocrx_word' id='word_1_29' title='bbox 1533 535 1670 602; x_wconf 88' lang='lat' dir='ltr'><strong>aculeos.</strong></span> <span class='ocrx_word' id='word_1_30' title='bbox 1713 536 1825 603; x_wconf 81' lang='lat' dir='ltr'><strong>Facile</strong></span> <span class='ocrx_word' id='word_1_31' title='bbox 1855 543 1905 602; x_wconf 90' lang='lat' dir='ltr'><strong>est</strong></span> <span class='ocrx_word' id='word_1_32' title='bbox 1930 535 2097 601; x_wconf 90' lang='lat' dir='ltr'><strong>Ioachimo</strong></span> <span class='ocrx_word' id='word_1_33' title='bbox 2126 535 2260 620; x_wconf 82' lang='lat' dir='ltr'><strong>nigrum</strong></span> 
     </span>
     <span class='ocr_line' id='line_1_4' title="bbox 216 618 2260 708; baseline -0 -21"><span class='ocrx_word' id='word_1_34' title='bbox 216 683 217 687; x_wconf 75' lang='grc'>,</span> <span class='ocrx_word' id='word_1_35' title='bbox 268 627 360 693; x_wconf 89' lang='lat' dir='ltr'><strong>cuius</strong></span> <span class='ocrx_word' id='word_1_36' title='bbox 400 636 557 690; x_wconf 90' lang='lat' dir='ltr'><strong>terrorem</strong></span> <span class='ocrx_word' id='word_1_37' title='bbox 594 623 667 688; x_wconf 91' lang='lat' dir='ltr'><strong>aliis</strong></span> <span class='ocrx_word' id='word_1_38' title='bbox 707 623 867 706; x_wconf 73' lang='lat' dir='ltr'><strong>proponit.</strong></span> <span class='ocrx_word' id='word_1_39' title='bbox 922 619 990 687; x_wconf 80' lang='lat' dir='ltr'><strong>Sed</strong></span> <span class='ocrx_word' id='word_1_40' title='bbox 1028 628 1238 705; x_wconf 91' lang='lat' dir='ltr'><strong>praeceptum</strong></span> <span class='ocrx_word' id='word_1_41' title='bbox 1289 618 1434 686; x_wconf 90' lang='lat' dir='ltr'><strong>insulsae</strong></span> <span class='ocrx_word' id='word_1_42' title='bbox 1459 621 1665 687; x_wconf 73' lang='lat' dir='ltr'><strong>scurrilitatis</strong></span> <span class='ocrx_word' id='word_1_43' title='bbox 1699 629 1733 687; x_wconf 91' lang='lat' dir='ltr'><strong>et</strong></span> <span class='ocrx_word' id='word_1_44' title='bbox 1758 620 2009 708; x_wconf 86' lang='lat' dir='ltr'><strong>sycophanticae</strong></span> <span class='ocrx_word' id='word_1_45' title='bbox 2037 618 2260 687; x_wconf 73' lang='lat' dir='ltr'><strong>mordacitatis</strong></span> 
     </span>
     <span class='ocr_line' id='line_1_5' title="bbox 267 705 2261 793; baseline -0.003 -15"><span class='ocrx_word' id='word_1_46' title='bbox 267 711 394 779; x_wconf 84' lang='lat' dir='ltr'><strong>Christi</strong></span> <span class='ocrx_word' id='word_1_47' title='bbox 415 718 474 788; x_wconf 90' lang='lat' dir='ltr'><strong>est,</strong></span> <span class='ocrx_word' id='word_1_48' title='bbox 496 718 535 775; x_wconf 93' lang='lat' dir='ltr'><strong>ut</strong></span> <span class='ocrx_word' id='word_1_49' title='bbox 555 706 731 793; x_wconf 82' lang='lat' dir='ltr'><strong>diligamus</strong></span> <span class='ocrx_word' id='word_1_50' title='bbox 746 707 905 787; x_wconf 88' lang='lat' dir='ltr'><strong>inimicos,</strong></span> <span class='ocrx_word' id='word_1_51' title='bbox 924 706 1152 773; x_wconf 78' lang='lat' dir='ltr'><strong>benedicamus</strong></span> <span class='ocrx_word' id='word_1_52' title='bbox 1169 727 1238 771; x_wconf 87' lang='lat' dir='ltr'><strong>ma-</strong></span> <span class='ocrx_word' id='word_1_53' title='bbox 1290 705 1391 771; x_wconf 91' lang='lat' dir='ltr'><strong>salem</strong></span> <span class='ocrx_word' id='word_1_54' title='bbox 1413 705 1495 770; x_wconf 91' lang='lat' dir='ltr'><strong>mihi</strong></span> <span class='ocrx_word' id='word_1_55' title='bbox 1517 706 1669 773; x_wconf 91' lang='lat' dir='ltr'><strong>obiicere:</strong></span> <span class='ocrx_word' id='word_1_56' title='bbox 1693 706 1750 773; x_wconf 91' lang='lat' dir='ltr'><strong>sed</strong></span> <span class='ocrx_word' id='word_1_57' title='bbox 1772 729 1873 791; x_wconf 91' lang='lat' dir='ltr'><strong>aeque</strong></span> <span class='ocrx_word' id='word_1_58' title='bbox 1894 707 1975 772; x_wconf 91' lang='lat' dir='ltr'><strong>mihi</strong></span> <span class='ocrx_word' id='word_1_59' title='bbox 1998 714 2187 790; x_wconf 92' lang='lat' dir='ltr'><strong>promptum</strong></span> <span class='ocrx_word' id='word_1_60' title='bbox 2209 713 2261 772; x_wconf 88' lang='lat' dir='ltr'><strong>est</strong></span> 
     </span>
     <span class='ocr_line' id='line_1_6' title="bbox 265 790 2260 876; baseline -0.004 -11"><span class='ocrx_word' id='word_1_61' title='bbox 265 795 479 865; x_wconf 90' lang='lat' dir='ltr'><strong>ledioentibus</strong></span> <span class='ocrx_word' id='word_1_62' title='bbox 501 795 593 861; x_wconf 89' lang='lat' dir='ltr'><strong>nobis</strong></span> <span class='ocrx_word' id='word_1_63' title='bbox 615 793 747 872; x_wconf 85' lang='lat' dir='ltr'><strong>(Matth.</strong></span> <span class='ocrx_word' id='word_1_64' title='bbox 766 799 795 872; x_wconf 81' lang='lat'><strong>5,</strong></span> <span class='ocrx_word' id='word_1_65' title='bbox 813 794 880 875; x_wconf 83' lang='grc'><strong>44).</strong></span> <span class='ocrx_word' id='word_1_66' title='bbox 925 792 993 859; x_wconf 88' lang='lat' dir='ltr'><strong>Cur</strong></span> <span class='ocrx_word' id='word_1_67' title='bbox 1015 813 1091 876; x_wconf 85' lang='lat' dir='ltr'><strong>ergo</strong></span> <span class='ocrx_word' id='word_1_68' title='bbox 1108 793 1239 872; x_wconf 91' lang='lat' dir='ltr'><strong>amicos,</strong></span> <span class='ocrx_word' id='word_1_69' title='bbox 1289 812 1356 857; x_wconf 91' lang='lat' dir='ltr'><strong>uno</strong></span> <span class='ocrx_word' id='word_1_70' title='bbox 1379 790 1477 857; x_wconf 91' lang='lat' dir='ltr'><strong>verbo</strong></span> <span class='ocrx_word' id='word_1_71' title='bbox 1499 790 1623 859; x_wconf 89' lang='lat' dir='ltr'><strong>diluere</strong></span> <span class='ocrx_word' id='word_1_72' title='bbox 1645 794 1715 859; x_wconf 90' lang='lat' dir='ltr'><strong>eius</strong></span> <span class='ocrx_word' id='word_1_73' title='bbox 1736 794 1942 870; x_wconf 89' lang='lat' dir='ltr'><strong>calumniam,</strong></span> <span class='ocrx_word' id='word_1_74' title='bbox 1965 793 1993 858; x_wconf 92' lang='lat' dir='ltr'><strong>si</strong></span> <span class='ocrx_word' id='word_1_75' title='bbox 2012 814 2148 876; x_wconf 80' lang='lat' dir='ltr'><strong>usquam</strong></span> <span class='ocrx_word' id='word_1_76' title='bbox 2166 813 2260 876; x_wconf 91' lang='lat' dir='ltr'><strong>repe·</strong></span> 
     </span>
     <span class='ocr_line' id='line_1_7' title="bbox 267 877 2261 967; baseline -0.003 -18"><span class='ocrx_word' id='word_1_77' title='bbox 267 894 300 949; x_wconf 88' lang='lat' dir='ltr'><strong>et</strong></span> <span class='ocrx_word' id='word_1_78' title='bbox 321 884 377 967; x_wconf 89' lang='lat' dir='ltr'><strong>qai</strong></span> <span class='ocrx_word' id='word_1_79' title='bbox 399 884 577 947; x_wconf 86' lang='lat' dir='ltr'><strong>fraternam</strong></span> <span class='ocrx_word' id='word_1_80' title='bbox 598 901 674 946; x_wconf 91' lang='lat' dir='ltr'><strong>cum</strong></span> <span class='ocrx_word' id='word_1_81' title='bbox 695 900 733 945; x_wconf 94' lang='lat' dir='ltr'><strong>eo</strong></span> <span class='ocrx_word' id='word_1_82' title='bbox 756 877 1015 945; x_wconf 84' lang='lat' dir='ltr'><strong>benevolentiam</strong></span> <span class='ocrx_word' id='word_1_83' title='bbox 1042 877 1149 944; x_wconf 90' lang='lat' dir='ltr'><strong>colere</strong></span> <span class='ocrx_word' id='word_1_84' title='bbox 1170 888 1238 944; x_wconf 92' lang='lat' dir='ltr'><strong>stu·</strong></span> <span class='ocrx_word' id='word_1_85' title='bbox 1289 877 1348 942; x_wconf 91' lang='lat' dir='ltr'><strong>riri</strong></span> <span class='ocrx_word' id='word_1_86' title='bbox 1367 899 1486 961; x_wconf 85' lang='lat' dir='ltr'><strong>negem</strong></span> <span class='ocrx_word' id='word_1_87' title='bbox 1505 878 1590 963; x_wconf 94' lang='lat' dir='ltr'><strong>quod</strong></span> <span class='ocrx_word' id='word_1_88' title='bbox 1608 887 1675 946; x_wconf 88' lang='lat' dir='ltr'><strong>tam</strong></span> <span class='ocrx_word' id='word_1_89' title='bbox 1694 877 1802 943; x_wconf 90' lang='lat' dir='ltr'><strong>odiose</strong></span> <span class='ocrx_word' id='word_1_90' title='bbox 1819 877 1969 944; x_wconf 89' lang='lat' dir='ltr'><strong>traducit.</strong></span> <span class='ocrx_word' id='word_1_91' title='bbox 2013 877 2121 957; x_wconf 90' lang='lat' dir='ltr'><strong>Certe,</strong></span> <span class='ocrx_word' id='word_1_92' title='bbox 2144 899 2261 961; x_wconf 92' lang='lat' dir='ltr'><strong>quam·</strong></span> 
     </span>
     <span class='ocr_line' id='line_1_8' title="bbox 268 963 2262 1050; baseline -0.004 -15"><span class='ocrx_word' id='word_1_93' title='bbox 268 969 396 1047; x_wconf 88' lang='lat' dir='ltr'><strong>debant,</strong></span> <span class='ocrx_word' id='word_1_94' title='bbox 419 966 506 1033; x_wconf 91' lang='lat' dir='ltr'><strong>ultro</strong></span> <span class='ocrx_word' id='word_1_95' title='bbox 529 966 692 1032; x_wconf 84' lang='lat' dir='ltr'><strong>hostiliter</strong></span> <span class='ocrx_word' id='word_1_96' title='bbox 719 986 893 1050; x_wconf 84' lang='lat' dir='ltr'><strong>aggressus</strong></span> <span class='ocrx_word' id='word_1_97' title='bbox 921 963 992 1030; x_wconf 86' lang='lat' dir='ltr'><strong>est?</strong></span> <span class='ocrx_word' id='word_1_98' title='bbox 1043 963 1114 1030; x_wconf 91' lang='lat' dir='ltr'><strong>Cur</strong></span> <span class='ocrx_word' id='word_1_99' title='bbox 1140 966 1239 1029; x_wconf 86' lang='lat' dir='ltr'><strong>etiam</strong></span> <span class='ocrx_word' id='word_1_100' title='bbox 1288 964 1339 1029; x_wconf 94' lang='lat' dir='ltr'><strong>vis</strong></span> <span class='ocrx_word' id='word_1_101' title='bbox 1361 984 1415 1028; x_wconf 94' lang='lat' dir='ltr'><strong>me</strong></span> <span class='ocrx_word' id='word_1_102' title='bbox 1436 971 1574 1042; x_wconf 88' lang='lat' dir='ltr'><strong>tacente,</strong></span> <span class='ocrx_word' id='word_1_103' title='bbox 1597 971 1663 1030; x_wconf 91' lang='lat' dir='ltr'><strong>tam</strong></span> <span class='ocrx_word' id='word_1_104' title='bbox 1687 965 1757 1029; x_wconf 91' lang='lat' dir='ltr'><strong>eius</strong></span> <span class='ocrx_word' id='word_1_105' title='bbox 1779 964 2016 1048; x_wconf 90' lang='lat' dir='ltr'><strong>impudentiam</strong></span> <span class='ocrx_word' id='word_1_106' title='bbox 2043 964 2262 1030; x_wconf 89' lang='lat' dir='ltr'><strong>detestabitur</strong></span> 
     </span>
     <span class='ocr_line' id='line_1_9' title="bbox 268 1049 2261 1140; baseline -0.003 -19"><span class='ocrx_word' id='word_1_107' title='bbox 268 1057 402 1140; x_wconf 89' lang='lat' dir='ltr'><strong>quietos,</strong></span> <span class='ocrx_word' id='word_1_108' title='bbox 424 1063 458 1118; x_wconf 90' lang='lat' dir='ltr'><strong>et</strong></span> <span class='ocrx_word' id='word_1_109' title='bbox 476 1073 496 1116; x_wconf 93' lang='lat' dir='ltr'><strong>a</strong></span> <span class='ocrx_word' id='word_1_110' title='bbox 513 1051 682 1135; x_wconf 91' lang='lat' dir='ltr'><strong>quibusne</strong></span> <span class='ocrx_word' id='word_1_111' title='bbox 703 1052 805 1117; x_wconf 91' lang='lat' dir='ltr'><strong>verbo</strong></span> <span class='ocrx_word' id='word_1_112' title='bbox 822 1049 951 1134; x_wconf 91' lang='lat' dir='ltr'><strong>quidem</strong></span> <span class='ocrx_word' id='word_1_113' title='bbox 964 1071 1110 1133; x_wconf 89' lang='lat' dir='ltr'><strong>unquam</strong></span> <span class='ocrx_word' id='word_1_114' title='bbox 1132 1051 1239 1115; x_wconf 90' lang='lat' dir='ltr'><strong>laesus</strong></span> <span class='ocrx_word' id='word_1_115' title='bbox 1290 1053 1364 1128; x_wconf 79' lang='lat' dir='ltr'><strong>[pag.</strong></span> <span class='ocrx_word' id='word_1_116' title='bbox 1391 1053 1443 1129; x_wconf 92' lang='lat'><strong>10]</strong></span> <span class='ocrx_word' id='word_1_117' title='bbox 1471 1051 1635 1134; x_wconf 80' lang='lat' dir='ltr'><strong>ingenuus</strong></span> <span class='ocrx_word' id='word_1_118' title='bbox 1664 1050 1775 1130; x_wconf 89' lang='lat' dir='ltr'><strong>lector,</strong></span> <span class='ocrx_word' id='word_1_119' title='bbox 1802 1071 1900 1134; x_wconf 88' lang='lat' dir='ltr'><strong>qaam</strong></span> <span class='ocrx_word' id='word_1_120' title='bbox 1929 1050 2102 1115; x_wconf 85' lang='lat' dir='ltr'><strong>stultitiam</strong></span> <span class='ocrx_word' id='word_1_121' title='bbox 2130 1049 2261 1115; x_wconf 86' lang='lat' dir='ltr'><strong>ridebit</strong></span> 
     </span>
     <span class='ocr_line' id='line_1_10' title="bbox 267 1134 2261 1220; baseline -0.005 -11"><span class='ocrx_word' id='word_1_122' title='bbox 267 1142 382 1219; x_wconf 89' lang='lat' dir='ltr'><strong>fuerat,</strong></span> <span class='ocrx_word' id='word_1_123' title='bbox 405 1137 586 1204; x_wconf 84' lang='lat' dir='ltr'><strong>maledictis</strong></span> <span class='ocrx_word' id='word_1_124' title='bbox 607 1136 793 1204; x_wconf 77' lang='lat' dir='ltr'><strong>lacessivit?</strong></span> <span class='ocrx_word' id='word_1_125' title='bbox 827 1137 1011 1218; x_wconf 89' lang='lat' dir='ltr'><strong>Utrumque</strong></span> <span class='ocrx_word' id='word_1_126' title='bbox 1029 1143 1137 1220; x_wconf 83' lang='lat' dir='ltr'><strong>negat.</strong></span> <span class='ocrx_word' id='word_1_127' title='bbox 1174 1136 1238 1200; x_wconf 90' lang='lat' dir='ltr'><strong>Le-</strong></span> <span class='ocrx_word' id='word_1_128' title='bbox 1290 1134 1447 1199; x_wconf 81' lang='lat' dir='ltr'><strong>Eiusdem</strong></span> <span class='ocrx_word' id='word_1_129' title='bbox 1477 1136 1691 1202; x_wconf 88' lang='lat' dir='ltr'><strong>verecundiae</strong></span> <span class='ocrx_word' id='word_1_130' title='bbox 1712 1143 1778 1214; x_wconf 89' lang='lat' dir='ltr'><strong>est,</strong></span> <span class='ocrx_word' id='word_1_131' title='bbox 1802 1134 1887 1219; x_wconf 92' lang='lat' dir='ltr'><strong>quod</strong></span> <span class='ocrx_word' id='word_1_132' title='bbox 1916 1157 1969 1200; x_wconf 90' lang='lat' dir='ltr'><strong>me</strong></span> <span class='ocrx_word' id='word_1_133' title='bbox 1996 1135 2121 1201; x_wconf 89' lang='lat' dir='ltr'><strong>insulsa</strong></span> <span class='ocrx_word' id='word_1_134' title='bbox 2148 1143 2183 1200; x_wconf 89' lang='lat' dir='ltr'><strong>et</strong></span> <span class='ocrx_word' id='word_1_135' title='bbox 2210 1137 2261 1200; x_wconf 92' lang='lat' dir='ltr'><strong>in-</strong></span> 
     </span>
     <span class='ocr_line' id='line_1_11' title="bbox 268 1220 2261 1313; baseline -0.003 -22"><span class='ocrx_word' id='word_1_136' title='bbox 268 1226 397 1313; x_wconf 70' lang='lat' dir='ltr'><strong>gantur&#39;</strong></span> <span class='ocrx_word' id='word_1_137' title='bbox 411 1226 482 1290; x_wconf 91' lang='lat' dir='ltr'><strong>eius</strong></span> <span class='ocrx_word' id='word_1_138' title='bbox 504 1224 634 1307; x_wconf 86' lang='lat' dir='ltr'><strong>scripta,</strong></span> <span class='ocrx_word' id='word_1_139' title='bbox 655 1221 849 1306; x_wconf 86' lang='lat' dir='ltr'><strong>praesertim</strong></span> <span class='ocrx_word' id='word_1_140' title='bbox 877 1221 932 1287; x_wconf 92' lang='lat' dir='ltr'><strong>ubi</strong></span> <span class='ocrx_word' id='word_1_141' title='bbox 953 1220 1159 1287; x_wconf 91' lang='lat' dir='ltr'><strong>Consensum</strong></span> <span class='ocrx_word' id='word_1_142' title='bbox 1180 1243 1239 1286; x_wconf 91' lang='lat' dir='ltr'><strong>no·</strong></span> <span class='ocrx_word' id='word_1_143' title='bbox 1289 1220 1395 1303; x_wconf 90' lang='lat' dir='ltr'><strong>sipida</strong></span> <span class='ocrx_word' id='word_1_144' title='bbox 1416 1230 1594 1286; x_wconf 88' lang='lat' dir='ltr'><strong>scommata</strong></span> <span class='ocrx_word' id='word_1_145' title='bbox 1607 1222 1630 1303; x_wconf 88' lang='lat'><strong>¹)</strong></span> <span class='ocrx_word' id='word_1_146' title='bbox 1651 1244 1692 1287; x_wconf 87' lang='lat' dir='ltr'><strong>cx</strong></span> <span class='ocrx_word' id='word_1_147' title='bbox 1714 1222 1848 1288; x_wconf 90' lang='lat' dir='ltr'><strong>vocibus</strong></span> <span class='ocrx_word' id='word_1_148' title='bbox 1875 1230 1909 1287; x_wconf 93' lang='lat' dir='ltr'><strong>et</strong></span> <span class='ocrx_word' id='word_1_149' title='bbox 1942 1221 2076 1305; x_wconf 83' lang='lat' dir='ltr'><strong>syllabis</strong></span> <span class='ocrx_word' id='word_1_150' title='bbox 2104 1221 2261 1304; x_wconf 90' lang='lat' dir='ltr'><strong>aucupari</strong></span> 
     </span>
     <span class='ocr_line' id='line_1_12' title="bbox 267 1306 2262 1394; baseline -0.002 -16"><span class='ocrx_word' id='word_1_151' title='bbox 267 1321 372 1380; x_wconf 90' lang='lat' dir='ltr'><strong>strum</strong></span> <span class='ocrx_word' id='word_1_152' title='bbox 394 1316 570 1394; x_wconf 81' lang='lat' dir='ltr'><strong>oppugnat.</strong></span> <span class='ocrx_word' id='word_1_153' title='bbox 614 1308 729 1392; x_wconf 89' lang='lat' dir='ltr'><strong>Neque</strong></span> <span class='ocrx_word' id='word_1_154' title='bbox 751 1307 839 1373; x_wconf 91' lang='lat' dir='ltr'><strong>enim</strong></span> <span class='ocrx_word' id='word_1_155' title='bbox 862 1308 914 1373; x_wconf 94' lang='lat' dir='ltr'><strong>vel</strong></span> <span class='ocrx_word' id='word_1_156' title='bbox 941 1329 1015 1372; x_wconf 90' lang='lat' dir='ltr'><strong>eum</strong></span> <span class='ocrx_word' id='word_1_157' title='bbox 1044 1307 1098 1373; x_wconf 94' lang='lat' dir='ltr'><strong>vel</strong></span> <span class='ocrx_word' id='word_1_158' title='bbox 1127 1329 1239 1391; x_wconf 89' lang='lat' dir='ltr'><strong>qucm-</strong></span> <span class='ocrx_word' id='word_1_159' title='bbox 1290 1306 1397 1385; x_wconf 89' lang='lat' dir='ltr'><strong>iactat,</strong></span> <span class='ocrx_word' id='word_1_160' title='bbox 1420 1328 1521 1390; x_wconf 91' lang='lat' dir='ltr'><strong>quum</strong></span> <span class='ocrx_word' id='word_1_161' title='bbox 1542 1307 1650 1390; x_wconf 89' lang='lat' dir='ltr'><strong>palam</strong></span> <span class='ocrx_word' id='word_1_162' title='bbox 1674 1308 1717 1373; x_wconf 91' lang='lat' dir='ltr'><strong>sit</strong></span> <span class='ocrx_word' id='word_1_163' title='bbox 1739 1308 1819 1373; x_wconf 89' lang='lat' dir='ltr'><strong>adeo</strong></span> <span class='ocrx_word' id='word_1_164' title='bbox 1830 1328 1897 1372; x_wconf 92' lang='lat' dir='ltr'><strong>non</strong></span> <span class='ocrx_word' id='word_1_165' title='bbox 1920 1306 2035 1390; x_wconf 90' lang='lat' dir='ltr'><strong>cupide</strong></span> <span class='ocrx_word' id='word_1_166' title='bbox 2051 1307 2262 1374; x_wconf 83' lang='lat' dir='ltr'><strong>meinhiasse</strong></span> 
     </span>
     <span class='ocr_line' id='line_1_13' title="bbox 267 1390 2262 1483; baseline -0.004 -19"><span class='ocrx_word' id='word_1_167' title='bbox 267 1399 356 1483; x_wconf 89' lang='lat' dir='ltr'><strong>piam</strong></span> <span class='ocrx_word' id='word_1_168' title='bbox 383 1418 425 1462; x_wconf 86' lang='lat' dir='ltr'><strong>ex</strong></span> <span class='ocrx_word' id='word_1_169' title='bbox 452 1403 521 1461; x_wconf 90' lang='lat' dir='ltr'><strong>tota</strong></span> <span class='ocrx_word' id='word_1_170' title='bbox 549 1395 618 1459; x_wconf 92' lang='lat' dir='ltr'><strong>eius</strong></span> <span class='ocrx_word' id='word_1_171' title='bbox 649 1393 791 1461; x_wconf 87' lang='lat' dir='ltr'><strong>factione</strong></span> <span class='ocrx_word' id='word_1_172' title='bbox 824 1402 903 1459; x_wconf 90' lang='lat' dir='ltr'><strong>tuuc</strong></span> <span class='ocrx_word' id='word_1_173' title='bbox 935 1394 1125 1477; x_wconf 85' lang='lat' dir='ltr'><strong>attigeram:</strong></span> <span class='ocrx_word' id='word_1_174' title='bbox 1160 1394 1238 1477; x_wconf 91' lang='lat' dir='ltr'><strong>quin</strong></span> <span class='ocrx_word' id='word_1_175' title='bbox 1291 1390 1445 1470; x_wconf 89' lang='lat' dir='ltr'><strong>dicteriis,</strong></span> <span class='ocrx_word' id='word_1_176' title='bbox 1468 1400 1602 1476; x_wconf 89' lang='lat' dir='ltr'><strong>atquae</strong></span> <span class='ocrx_word' id='word_1_177' title='bbox 1619 1401 1735 1478; x_wconf 91' lang='lat' dir='ltr'><strong>sponte</strong></span> <span class='ocrx_word' id='word_1_178' title='bbox 1755 1416 1790 1460; x_wconf 93' lang='lat' dir='ltr'><strong>se</strong></span> <span class='ocrx_word' id='word_1_179' title='bbox 1807 1393 1995 1471; x_wconf 89' lang='lat' dir='ltr'><strong>offerebant,</strong></span> <span class='ocrx_word' id='word_1_180' title='bbox 2013 1393 2162 1459; x_wconf 88' lang='lat' dir='ltr'><strong>consulto</strong></span> <span class='ocrx_word' id='word_1_181' title='bbox 2179 1393 2262 1457; x_wconf 92' lang='lat' dir='ltr'><strong>omi·</strong></span> 
     </span>
     <span class='ocr_line' id='line_1_14' title="bbox 267 1477 2262 1569; baseline -0.004 -19"><span class='ocrx_word' id='word_1_182' title='bbox 267 1484 374 1569; x_wconf 84' lang='lat' dir='ltr'><strong>potius</strong></span> <span class='ocrx_word' id='word_1_183' title='bbox 407 1481 597 1564; x_wconf 87' lang='lat' dir='ltr'><strong>suppliciter</strong></span> <span class='ocrx_word' id='word_1_184' title='bbox 628 1499 829 1563; x_wconf 83' lang='lat' dir='ltr'><strong>rogaveram,</strong></span> <span class='ocrx_word' id='word_1_185' title='bbox 860 1479 889 1543; x_wconf 89' lang='lat' dir='ltr'><strong>si</strong></span> <span class='ocrx_word' id='word_1_186' title='bbox 917 1478 995 1562; x_wconf 88' lang='lat' dir='ltr'><strong>quid</strong></span> <span class='ocrx_word' id='word_1_187' title='bbox 1028 1479 1063 1543; x_wconf 91' lang='lat' dir='ltr'><strong>in</strong></span> <span class='ocrx_word' id='word_1_188' title='bbox 1092 1477 1240 1546; x_wconf 89' lang='lat' dir='ltr'><strong>doctrina</strong></span> <span class='ocrx_word' id='word_1_189' title='bbox 1291 1479 1398 1543; x_wconf 91' lang='lat' dir='ltr'><strong>serim.</strong></span> <span class='ocrx_word' id='word_1_190' title='bbox 1442 1479 1595 1562; x_wconf 92' lang='lat' dir='ltr'><strong>Denique</strong></span> <span class='ocrx_word' id='word_1_191' title='bbox 1613 1488 1691 1564; x_wconf 91' lang='lat' dir='ltr'><strong>quot</strong></span> <span class='ocrx_word' id='word_1_192' title='bbox 1708 1500 1742 1545; x_wconf 91' lang='lat' dir='ltr'><strong>so</strong></span> <span class='ocrx_word' id='word_1_193' title='bbox 1760 1477 1908 1545; x_wconf 89' lang='lat' dir='ltr'><strong>ludibriis</strong></span> <span class='ocrx_word' id='word_1_194' title='bbox 1926 1479 2130 1562; x_wconf 88' lang='lat' dir='ltr'><strong>prostituerit</strong></span> <span class='ocrx_word' id='word_1_195' title='bbox 2146 1479 2262 1544; x_wconf 89' lang='lat' dir='ltr'><strong>West·</strong></span> 
     </span>
     <span class='ocr_line' id='line_1_15' title="bbox 267 1563 2261 1651; baseline -0.003 -16"><span class='ocrx_word' id='word_1_196' title='bbox 267 1579 382 1635; x_wconf 90' lang='lat' dir='ltr'><strong>nostra</strong></span> <span class='ocrx_word' id='word_1_197' title='bbox 411 1568 520 1631; x_wconf 92' lang='lat' dir='ltr'><strong>minus</strong></span> <span class='ocrx_word' id='word_1_198' title='bbox 550 1565 700 1651; x_wconf 88' lang='lat' dir='ltr'><strong>placeret,</strong></span> <span class='ocrx_word' id='word_1_199' title='bbox 730 1585 772 1629; x_wconf 90' lang='lat' dir='ltr'><strong>ne</strong></span> <span class='ocrx_word' id='word_1_200' title='bbox 800 1586 900 1649; x_wconf 84' lang='lat' dir='ltr'><strong>grave</strong></span> <span class='ocrx_word' id='word_1_201' title='bbox 931 1572 1018 1629; x_wconf 88' lang='lat' dir='ltr'><strong>esset</strong></span> <span class='ocrx_word' id='word_1_202' title='bbox 1034 1565 1162 1648; x_wconf 89' lang='lat' dir='ltr'><strong>placida</strong></span> <span class='ocrx_word' id='word_1_203' title='bbox 1183 1563 1238 1628; x_wconf 89' lang='lat' dir='ltr'><strong>ad·</strong></span> <span class='ocrx_word' id='word_1_204' title='bbox 1290 1563 1418 1646; x_wconf 90' lang='lat' dir='ltr'><strong>phalas,</strong></span> <span class='ocrx_word' id='word_1_205' title='bbox 1442 1572 1475 1628; x_wconf 91' lang='lat' dir='ltr'><strong>et</strong></span> <span class='ocrx_word' id='word_1_206' title='bbox 1496 1573 1653 1647; x_wconf 89' lang='lat' dir='ltr'><strong>quantam</strong></span> <span class='ocrx_word' id='word_1_207' title='bbox 1675 1564 1938 1631; x_wconf 85' lang='lat' dir='ltr'><strong>subsannationis</strong></span> <span class='ocrx_word' id='word_1_208' title='bbox 1966 1565 2138 1630; x_wconf 88' lang='lat' dir='ltr'><strong>materiam</strong></span> <span class='ocrx_word' id='word_1_209' title='bbox 2168 1583 2261 1647; x_wconf 90' lang='lat' dir='ltr'><strong>prae-</strong></span> 
     </span>
     <span class='ocr_line' id='line_1_16' title="bbox 268 1649 2262 1736; baseline -0.003 -16"><span class='ocrx_word' id='word_1_210' title='bbox 268 1653 446 1721; x_wconf 89' lang='lat' dir='ltr'><strong>monitione</strong></span> <span class='ocrx_word' id='word_1_211' title='bbox 468 1653 637 1736; x_wconf 85' lang='lat' dir='ltr'><strong>corrigerc.</strong></span> <span class='ocrx_word' id='word_1_212' title='bbox 682 1651 728 1715; x_wconf 83' lang='lat' dir='ltr'><strong>Et</strong></span> <span class='ocrx_word' id='word_1_213' title='bbox 747 1662 845 1728; x_wconf 87' lang='lat' dir='ltr'><strong>certe,</strong></span> <span class='ocrx_word' id='word_1_214' title='bbox 874 1658 913 1715; x_wconf 93' lang='lat' dir='ltr'><strong>ut</strong></span> <span class='ocrx_word' id='word_1_215' title='bbox 935 1659 1048 1733; x_wconf 89' lang='lat' dir='ltr'><strong>postca</strong></span> <span class='ocrx_word' id='word_1_216' title='bbox 1070 1651 1239 1733; x_wconf 87' lang='lat' dir='ltr'><strong>experien·</strong></span> <span class='ocrx_word' id='word_1_217' title='bbox 1290 1649 1400 1714; x_wconf 91' lang='lat' dir='ltr'><strong>buerit</strong></span> <span class='ocrx_word' id='word_1_218' title='bbox 1417 1671 1476 1715; x_wconf 91' lang='lat' dir='ltr'><strong>sua</strong></span> <span class='ocrx_word' id='word_1_219' title='bbox 1497 1650 1658 1730; x_wconf 89' lang='lat' dir='ltr'><strong>vecordia,</strong></span> <span class='ocrx_word' id='word_1_220' title='bbox 1682 1652 1710 1716; x_wconf 91' lang='lat' dir='ltr'><strong>si</strong></span> <span class='ocrx_word' id='word_1_221' title='bbox 1731 1658 1886 1735; x_wconf 91' lang='lat' dir='ltr'><strong>reputent</strong></span> <span class='ocrx_word' id='word_1_222' title='bbox 1906 1650 2051 1729; x_wconf 91' lang='lat' dir='ltr'><strong>lectores,</strong></span> <span class='ocrx_word' id='word_1_223' title='bbox 2074 1671 2172 1716; x_wconf 93' lang='lat' dir='ltr'><strong>nemo</strong></span> <span class='ocrx_word' id='word_1_224' title='bbox 2193 1656 2262 1715; x_wconf 90' lang='lat' dir='ltr'><strong>tam</strong></span> 
     </span>
     <span class='ocr_line' id='line_1_17' title="bbox 268 1735 2259 1820; baseline -0.002 -14"><span class='ocrx_word' id='word_1_225' title='bbox 268 1742 316 1806; x_wconf 88' lang='lat' dir='ltr'><strong>tia</strong></span> <span class='ocrx_word' id='word_1_226' title='bbox 338 1740 456 1819; x_wconf 90' lang='lat' dir='ltr'><strong>docuit,</strong></span> <span class='ocrx_word' id='word_1_227' title='bbox 480 1746 558 1804; x_wconf 93' lang='lat' dir='ltr'><strong>tunc</strong></span> <span class='ocrx_word' id='word_1_228' title='bbox 579 1738 695 1803; x_wconf 89' lang='lat' dir='ltr'><strong>merito</strong></span> <span class='ocrx_word' id='word_1_229' title='bbox 717 1735 825 1801; x_wconf 85' lang='lat' dir='ltr'><strong>derisa</strong></span> <span class='ocrx_word' id='word_1_230' title='bbox 853 1758 874 1800; x_wconf 92' lang='lat' dir='ltr'><strong>a</strong></span> <span class='ocrx_word' id='word_1_231' title='bbox 894 1735 1060 1800; x_wconf 90' lang='lat' dir='ltr'><strong>nonnullis</strong></span> <span class='ocrx_word' id='word_1_232' title='bbox 1087 1737 1150 1800; x_wconf 90' lang='lat' dir='ltr'><strong>fuit</strong></span> <span class='ocrx_word' id='word_1_233' title='bbox 1166 1758 1240 1801; x_wconf 91' lang='lat' dir='ltr'><strong>mea</strong></span> <span class='ocrx_word' id='word_1_234' title='bbox 1290 1735 1422 1819; x_wconf 89' lang='lat' dir='ltr'><strong>iniquus</strong></span> <span class='ocrx_word' id='word_1_235' title='bbox 1450 1736 1502 1801; x_wconf 90' lang='lat' dir='ltr'><strong>vel</strong></span> <span class='ocrx_word' id='word_1_236' title='bbox 1529 1736 1676 1803; x_wconf 89' lang='lat' dir='ltr'><strong>infensus</strong></span> <span class='ocrx_word' id='word_1_237' title='bbox 1704 1738 1776 1815; x_wconf 91' lang='lat' dir='ltr'><strong>crit,</strong></span> <span class='ocrx_word' id='word_1_238' title='bbox 1806 1738 1884 1820; x_wconf 92' lang='lat' dir='ltr'><strong>quin</strong></span> <span class='ocrx_word' id='word_1_239' title='bbox 1917 1756 1971 1801; x_wconf 89' lang='lat' dir='ltr'><strong>me</strong></span> <span class='ocrx_word' id='word_1_240' title='bbox 2002 1737 2064 1802; x_wconf 88' lang='lat' dir='ltr'><strong>hac</strong></span> <span class='ocrx_word' id='word_1_241' title='bbox 2097 1737 2134 1800; x_wconf 89' lang='lat' dir='ltr'><strong>in</strong></span> <span class='ocrx_word' id='word_1_242' title='bbox 2168 1749 2259 1819; x_wconf 89' lang='lat' dir='ltr'><strong>parte</strong></span> 
     </span>
     <span class='ocr_line' id='line_1_18' title="bbox 268 1820 2258 1911; baseline -0.003 -18"><span class='ocrx_word' id='word_1_243' title='bbox 268 1825 470 1911; x_wconf 85' lang='lat' dir='ltr'><strong>simplicitas,</strong></span> <span class='ocrx_word' id='word_1_244' title='bbox 492 1845 593 1907; x_wconf 92' lang='lat' dir='ltr'><strong>qaum</strong></span> <span class='ocrx_word' id='word_1_245' title='bbox 610 1839 775 1906; x_wconf 87' lang='lat' dir='ltr'><strong>sperarem</strong></span> <span class='ocrx_word' id='word_1_246' title='bbox 788 1826 862 1902; x_wconf 77' lang='lat' dir='ltr'><strong>[paq.</strong></span> <span class='ocrx_word' id='word_1_247' title='bbox 881 1827 914 1901; x_wconf 82' lang='lat' dir='ltr'><strong>s]</strong></span> <span class='ocrx_word' id='word_1_248' title='bbox 936 1822 1033 1905; x_wconf 81' lang='lat' dir='ltr'><strong>longe</strong></span> <span class='ocrx_word' id='word_1_249' title='bbox 1050 1821 1239 1904; x_wconf 79' lang='lat' dir='ltr'><strong>placationes</strong></span> <span class='ocrx_word' id='word_1_250' title='bbox 1290 1823 1477 1887; x_wconf 90' lang='lat' dir='ltr'><strong>restrictam</strong></span> <span class='ocrx_word' id='word_1_251' title='bbox 1501 1821 1553 1887; x_wconf 92' lang='lat' dir='ltr'><strong>vel</strong></span> <span class='ocrx_word' id='word_1_252' title='bbox 1574 1843 1710 1905; x_wconf 90' lang='lat' dir='ltr'><strong>parcum</strong></span> <span class='ocrx_word' id='word_1_253' title='bbox 1728 1823 1827 1890; x_wconf 87' lang='lat' dir='ltr'><strong>fuisse</strong></span> <span class='ocrx_word' id='word_1_254' title='bbox 1849 1822 1943 1890; x_wconf 91' lang='lat' dir='ltr'><strong>dieat.</strong></span> <span class='ocrx_word' id='word_1_255' title='bbox 1989 1820 2028 1888; x_wconf 84' lang='lat' dir='ltr'><strong>Si</strong></span> <span class='ocrx_word' id='word_1_256' title='bbox 2054 1821 2126 1888; x_wconf 91' lang='lat' dir='ltr'><strong>idco</strong></span> <span class='ocrx_word' id='word_1_257' title='bbox 2149 1823 2258 1889; x_wconf 91' lang='lat' dir='ltr'><strong>convi-</strong></span> 
     </span>
     <span class='ocr_line' id='line_1_19' title="bbox 268 1905 2258 1994; baseline -0.003 -16"><span class='ocrx_word' id='word_1_258' title='bbox 268 1911 361 1979; x_wconf 91' lang='lat' dir='ltr'><strong>nobis</strong></span> <span class='ocrx_word' id='word_1_259' title='bbox 382 1911 459 1987; x_wconf 91' lang='lat' dir='ltr'><strong>fore,</strong></span> <span class='ocrx_word' id='word_1_260' title='bbox 483 1910 537 1994; x_wconf 88' lang='lat' dir='ltr'><strong>qui</strong></span> <span class='ocrx_word' id='word_1_261' title='bbox 559 1915 636 1973; x_wconf 90' lang='lat' dir='ltr'><strong>ante</strong></span> <span class='ocrx_word' id='word_1_262' title='bbox 657 1907 871 1973; x_wconf 89' lang='lat' dir='ltr'><strong>humanitatis</strong></span> <span class='ocrx_word' id='word_1_263' title='bbox 898 1905 991 1972; x_wconf 91' lang='lat' dir='ltr'><strong>obliti</strong></span> <span class='ocrx_word' id='word_1_264' title='bbox 1012 1907 1239 1973; x_wconf 87' lang='lat' dir='ltr'><strong>vehementius</strong></span> <span class='ocrx_word' id='word_1_265' title='bbox 1290 1908 1393 1973; x_wconf 88' lang='lat' dir='ltr'><strong>oiator</strong></span> <span class='ocrx_word' id='word_1_266' title='bbox 1410 1928 1492 1985; x_wconf 90' lang='lat' dir='ltr'><strong>sum,</strong></span> <span class='ocrx_word' id='word_1_267' title='bbox 1514 1907 1593 1991; x_wconf 92' lang='lat' dir='ltr'><strong>quia</strong></span> <span class='ocrx_word' id='word_1_268' title='bbox 1608 1907 1775 1975; x_wconf 89' lang='lat' dir='ltr'><strong>Ioachimc</strong></span> <span class='ocrx_word' id='word_1_269' title='bbox 1802 1907 1843 1974; x_wconf 90' lang='lat' dir='ltr'><strong>ad</strong></span> <span class='ocrx_word' id='word_1_270' title='bbox 1872 1929 1931 1973; x_wconf 92' lang='lat' dir='ltr'><strong>sua</strong></span> <span class='ocrx_word' id='word_1_271' title='bbox 1958 1908 2039 1973; x_wconf 89' lang='lat' dir='ltr'><strong>vitia</strong></span> <span class='ocrx_word' id='word_1_272' title='bbox 2066 1907 2167 1973; x_wconf 89' lang='lat' dir='ltr'><strong>nimis</strong></span> <span class='ocrx_word' id='word_1_273' title='bbox 2188 1928 2258 1973; x_wconf 89' lang='lat' dir='ltr'><strong>cae·</strong></span> 
     </span>
     <span class='ocr_line' id='line_1_20' title="bbox 268 1992 2258 2077; baseline -0.003 -13"><span class='ocrx_word' id='word_1_274' title='bbox 268 2004 468 2064; x_wconf 85' lang='lat' dir='ltr'><strong>exarserant.</strong></span> <span class='ocrx_word' id='word_1_275' title='bbox 518 1993 587 2060; x_wconf 91' lang='lat' dir='ltr'><strong>Car</strong></span> <span class='ocrx_word' id='word_1_276' title='bbox 614 1992 811 2070; x_wconf 81' lang='lat' dir='ltr'><strong>locabimus,</strong></span> <span class='ocrx_word' id='word_1_277' title='bbox 846 2001 913 2056; x_wconf 90' lang='lat' dir='ltr'><strong>tam</strong></span> <span class='ocrx_word' id='word_1_278' title='bbox 940 1992 1060 2058; x_wconf 91' lang='lat' dir='ltr'><strong>blande</strong></span> <span class='ocrx_word' id='word_1_279' title='bbox 1095 2003 1238 2077; x_wconf 81' lang='lat' dir='ltr'><strong>rogatus,</strong></span> <span class='ocrx_word' id='word_1_280' title='bbox 1290 1994 1425 2058; x_wconf 90' lang='lat' dir='ltr'><strong>cutienti</strong></span> <span class='ocrx_word' id='word_1_281' title='bbox 1457 1995 1611 2076; x_wconf 89' lang='lat' dir='ltr'><strong>proposui</strong></span> <span class='ocrx_word' id='word_1_282' title='bbox 1643 1993 1824 2077; x_wconf 92' lang='lat' dir='ltr'><strong>speculum,</strong></span> <span class='ocrx_word' id='word_1_283' title='bbox 1863 2002 1901 2061; x_wconf 91' lang='lat' dir='ltr'><strong>ut</strong></span> <span class='ocrx_word' id='word_1_284' title='bbox 1932 1992 2065 2059; x_wconf 90' lang='lat' dir='ltr'><strong>tandem</strong></span> <span class='ocrx_word' id='word_1_285' title='bbox 2098 2014 2175 2059; x_wconf 91' lang='lat' dir='ltr'><strong>cum</strong></span> <span class='ocrx_word' id='word_1_286' title='bbox 2207 1992 2258 2058; x_wconf 90' lang='lat' dir='ltr'><strong>sui</strong></span> 
     </span>
     <span class='ocr_line' id='line_1_21' title="bbox 268 2078 2258 2164; baseline -0.004 -15"><span class='ocrx_word' id='word_1_287' title='bbox 268 2082 466 2149; x_wconf 91' lang='lat' dir='ltr'><strong>haereticum</strong></span> <span class='ocrx_word' id='word_1_288' title='bbox 490 2079 658 2146; x_wconf 89' lang='lat' dir='ltr'><strong>clamitare</strong></span> <span class='ocrx_word' id='word_1_289' title='bbox 680 2078 805 2157; x_wconf 87' lang='lat' dir='ltr'><strong>maluit,</strong></span> <span class='ocrx_word' id='word_1_290' title='bbox 828 2099 927 2161; x_wconf 90' lang='lat' dir='ltr'><strong>quam</strong></span> <span class='ocrx_word' id='word_1_291' title='bbox 944 2098 1098 2157; x_wconf 91' lang='lat' dir='ltr'><strong>errorem,</strong></span> <span class='ocrx_word' id='word_1_292' title='bbox 1118 2079 1146 2143; x_wconf 91' lang='lat' dir='ltr'><strong>si</strong></span> <span class='ocrx_word' id='word_1_293' title='bbox 1166 2081 1238 2163; x_wconf 88' lang='lat' dir='ltr'><strong>quis</strong></span> <span class='ocrx_word' id='word_1_294' title='bbox 1290 2078 1412 2162; x_wconf 91' lang='lat' dir='ltr'><strong>pudere</strong></span> <span class='ocrx_word' id='word_1_295' title='bbox 1434 2079 1600 2162; x_wconf 84' lang='lat' dir='ltr'><strong>inciperet,</strong></span> <span class='ocrx_word' id='word_1_296' title='bbox 1623 2080 1709 2145; x_wconf 93' lang='lat' dir='ltr'><strong>idem</strong></span> <span class='ocrx_word' id='word_1_297' title='bbox 1731 2081 1886 2163; x_wconf 89' lang='lat' dir='ltr'><strong>probrum</strong></span> <span class='ocrx_word' id='word_1_298' title='bbox 1908 2080 1943 2145; x_wconf 91' lang='lat' dir='ltr'><strong>in</strong></span> <span class='ocrx_word' id='word_1_299' title='bbox 1964 2079 2152 2164; x_wconf 89' lang='lat' dir='ltr'><strong>prophetes,</strong></span> <span class='ocrx_word' id='word_1_300' title='bbox 2182 2098 2258 2162; x_wconf 91' lang='lat' dir='ltr'><strong>apo·</strong></span> 
     </span>
     <span class='ocr_line' id='line_1_22' title="bbox 268 2162 2258 2249; baseline -0.003 -14"><span class='ocrx_word' id='word_1_301' title='bbox 268 2177 364 2246; x_wconf 89' lang='lat' dir='ltr'><strong>esset,</strong></span> <span class='ocrx_word' id='word_1_302' title='bbox 391 2164 597 2232; x_wconf 82' lang='lat' dir='ltr'><strong>monstrare?</strong></span> <span class='ocrx_word' id='word_1_303' title='bbox 646 2164 719 2248; x_wconf 81' lang='lat' dir='ltr'><strong>Ego</strong></span> <span class='ocrx_word' id='word_1_304' title='bbox 746 2184 834 2241; x_wconf 91' lang='lat' dir='ltr'><strong>vero,</strong></span> <span class='ocrx_word' id='word_1_305' title='bbox 864 2173 931 2227; x_wconf 89' lang='lat' dir='ltr'><strong>tam</strong></span> <span class='ocrx_word' id='word_1_306' title='bbox 957 2163 1093 2247; x_wconf 82' lang='lat' dir='ltr'><strong>indigne</strong></span> <span class='ocrx_word' id='word_1_307' title='bbox 1120 2163 1237 2242; x_wconf 88' lang='lat' dir='ltr'><strong>laesus,</strong></span> <span class='ocrx_word' id='word_1_308' title='bbox 1290 2165 1389 2229; x_wconf 90' lang='lat' dir='ltr'><strong>stolos</strong></span> <span class='ocrx_word' id='word_1_309' title='bbox 1410 2174 1443 2229; x_wconf 92' lang='lat' dir='ltr'><strong>et</strong></span> <span class='ocrx_word' id='word_1_310' title='bbox 1465 2162 1635 2230; x_wconf 81' lang='lat' dir='ltr'><strong>Christum</strong></span> <span class='ocrx_word' id='word_1_311' title='bbox 1655 2166 1765 2249; x_wconf 88' lang='lat' dir='ltr'><strong>ipsum</strong></span> <span class='ocrx_word' id='word_1_312' title='bbox 1787 2167 1932 2232; x_wconf 89' lang='lat' dir='ltr'><strong>conferat</strong></span> <span class='ocrx_word' id='word_1_313' title='bbox 1953 2185 2083 2230; x_wconf 90' lang='lat' dir='ltr'><strong>necesse</strong></span> <span class='ocrx_word' id='word_1_314' title='bbox 2105 2182 2164 2243; x_wconf 88' lang='lat' dir='ltr'><strong>est,</strong></span> <span class='ocrx_word' id='word_1_315' title='bbox 2188 2165 2258 2247; x_wconf 91' lang='lat' dir='ltr'><strong>qui·</strong></span> 
     </span>
     <span class='ocr_line' id='line_1_23' title="bbox 267 2248 2259 2334; baseline -0.003 -14"><span class='ocrx_word' id='word_1_316' title='bbox 267 2276 333 2320; x_wconf 91' lang='lat' dir='ltr'><strong>non</strong></span> <span class='ocrx_word' id='word_1_317' title='bbox 362 2252 548 2319; x_wconf 78' lang='lat' dir='ltr'><strong>hacundiae</strong></span> <span class='ocrx_word' id='word_1_318' title='bbox 575 2251 712 2327; x_wconf 87' lang='lat' dir='ltr'><strong>fervore,</strong></span> <span class='ocrx_word' id='word_1_319' title='bbox 741 2249 838 2314; x_wconf 89' lang='lat' dir='ltr'><strong>sicuti</strong></span> <span class='ocrx_word' id='word_1_320' title='bbox 864 2249 946 2314; x_wconf 88' lang='lat' dir='ltr'><strong>falso</strong></span> <span class='ocrx_word' id='word_1_321' title='bbox 971 2250 1152 2328; x_wconf 79' lang='lat' dir='ltr'><strong>existimat,</strong></span> <span class='ocrx_word' id='word_1_322' title='bbox 1181 2249 1237 2316; x_wconf 93' lang='lat' dir='ltr'><strong>sed</strong></span> <span class='ocrx_word' id='word_1_323' title='bbox 1290 2250 1351 2315; x_wconf 89' lang='lat' dir='ltr'><strong>bns</strong></span> <span class='ocrx_word' id='word_1_324' title='bbox 1374 2248 1487 2334; x_wconf 75' lang='lat' dir='ltr'><strong>religio</strong></span> <span class='ocrx_word' id='word_1_325' title='bbox 1513 2272 1580 2315; x_wconf 91' lang='lat' dir='ltr'><strong>non</strong></span> <span class='ocrx_word' id='word_1_326' title='bbox 1607 2252 1669 2316; x_wconf 86' lang='lat' dir='ltr'><strong>fuit</strong></span> <span class='ocrx_word' id='word_1_327' title='bbox 1696 2272 1796 2317; x_wconf 87' lang='lat' dir='ltr'><strong>sanae</strong></span> <span class='ocrx_word' id='word_1_328' title='bbox 1824 2251 1990 2317; x_wconf 89' lang='lat' dir='ltr'><strong>doctrinae</strong></span> <span class='ocrx_word' id='word_1_329' title='bbox 2016 2250 2136 2328; x_wconf 84' lang='lat' dir='ltr'><strong>hostes,</strong></span> <span class='ocrx_word' id='word_1_330' title='bbox 2164 2270 2259 2332; x_wconf 90' lang='lat' dir='ltr'><strong>prae-</strong></span> 
     </span>
     <span class='ocr_line' id='line_1_24' title="bbox 267 2333 2258 2421; baseline -0.004 -14"><span class='ocrx_word' id='word_1_331' title='bbox 267 2337 469 2408; x_wconf 90' lang='lat' dir='ltr'><strong>cohibendae</strong></span> <span class='ocrx_word' id='word_1_332' title='bbox 488 2337 636 2413; x_wconf 88' lang='lat' dir='ltr'><strong>ferociae,</strong></span> <span class='ocrx_word' id='word_1_333' title='bbox 658 2354 722 2417; x_wconf 89' lang='lat' dir='ltr'><strong>qua</strong></span> <span class='ocrx_word' id='word_1_334' title='bbox 740 2334 876 2399; x_wconf 91' lang='lat' dir='ltr'><strong>nimium</strong></span> <span class='ocrx_word' id='word_1_335' title='bbox 900 2333 1092 2414; x_wconf 87' lang='lat' dir='ltr'><strong>exsultabat,</strong></span> <span class='ocrx_word' id='word_1_336' title='bbox 1121 2337 1237 2414; x_wconf 92' lang='lat' dir='ltr'><strong>studio,</strong></span> <span class='ocrx_word' id='word_1_337' title='bbox 1290 2336 1404 2401; x_wconf 89' lang='lat' dir='ltr'><strong>sertim</strong></span> <span class='ocrx_word' id='word_1_338' title='bbox 1415 2356 1495 2418; x_wconf 89' lang='lat' dir='ltr'><strong>qnos</strong></span> <span class='ocrx_word' id='word_1_339' title='bbox 1516 2335 1671 2401; x_wconf 90' lang='lat' dir='ltr'><strong>videbant</strong></span> <span class='ocrx_word' id='word_1_340' title='bbox 1687 2336 1842 2421; x_wconf 88' lang='lat' dir='ltr'><strong>superbos</strong></span> <span class='ocrx_word' id='word_1_341' title='bbox 1861 2344 1894 2403; x_wconf 90' lang='lat' dir='ltr'><strong>et</strong></span> <span class='ocrx_word' id='word_1_342' title='bbox 1910 2337 2099 2415; x_wconf 90' lang='lat' dir='ltr'><strong>obstinatos,</strong></span> <span class='ocrx_word' id='word_1_343' title='bbox 2111 2335 2258 2402; x_wconf 87' lang='lat' dir='ltr'><strong>acerbius</strong></span> 
     </span>
     <span class='ocr_line' id='line_1_25' title="bbox 268 2416 2259 2507; baseline -0.002 -16"><span class='ocrx_word' id='word_1_344' title='bbox 268 2426 376 2492; x_wconf 88' lang='lat' dir='ltr'><strong>acrius</strong></span> <span class='ocrx_word' id='word_1_345' title='bbox 397 2423 493 2507; x_wconf 92' lang='lat' dir='ltr'><strong>paulo</strong></span> <span class='ocrx_word' id='word_1_346' title='bbox 511 2442 609 2506; x_wconf 89' lang='lat' dir='ltr'><strong>quam</strong></span> <span class='ocrx_word' id='word_1_347' title='bbox 625 2429 772 2504; x_wconf 90' lang='lat' dir='ltr'><strong>optarem</strong></span> <span class='ocrx_word' id='word_1_348' title='bbox 791 2416 972 2485; x_wconf 90' lang='lat' dir='ltr'><strong>remedium</strong></span> <span class='ocrx_word' id='word_1_349' title='bbox 992 2419 1133 2486; x_wconf 89' lang='lat' dir='ltr'><strong>adhibui.</strong></span> <span class='ocrx_word' id='word_1_350' title='bbox 1178 2424 1239 2486; x_wconf 78' lang='lat' dir='ltr'><strong>At-</strong></span> <span class='ocrx_word' id='word_1_351' title='bbox 1290 2421 1536 2503; x_wconf 87' lang='lat' dir='ltr'><strong>reprehcndere.</strong></span> <span class='ocrx_word' id='word_1_352' title='bbox 1581 2423 1652 2487; x_wconf 92' lang='lat' dir='ltr'><strong>Imo</strong></span> <span class='ocrx_word' id='word_1_353' title='bbox 1673 2443 1881 2488; x_wconf 91' lang='lat' dir='ltr'><strong>communem</strong></span> <span class='ocrx_word' id='word_1_354' title='bbox 1910 2422 2017 2488; x_wconf 92' lang='lat' dir='ltr'><strong>locum</strong></span> <span class='ocrx_word' id='word_1_355' title='bbox 2043 2422 2115 2488; x_wconf 90' lang='lat' dir='ltr'><strong>sine</strong></span> <span class='ocrx_word' id='word_1_356' title='bbox 2141 2442 2259 2503; x_wconf 80' lang='lat' dir='ltr'><strong>excep·</strong></span> 
     </span>
     <span class='ocr_line' id='line_1_26' title="bbox 289 2503 2258 2591; baseline -0.001 -17"><span class='ocrx_word' id='word_1_357' title='bbox 289 2532 330 2576; x_wconf 94' lang='lat' dir='ltr'><strong>ue</strong></span> <span class='ocrx_word' id='word_1_358' title='bbox 352 2509 481 2576; x_wconf 91' lang='lat' dir='ltr'><strong>utinam</strong></span> <span class='ocrx_word' id='word_1_359' title='bbox 504 2507 613 2573; x_wconf 91' lang='lat' dir='ltr'><strong>dolore</strong></span> <span class='ocrx_word' id='word_1_360' title='bbox 634 2512 774 2589; x_wconf 89' lang='lat' dir='ltr'><strong>punctus</strong></span> <span class='ocrx_word' id='word_1_361' title='bbox 792 2505 906 2571; x_wconf 77' lang='lat' dir='ltr'><strong>saissa</strong></span> <span class='ocrx_word' id='word_1_362' title='bbox 928 2503 968 2569; x_wconf 90' lang='lat' dir='ltr'><strong>ad</strong></span> <span class='ocrx_word' id='word_1_363' title='bbox 986 2507 1236 2589; x_wconf 90' lang='lat' dir='ltr'><strong>poenitentiaml</strong></span> <span class='ocrx_word' id='word_1_364' title='bbox 1290 2508 1378 2572; x_wconf 90' lang='lat' dir='ltr'><strong>tione</strong></span> <span class='ocrx_word' id='word_1_365' title='bbox 1400 2512 1435 2572; x_wconf 92' lang='lat' dir='ltr'><strong>et</strong></span> <span class='ocrx_word' id='word_1_366' title='bbox 1455 2506 1582 2574; x_wconf 91' lang='lat' dir='ltr'><strong>delectu</strong></span> <span class='ocrx_word' id='word_1_367' title='bbox 1598 2509 1767 2591; x_wconf 87' lang='lat' dir='ltr'><strong>arripiens,</strong></span> <span class='ocrx_word' id='word_1_368' title='bbox 1791 2530 1832 2575; x_wconf 91' lang='lat' dir='ltr'><strong>nc</strong></span> <span class='ocrx_word' id='word_1_369' title='bbox 1854 2508 1977 2575; x_wconf 90' lang='lat' dir='ltr'><strong>scilicet</strong></span> <span class='ocrx_word' id='word_1_370' title='bbox 1992 2506 2147 2590; x_wconf 91' lang='lat' dir='ltr'><strong>improbis</strong></span> <span class='ocrx_word' id='word_1_371' title='bbox 2169 2526 2258 2572; x_wconf 88' lang='lat' dir='ltr'><strong>erro·</strong></span> 
     </span>
     <span class='ocr_line' id='line_1_27' title="bbox 268 2533 2259 2678; baseline -0.003 -15"><span class='ocrx_word' id='word_1_372' title='bbox 268 2533 336 2663; x_wconf 66' lang='lat' dir='ltr'><strong>hoa</strong></span> <span class='ocrx_word' id='word_1_373' title='bbox 358 2593 488 2678; x_wconf 89' lang='lat' dir='ltr'><strong>quaudo</strong></span> <span class='ocrx_word' id='word_1_374' title='bbox 510 2599 637 2658; x_wconf 88' lang='lat' dir='ltr'><strong>tantum</strong></span> <span class='ocrx_word' id='word_1_375' title='bbox 656 2592 880 2670; x_wconf 85' lang='lat' dir='ltr'><strong>exacerbatus,</strong></span> <span class='ocrx_word' id='word_1_376' title='bbox 898 2591 981 2656; x_wconf 90' lang='lat' dir='ltr'><strong>nihil</strong></span> <span class='ocrx_word' id='word_1_377' title='bbox 1000 2590 1040 2657; x_wconf 93' lang='lat' dir='ltr'><strong>de</strong></span> <span class='ocrx_word' id='word_1_378' title='bbox 1056 2593 1240 2675; x_wconf 88' lang='lat' dir='ltr'><strong>pervicacia</strong></span> <span class='ocrx_word' id='word_1_379' title='bbox 1291 2614 1364 2657; x_wconf 88' lang='lat' dir='ltr'><strong>rum</strong></span> <span class='ocrx_word' id='word_1_380' title='bbox 1398 2591 1622 2659; x_wconf 82' lang='lat' dir='ltr'><strong>defensoribus</strong></span> <span class='ocrx_word' id='word_1_381' title='bbox 1656 2595 1705 2660; x_wconf 87' lang='lat' dir='ltr'><strong>fas</strong></span> <span class='ocrx_word' id='word_1_382' title='bbox 1738 2593 1782 2659; x_wconf 89' lang='lat' dir='ltr'><strong>sit</strong></span> <span class='ocrx_word' id='word_1_383' title='bbox 1810 2594 1949 2660; x_wconf 90' lang='lat' dir='ltr'><strong>obiicere</strong></span> <span class='ocrx_word' id='word_1_384' title='bbox 1989 2599 2063 2673; x_wconf 78' lang='lat' dir='ltr'><strong>[pag.</strong></span> <span class='ocrx_word' id='word_1_385' title='bbox 2089 2600 2140 2671; x_wconf 86' lang='grc'><strong>11]</strong></span> <span class='ocrx_word' id='word_1_386' title='bbox 2174 2589 2259 2676; x_wconf 92' lang='lat' dir='ltr'><strong>quod</strong></span> 
     </span>
     <span class='ocr_line' id='line_1_28' title="bbox 267 2675 2258 2763; baseline -0.002 -16"><span class='ocrx_word' id='word_1_387' title='bbox 267 2681 405 2760; x_wconf 90' lang='lat' dir='ltr'><strong>remisit,</strong></span> <span class='ocrx_word' id='word_1_388' title='bbox 427 2680 494 2745; x_wconf 90' lang='lat' dir='ltr'><strong>imo</strong></span> <span class='ocrx_word' id='word_1_389' title='bbox 515 2678 551 2743; x_wconf 88' lang='lat' dir='ltr'><strong>in</strong></span> <span class='ocrx_word' id='word_1_390' title='bbox 573 2698 611 2743; x_wconf 92' lang='lat' dir='ltr'><strong>ea</strong></span> <span class='ocrx_word' id='word_1_391' title='bbox 632 2678 738 2762; x_wconf 83' lang='lat' dir='ltr'><strong>magis</strong></span> <span class='ocrx_word' id='word_1_392' title='bbox 760 2698 797 2741; x_wconf 91' lang='lat' dir='ltr'><strong>ac</strong></span> <span class='ocrx_word' id='word_1_393' title='bbox 818 2677 925 2762; x_wconf 83' lang='lat' dir='ltr'><strong>magis</strong></span> <span class='ocrx_word' id='word_1_394' title='bbox 944 2675 1106 2754; x_wconf 92' lang='lat' dir='ltr'><strong>obduruit,</strong></span> <span class='ocrx_word' id='word_1_395' title='bbox 1137 2678 1240 2744; x_wconf 87' lang='lat' dir='ltr'><strong>altero</strong></span> <span class='ocrx_word' id='word_1_396' title='bbox 1292 2686 1469 2748; x_wconf 85' lang='lat' dir='ltr'><strong>merentur.</strong></span> <span class='ocrx_word' id='word_1_397' title='bbox 1492 2701 1533 2744; x_wconf 82' lang='lat' dir='ltr'><strong>ex</strong></span> <span class='ocrx_word' id='word_1_398' title='bbox 1561 2679 1706 2761; x_wconf 90' lang='lat' dir='ltr'><strong>professo</strong></span> <span class='ocrx_word' id='word_1_399' title='bbox 1734 2679 2032 2763; x_wconf 88' lang='lat' dir='ltr'><strong>pseudoprophetas</strong></span> <span class='ocrx_word' id='word_1_400' title='bbox 2066 2699 2182 2744; x_wconf 93' lang='lat' dir='ltr'><strong>omnes</strong></span> <span class='ocrx_word' id='word_1_401' title='bbox 2208 2687 2258 2743; x_wconf 90' lang='lat' dir='ltr'><strong>ta·</strong></span> 
     </span>
     <span class='ocr_line' id='line_1_29' title="bbox 267 2758 2259 2848; baseline -0.003 -15"><span class='ocrx_word' id='word_1_402' title='bbox 267 2768 374 2833; x_wconf 88' lang='lat' dir='ltr'><strong>fructu</strong></span> <span class='ocrx_word' id='word_1_403' title='bbox 397 2784 451 2831; x_wconf 90' lang='lat' dir='ltr'><strong>me</strong></span> <span class='ocrx_word' id='word_1_404' title='bbox 473 2762 630 2843; x_wconf 92' lang='lat' dir='ltr'><strong>consolor,</strong></span> <span class='ocrx_word' id='word_1_405' title='bbox 653 2762 739 2845; x_wconf 92' lang='lat' dir='ltr'><strong>quod</strong></span> <span class='ocrx_word' id='word_1_406' title='bbox 767 2763 823 2827; x_wconf 90' lang='lat' dir='ltr'><strong>alii</strong></span> <span class='ocrx_word' id='word_1_407' title='bbox 849 2758 1035 2847; x_wconf 79' lang='lat' dir='ltr'><strong>intelligent</strong></span> <span class='ocrx_word' id='word_1_408' title='bbox 1061 2783 1159 2846; x_wconf 90' lang='lat' dir='ltr'><strong>quam</strong></span> <span class='ocrx_word' id='word_1_409' title='bbox 1186 2764 1239 2829; x_wconf 90' lang='lat' dir='ltr'><strong>in·</strong></span> <span class='ocrx_word' id='word_1_410' title='bbox 1292 2762 1393 2829; x_wconf 90' lang='lat' dir='ltr'><strong>endos</strong></span> <span class='ocrx_word' id='word_1_411' title='bbox 1416 2764 1560 2848; x_wconf 88' lang='lat' dir='ltr'><strong>suscipit,</strong></span> <span class='ocrx_word' id='word_1_412' title='bbox 1583 2774 1619 2828; x_wconf 91' lang='lat' dir='ltr'><strong>ut</strong></span> <span class='ocrx_word' id='word_1_413' title='bbox 1640 2765 1711 2847; x_wconf 90' lang='lat' dir='ltr'><strong>ipsa</strong></span> <span class='ocrx_word' id='word_1_414' title='bbox 1732 2765 1910 2848; x_wconf 90' lang='lat' dir='ltr'><strong>impunitas</strong></span> <span class='ocrx_word' id='word_1_415' title='bbox 1937 2764 2102 2832; x_wconf 88' lang='lat' dir='ltr'><strong>licentiam</strong></span> <span class='ocrx_word' id='word_1_416' title='bbox 2132 2770 2259 2848; x_wconf 82' lang='lat' dir='ltr'><strong>augeat.</strong></span> 
     </span>
     <span class='ocr_line' id='line_1_30' title="bbox 268 2847 2260 2936; baseline -0.002 -18"><span class='ocrx_word' id='word_1_417' title='bbox 268 2852 372 2936; x_wconf 89' lang='lat' dir='ltr'><strong>sipide</strong></span> <span class='ocrx_word' id='word_1_418' title='bbox 395 2852 499 2916; x_wconf 89' lang='lat' dir='ltr'><strong>errori</strong></span> <span class='ocrx_word' id='word_1_419' title='bbox 521 2870 580 2915; x_wconf 88' lang='lat' dir='ltr'><strong>suc</strong></span> <span class='ocrx_word' id='word_1_420' title='bbox 602 2858 715 2914; x_wconf 90' lang='lat' dir='ltr'><strong>contra</strong></span> <span class='ocrx_word' id='word_1_421' title='bbox 736 2847 859 2916; x_wconf 90' lang='lat' dir='ltr'><strong>claram</strong></span> <span class='ocrx_word' id='word_1_422' title='bbox 879 2870 978 2915; x_wconf 92' lang='lat' dir='ltr'><strong>verae</strong></span> <span class='ocrx_word' id='word_1_423' title='bbox 1000 2847 1167 2915; x_wconf 89' lang='lat' dir='ltr'><strong>doctrinae</strong></span> <span class='ocrx_word' id='word_1_424' title='bbox 1188 2851 1239 2916; x_wconf 91' lang='lat' dir='ltr'><strong>la·</strong></span> <span class='ocrx_word' id='word_1_425' title='bbox 1292 2848 1388 2931; x_wconf 83' lang='lat' dir='ltr'><strong>Quod</strong></span> <span class='ocrx_word' id='word_1_426' title='bbox 1418 2871 1453 2915; x_wconf 89' lang='lat' dir='ltr'><strong>se</strong></span> <span class='ocrx_word' id='word_1_427' title='bbox 1487 2850 1716 2916; x_wconf 91' lang='lat' dir='ltr'><strong>inclementius</strong></span> <span class='ocrx_word' id='word_1_428' title='bbox 1750 2872 1846 2934; x_wconf 89' lang='lat' dir='ltr'><strong>quam</strong></span> <span class='ocrx_word' id='word_1_429' title='bbox 1872 2851 2041 2935; x_wconf 90' lang='lat' dir='ltr'><strong>Papistas,</strong></span> <span class='ocrx_word' id='word_1_430' title='bbox 2071 2850 2260 2915; x_wconf 82' lang='lat' dir='ltr'><strong>Libertinos</strong></span> 
     </span>
     <span class='ocr_line' id='line_1_31' title="bbox 268 2932 2260 3022; baseline -0.003 -18"><span class='ocrx_word' id='word_1_431' title='bbox 268 2960 338 3006; x_wconf 90' lang='lat' dir='ltr'><strong>cem</strong></span> <span class='ocrx_word' id='word_1_432' title='bbox 361 2937 584 3022; x_wconf 86' lang='lat' dir='ltr'><strong>patrocinatus</strong></span> <span class='ocrx_word' id='word_1_433' title='bbox 605 2934 712 3000; x_wconf 86' lang='lat' dir='ltr'><strong>fuerit</strong></span> <span class='ocrx_word' id='word_1_434' title='bbox 755 2932 892 2998; x_wconf 88' lang='lat' dir='ltr'><strong>Interim</strong></span> <span class='ocrx_word' id='word_1_435' title='bbox 913 2934 942 3000; x_wconf 91' lang='lat' dir='ltr'><strong>si</strong></span> <span class='ocrx_word' id='word_1_436' title='bbox 964 2935 1111 3000; x_wconf 89' lang='lat' dir='ltr'><strong>animum</strong></span> <span class='ocrx_word' id='word_1_437' title='bbox 1128 2957 1240 3000; x_wconf 89' lang='lat' dir='ltr'><strong>meum</strong></span> <span class='ocrx_word' id='word_1_438' title='bbox 1294 2935 1571 3019; x_wconf 85' lang='lat' dir='ltr'><strong>cAnabaptistas</strong></span> <span class='ocrx_word' id='word_1_439' title='bbox 1593 2945 1767 3002; x_wconf 90' lang='lat' dir='ltr'><strong>tractatum</strong></span> <span class='ocrx_word' id='word_1_440' title='bbox 1788 2938 1889 3004; x_wconf 90' lang='lat' dir='ltr'><strong>fuisse</strong></span> <span class='ocrx_word' id='word_1_441' title='bbox 1912 2935 2125 3020; x_wconf 88' lang='lat' dir='ltr'><strong>conqueritur</strong></span> <span class='ocrx_word' id='word_1_442' title='bbox 2146 2936 2260 3000; x_wconf 87' lang='lat' dir='ltr'><strong>West-</strong></span> 
     </span>
     <span class='ocr_line' id='line_1_32' title="bbox 267 3019 2260 3108; baseline -0.002 -19"><span class='ocrx_word' id='word_1_443' title='bbox 267 3026 338 3108; x_wconf 89' lang='lat' dir='ltr'><strong>ipse</strong></span> <span class='ocrx_word' id='word_1_444' title='bbox 359 3021 432 3088; x_wconf 92' lang='lat' dir='ltr'><strong>odio</strong></span> <span class='ocrx_word' id='word_1_445' title='bbox 454 3028 645 3087; x_wconf 82' lang='lat' dir='ltr'><strong>excaecatus</strong></span> <span class='ocrx_word' id='word_1_446' title='bbox 663 3019 846 3103; x_wconf 87' lang='lat' dir='ltr'><strong>perspicere</strong></span> <span class='ocrx_word' id='word_1_447' title='bbox 864 3041 929 3084; x_wconf 93' lang='lat' dir='ltr'><strong>non</strong></span> <span class='ocrx_word' id='word_1_448' title='bbox 951 3027 1067 3104; x_wconf 87' lang='lat' dir='ltr'><strong>potest,</strong></span> <span class='ocrx_word' id='word_1_449' title='bbox 1086 3020 1239 3087; x_wconf 89' lang='lat' dir='ltr'><strong>Christus</strong></span> <span class='ocrx_word' id='word_1_450' title='bbox 1291 3021 1418 3105; x_wconf 90' lang='lat' dir='ltr'><strong>phalas,</strong></span> <span class='ocrx_word' id='word_1_451' title='bbox 1441 3043 1483 3087; x_wconf 86' lang='lat' dir='ltr'><strong>ex</strong></span> <span class='ocrx_word' id='word_1_452' title='bbox 1504 3022 1633 3106; x_wconf 90' lang='lat' dir='ltr'><strong>scriptis</strong></span> <span class='ocrx_word' id='word_1_453' title='bbox 1654 3023 1736 3088; x_wconf 89' lang='lat' dir='ltr'><strong>meis</strong></span> <span class='ocrx_word' id='word_1_454' title='bbox 1760 3022 2007 3106; x_wconf 89' lang='lat' dir='ltr'><strong>deprehendent</strong></span> <span class='ocrx_word' id='word_1_455' title='bbox 2033 3021 2171 3087; x_wconf 89' lang='lat' dir='ltr'><strong>lectores</strong></span> <span class='ocrx_word' id='word_1_456' title='bbox 2199 3019 2260 3086; x_wconf 88' lang='lat' dir='ltr'><strong>fal·</strong></span> 
     </span>
     <span class='ocr_line' id='line_1_33' title="bbox 267 3105 2260 3192; baseline -0.002 -17"><span class='ocrx_word' id='word_1_457' title='bbox 267 3117 378 3175; x_wconf 90' lang='lat' dir='ltr'><strong>tamen</strong></span> <span class='ocrx_word' id='word_1_458' title='bbox 407 3107 587 3173; x_wconf 89' lang='lat' dir='ltr'><strong>communis</strong></span> <span class='ocrx_word' id='word_1_459' title='bbox 619 3105 718 3170; x_wconf 87' lang='lat' dir='ltr'><strong>iudex</strong></span> <span class='ocrx_word' id='word_1_460' title='bbox 747 3106 912 3189; x_wconf 85' lang='lat' dir='ltr'><strong>agnoscit,</strong></span> <span class='ocrx_word' id='word_1_461' title='bbox 940 3121 974 3169; x_wconf 86' lang='lat' dir='ltr'><strong>et</strong></span> <span class='ocrx_word' id='word_1_462' title='bbox 1007 3127 1066 3171; x_wconf 94' lang='lat' dir='ltr'><strong>suo</strong></span> <span class='ocrx_word' id='word_1_463' title='bbox 1093 3114 1239 3190; x_wconf 91' lang='lat' dir='ltr'><strong>tempore</strong></span> <span class='ocrx_word' id='word_1_464' title='bbox 1291 3107 1454 3173; x_wconf 89' lang='lat' dir='ltr'><strong>sissimam</strong></span> <span class='ocrx_word' id='word_1_465' title='bbox 1474 3128 1552 3173; x_wconf 92' lang='lat' dir='ltr'><strong>esse.</strong></span> <span class='ocrx_word' id='word_1_466' title='bbox 1588 3107 1661 3192; x_wconf 83' lang='lat' dir='ltr'><strong>Ego</strong></span> <span class='ocrx_word' id='word_1_467' title='bbox 1678 3108 1875 3191; x_wconf 90' lang='lat' dir='ltr'><strong>perniciosos</strong></span> <span class='ocrx_word' id='word_1_468' title='bbox 1893 3107 1967 3173; x_wconf 92' lang='lat' dir='ltr'><strong>illos</strong></span> <span class='ocrx_word' id='word_1_469' title='bbox 1988 3129 2124 3185; x_wconf 89' lang='lat' dir='ltr'><strong>errores,</strong></span> <span class='ocrx_word' id='word_1_470' title='bbox 2142 3106 2260 3191; x_wconf 90' lang='lat' dir='ltr'><strong>quibus</strong></span> 
     </span>
     <span class='ocr_line' id='line_1_34' title="bbox 267 3190 2260 3280; baseline -0.002 -19"><span class='ocrx_word' id='word_1_471' title='bbox 267 3195 377 3280; x_wconf 91' lang='lat' dir='ltr'><strong>palam</strong></span> <span class='ocrx_word' id='word_1_472' title='bbox 404 3194 508 3270; x_wconf 89' lang='lat' dir='ltr'><strong>faciet,</strong></span> <span class='ocrx_word' id='word_1_473' title='bbox 538 3213 604 3257; x_wconf 92' lang='lat' dir='ltr'><strong>non</strong></span> <span class='ocrx_word' id='word_1_474' title='bbox 629 3193 677 3256; x_wconf 91' lang='lat' dir='ltr'><strong>ita</strong></span> <span class='ocrx_word' id='word_1_475' title='bbox 712 3190 848 3274; x_wconf 88' lang='lat' dir='ltr'><strong>privatis</strong></span> <span class='ocrx_word' id='word_1_476' title='bbox 881 3190 1010 3255; x_wconf 92' lang='lat' dir='ltr'><strong>iniuriis</strong></span> <span class='ocrx_word' id='word_1_477' title='bbox 1045 3190 1239 3258; x_wconf 89' lang='lat' dir='ltr'><strong>ulciscendis</strong></span> <span class='ocrx_word' id='word_1_478' title='bbox 1291 3203 1361 3258; x_wconf 88' lang='lat' dir='ltr'><strong>tota</strong></span> <span class='ocrx_word' id='word_1_479' title='bbox 1378 3193 1492 3279; x_wconf 80' lang='lat' dir='ltr'><strong>religio</strong></span> <span class='ocrx_word' id='word_1_480' title='bbox 1511 3193 1740 3277; x_wconf 89' lang='lat' dir='ltr'><strong>corrumpitur,</strong></span> <span class='ocrx_word' id='word_1_481' title='bbox 1760 3202 1799 3258; x_wconf 90' lang='lat' dir='ltr'><strong>ut</strong></span> <span class='ocrx_word' id='word_1_482' title='bbox 1815 3194 1878 3277; x_wconf 89' lang='lat' dir='ltr'><strong>piis</strong></span> <span class='ocrx_word' id='word_1_483' title='bbox 1890 3194 2040 3260; x_wconf 91' lang='lat' dir='ltr'><strong>omnibus</strong></span> <span class='ocrx_word' id='word_1_484' title='bbox 2051 3192 2260 3260; x_wconf 84' lang='lat' dir='ltr'><strong>detestabiles</strong></span> 
     </span>
     <span class='ocr_line' id='line_1_35' title="bbox 268 3275 2259 3364; baseline -0.002 -16"><span class='ocrx_word' id='word_1_485' title='bbox 268 3302 338 3348; x_wconf 89' lang='lat' dir='ltr'><strong>esse</strong></span> <span class='ocrx_word' id='word_1_486' title='bbox 361 3301 415 3345; x_wconf 89' lang='lat' dir='ltr'><strong>me</strong></span> <span class='ocrx_word' id='word_1_487' title='bbox 436 3277 617 3357; x_wconf 90' lang='lat' dir='ltr'><strong>addictum,</strong></span> <span class='ocrx_word' id='word_1_488' title='bbox 637 3276 717 3360; x_wconf 92' lang='lat' dir='ltr'><strong>quin</strong></span> <span class='ocrx_word' id='word_1_489' title='bbox 740 3275 887 3360; x_wconf 89' lang='lat' dir='ltr'><strong>deposita</strong></span> <span class='ocrx_word' id='word_1_490' title='bbox 907 3297 985 3341; x_wconf 83' lang='lat' dir='ltr'><strong>mox</strong></span> <span class='ocrx_word' id='word_1_491' title='bbox 1013 3276 1103 3341; x_wconf 93' lang='lat' dir='ltr'><strong>omni</strong></span> <span class='ocrx_word' id='word_1_492' title='bbox 1126 3298 1238 3343; x_wconf 91' lang='lat' dir='ltr'><strong>earum</strong></span> <span class='ocrx_word' id='word_1_493' title='bbox 1290 3278 1434 3358; x_wconf 84' lang='lat' dir='ltr'><strong>reddam,</strong></span> <span class='ocrx_word' id='word_1_494' title='bbox 1458 3278 1526 3345; x_wconf 88' lang='lat' dir='ltr'><strong>suis</strong></span> <span class='ocrx_word' id='word_1_495' title='bbox 1538 3277 1652 3364; x_wconf 79' lang='lat' dir='ltr'><strong>elogiis</strong></span> <span class='ocrx_word' id='word_1_496' title='bbox 1660 3281 1688 3359; x_wconf 72' lang='lat'><strong>²)</strong></span> <span class='ocrx_word' id='word_1_497' title='bbox 1712 3278 1861 3363; x_wconf 79' lang='lat' dir='ltr'><strong>depingo.</strong></span> <span class='ocrx_word' id='word_1_498' title='bbox 1906 3280 1979 3347; x_wconf 88' lang='lat' dir='ltr'><strong>Hae</strong></span> <span class='ocrx_word' id='word_1_499' title='bbox 2002 3281 2036 3344; x_wconf 94' lang='lat' dir='ltr'><strong>in</strong></span> <span class='ocrx_word' id='word_1_500' title='bbox 2048 3288 2139 3362; x_wconf 89' lang='lat' dir='ltr'><strong>parte</strong></span> <span class='ocrx_word' id='word_1_501' title='bbox 2151 3298 2259 3344; x_wconf 91' lang='lat' dir='ltr'><strong>meam</strong></span> 
     </span>
     <span class='ocr_line' id='line_1_36' title="bbox 267 3361 2259 3448; baseline -0.002 -15"><span class='ocrx_word' id='word_1_502' title='bbox 267 3366 440 3442; x_wconf 90' lang='lat' dir='ltr'><strong>memoria,</strong></span> <span class='ocrx_word' id='word_1_503' title='bbox 476 3365 503 3429; x_wconf 93' lang='lat' dir='ltr'><strong>si</strong></span> <span class='ocrx_word' id='word_1_504' title='bbox 539 3384 604 3448; x_wconf 89' lang='lat' dir='ltr'><strong>qua</strong></span> <span class='ocrx_word' id='word_1_505' title='bbox 631 3384 706 3446; x_wconf 88' lang='lat' dir='ltr'><strong>spes</strong></span> <span class='ocrx_word' id='word_1_506' title='bbox 735 3361 875 3428; x_wconf 89' lang='lat' dir='ltr'><strong>sanandi</strong></span> <span class='ocrx_word' id='word_1_507' title='bbox 902 3362 1044 3428; x_wconf 90' lang='lat' dir='ltr'><strong>hominis</strong></span> <span class='ocrx_word' id='word_1_508' title='bbox 1072 3372 1238 3447; x_wconf 90' lang='lat' dir='ltr'><strong>appareat,</strong></span> <span class='ocrx_word' id='word_1_509' title='bbox 1291 3364 1542 3430; x_wconf 88' lang='lat' dir='ltr'><strong>amarulentiam</strong></span> <span class='ocrx_word' id='word_1_510' title='bbox 1565 3386 1784 3430; x_wconf 86' lang='lat' dir='ltr'><strong>succensura</strong></span> <span class='ocrx_word' id='word_1_511' title='bbox 1807 3385 1872 3430; x_wconf 92' lang='lat' dir='ltr'><strong>non</strong></span> <span class='ocrx_word' id='word_1_512' title='bbox 1894 3365 2057 3448; x_wconf 89' lang='lat' dir='ltr'><strong>improbat</strong></span> <span class='ocrx_word' id='word_1_513' title='bbox 2077 3364 2259 3448; x_wconf 86' lang='lat' dir='ltr'><strong>Westpha·</strong></span> 
     </span>
     <span class='ocr_line' id='line_1_37' title="bbox 267 3448 2258 3535; baseline -0.003 -16"><span class='ocrx_word' id='word_1_514' title='bbox 267 3456 342 3533; x_wconf 78' lang='lat' dir='ltr'><strong>[pag.</strong></span> <span class='ocrx_word' id='word_1_515' title='bbox 365 3457 398 3532; x_wconf 82' lang='lat'><strong>9]</strong></span> <span class='ocrx_word' id='word_1_516' title='bbox 423 3455 556 3534; x_wconf 91' lang='lat' dir='ltr'><strong>paratus</strong></span> <span class='ocrx_word' id='word_1_517' title='bbox 582 3450 644 3515; x_wconf 92' lang='lat' dir='ltr'><strong>sim</strong></span> <span class='ocrx_word' id='word_1_518' title='bbox 670 3469 783 3513; x_wconf 93' lang='lat' dir='ltr'><strong>omnes</strong></span> <span class='ocrx_word' id='word_1_519' title='bbox 816 3448 979 3514; x_wconf 90' lang='lat' dir='ltr'><strong>fraternae</strong></span> <span class='ocrx_word' id='word_1_520' title='bbox 1007 3449 1239 3531; x_wconf 87' lang='lat' dir='ltr'><strong>pacificationis</strong></span> <span class='ocrx_word' id='word_1_521' title='bbox 1290 3451 1351 3516; x_wconf 87' lang='lat' dir='ltr'><strong>lus.</strong></span> <span class='ocrx_word' id='word_1_522' title='bbox 1395 3449 1502 3516; x_wconf 83' lang='lat' dir='ltr'><strong>Simul</strong></span> <span class='ocrx_word' id='word_1_523' title='bbox 1525 3472 1562 3517; x_wconf 92' lang='lat' dir='ltr'><strong>ac</strong></span> <span class='ocrx_word' id='word_1_524' title='bbox 1582 3450 1654 3534; x_wconf 86' lang='lat' dir='ltr'><strong>ipse</strong></span> <span class='ocrx_word' id='word_1_525' title='bbox 1675 3451 1855 3535; x_wconf 80' lang='lat' dir='ltr'><strong>attingitur,</strong></span> <span class='ocrx_word' id='word_1_526' title='bbox 1874 3459 1976 3516; x_wconf 86' lang='lat' dir='ltr'><strong>totam</strong></span> <span class='ocrx_word' id='word_1_527' title='bbox 1994 3450 2164 3517; x_wconf 89' lang='lat' dir='ltr'><strong>caritatem</strong></span> <span class='ocrx_word' id='word_1_528' title='bbox 2186 3471 2258 3534; x_wconf 87' lang='lat' dir='ltr'><strong>pes·</strong></span> 
     </span>
     <span class='ocr_line' id='line_1_38' title="bbox 267 3532 2258 3619; baseline -0.002 -15"><span class='ocrx_word' id='word_1_529' title='bbox 267 3537 382 3603; x_wconf 92' lang='lat' dir='ltr'><strong>modos</strong></span> <span class='ocrx_word' id='word_1_530' title='bbox 404 3546 540 3601; x_wconf 87' lang='lat' dir='ltr'><strong>tentare.</strong></span> <span class='ocrx_word' id='word_1_531' title='bbox 584 3535 671 3599; x_wconf 90' lang='lat' dir='ltr'><strong>Nam</strong></span> <span class='ocrx_word' id='word_1_532' title='bbox 698 3533 782 3616; x_wconf 91' lang='lat' dir='ltr'><strong>quod</strong></span> <span class='ocrx_word' id='word_1_533' title='bbox 812 3533 929 3600; x_wconf 90' lang='lat' dir='ltr'><strong>alicubi</strong></span> <span class='ocrx_word' id='word_1_534' title='bbox 958 3532 1044 3612; x_wconf 88' lang='lat' dir='ltr'><strong>dicit,</strong></span> <span class='ocrx_word' id='word_1_535' title='bbox 1067 3536 1164 3600; x_wconf 82' lang='lat' dir='ltr'><strong>anxie</strong></span> <span class='ocrx_word' id='word_1_536' title='bbox 1186 3558 1239 3601; x_wconf 89' lang='lat' dir='ltr'><strong>me</strong></span> <span class='ocrx_word' id='word_1_537' title='bbox 1291 3535 1437 3602; x_wconf 90' lang='lat' dir='ltr'><strong>sumdari</strong></span> <span class='ocrx_word' id='word_1_538' title='bbox 1469 3535 1624 3602; x_wconf 90' lang='lat' dir='ltr'><strong>clamitat.</strong></span> <span class='ocrx_word' id='word_1_539' title='bbox 1681 3534 1838 3601; x_wconf 92' lang='lat' dir='ltr'><strong>Convicia</strong></span> <span class='ocrx_word' id='word_1_540' title='bbox 1871 3535 2101 3619; x_wconf 86' lang='lat' dir='ltr'><strong>scurrilesque.</strong></span> <span class='ocrx_word' id='word_1_541' title='bbox 2125 3535 2258 3601; x_wconf 85' lang='lat' dir='ltr'><strong>facetias</strong></span> 
     </span>
     <span class='ocr_line' id='line_1_39' title="bbox 268 3617 2258 3705; baseline -0.001 -16"><span class='ocrx_word' id='word_1_542' title='bbox 268 3624 438 3690; x_wconf 86' lang='lat' dir='ltr'><strong>affectasse</strong></span> <span class='ocrx_word' id='word_1_543' title='bbox 466 3643 507 3686; x_wconf 92' lang='lat' dir='ltr'><strong>ne</strong></span> <span class='ocrx_word' id='word_1_544' title='bbox 536 3619 623 3704; x_wconf 92' lang='lat' dir='ltr'><strong>quod</strong></span> <span class='ocrx_word' id='word_1_545' title='bbox 652 3617 761 3702; x_wconf 88' lang='lat' dir='ltr'><strong>probri</strong></span> <span class='ocrx_word' id='word_1_546' title='bbox 791 3640 896 3701; x_wconf 82' lang='lat' dir='ltr'><strong>genus</strong></span> <span class='ocrx_word' id='word_1_547' title='bbox 925 3619 1118 3697; x_wconf 90' lang='lat' dir='ltr'><strong>omitterem,</strong></span> <span class='ocrx_word' id='word_1_548' title='bbox 1142 3643 1238 3705; x_wconf 89' lang='lat' dir='ltr'><strong>quam</strong></span> <span class='ocrx_word' id='word_1_549' title='bbox 1292 3622 1498 3688; x_wconf 72' lang='lat' dir='ltr'><strong>Christianos</strong></span> <span class='ocrx_word' id='word_1_550' title='bbox 1516 3623 1649 3686; x_wconf 91' lang='lat' dir='ltr'><strong>minime</strong></span> <span class='ocrx_word' id='word_1_551' title='bbox 1671 3621 1783 3687; x_wconf 89' lang='lat' dir='ltr'><strong>decere</strong></span> <span class='ocrx_word' id='word_1_552' title='bbox 1806 3622 1958 3705; x_wconf 90' lang='lat' dir='ltr'><strong>utrinque</strong></span> <span class='ocrx_word' id='word_1_553' title='bbox 1981 3623 2144 3688; x_wconf 90' lang='lat' dir='ltr'><strong>convenit.</strong></span> <span class='ocrx_word' id='word_1_554' title='bbox 2191 3618 2258 3687; x_wconf 81' lang='lat' dir='ltr'><strong>Sed</strong></span> 
     </span>
     <span class='ocr_line' id='line_1_40' title="bbox 266 3704 2257 3794; baseline -0.001 -21"><span class='ocrx_word' id='word_1_555' title='bbox 266 3708 364 3794; x_wconf 84' lang='lat' dir='ltr'><strong>longe</strong></span> <span class='ocrx_word' id='word_1_556' title='bbox 387 3707 529 3784; x_wconf 88' lang='lat' dir='ltr'><strong>fallatur,</strong></span> <span class='ocrx_word' id='word_1_557' title='bbox 552 3728 594 3771; x_wconf 85' lang='lat' dir='ltr'><strong>ex</strong></span> <span class='ocrx_word' id='word_1_558' title='bbox 615 3726 651 3770; x_wconf 90' lang='lat' dir='ltr'><strong>re</strong></span> <span class='ocrx_word' id='word_1_559' title='bbox 669 3705 739 3789; x_wconf 91' lang='lat' dir='ltr'><strong>ipsa</strong></span> <span class='ocrx_word' id='word_1_560' title='bbox 757 3704 879 3786; x_wconf 88' lang='lat' dir='ltr'><strong>optime</strong></span> <span class='ocrx_word' id='word_1_561' title='bbox 905 3704 1050 3789; x_wconf 89' lang='lat' dir='ltr'><strong>liquebit.</strong></span> <span class='ocrx_word' id='word_1_562' title='bbox 1100 3705 1237 3772; x_wconf 90' lang='lat' dir='ltr'><strong>Librum</strong></span> <span class='ocrx_word' id='word_1_563' title='bbox 1291 3707 1368 3792; x_wconf 88' lang='lat' dir='ltr'><strong>quia</strong></span> <span class='ocrx_word' id='word_1_564' title='bbox 1389 3727 1495 3790; x_wconf 86' lang='lat' dir='ltr'><strong>neque</strong></span> <span class='ocrx_word' id='word_1_565' title='bbox 1516 3707 1694 3790; x_wconf 88' lang='lat' dir='ltr'><strong>prophetae</strong></span> <span class='ocrx_word' id='word_1_566' title='bbox 1715 3708 1777 3791; x_wconf 91' lang='lat' dir='ltr'><strong>ipsi</strong></span> <span class='ocrx_word' id='word_1_567' title='bbox 1796 3732 1816 3772; x_wconf 88' lang='lat' dir='ltr'><strong>a</strong></span> <span class='ocrx_word' id='word_1_568' title='bbox 1834 3707 2063 3773; x_wconf 88' lang='lat' dir='ltr'><strong>scommatibus</strong></span> <span class='ocrx_word' id='word_1_569' title='bbox 2081 3706 2257 3785; x_wconf 89' lang='lat' dir='ltr'><strong>abstineut,</strong></span> 
     </span>
     <span class='ocr_line' id='line_1_41' title="bbox 268 3788 2258 3876; baseline -0.001 -17"><span class='ocrx_word' id='word_1_570' title='bbox 268 3794 356 3859; x_wconf 92' lang='lat' dir='ltr'><strong>enim</strong></span> <span class='ocrx_word' id='word_1_571' title='bbox 377 3814 430 3857; x_wconf 89' lang='lat' dir='ltr'><strong>mc</strong></span> <span class='ocrx_word' id='word_1_572' title='bbox 442 3792 592 3857; x_wconf 89' lang='lat' dir='ltr'><strong>celeriter</strong></span> <span class='ocrx_word' id='word_1_573' title='bbox 603 3788 743 3856; x_wconf 89' lang='lat' dir='ltr'><strong>dictasse</strong></span> <span class='ocrx_word' id='word_1_574' title='bbox 756 3790 782 3873; x_wconf 91' lang='lat'><strong>¹)</strong></span> <span class='ocrx_word' id='word_1_575' title='bbox 803 3789 900 3854; x_wconf 92' lang='lat' dir='ltr'><strong>multi</strong></span> <span class='ocrx_word' id='word_1_576' title='bbox 912 3800 989 3856; x_wconf 91' lang='lat' dir='ltr'><strong>sunt</strong></span> <span class='ocrx_word' id='word_1_577' title='bbox 1004 3789 1111 3855; x_wconf 90' lang='lat' dir='ltr'><strong>idonei</strong></span> <span class='ocrx_word' id='word_1_578' title='bbox 1129 3802 1237 3859; x_wconf 87' lang='lat' dir='ltr'><strong>testes.</strong></span> <span class='ocrx_word' id='word_1_579' title='bbox 1291 3803 1325 3860; x_wconf 92' lang='lat' dir='ltr'><strong>et</strong></span> <span class='ocrx_word' id='word_1_580' title='bbox 1346 3793 1430 3858; x_wconf 90' lang='lat' dir='ltr'><strong>salse</strong></span> <span class='ocrx_word' id='word_1_581' title='bbox 1457 3793 1649 3876; x_wconf 78' lang='lat' dir='ltr'><strong>perstringit</strong></span> <span class='ocrx_word' id='word_1_582' title='bbox 1681 3791 1834 3858; x_wconf 89' lang='lat' dir='ltr'><strong>Christus</strong></span> <span class='ocrx_word' id='word_1_583' title='bbox 1867 3813 2037 3876; x_wconf 89' lang='lat' dir='ltr'><strong>perversos</strong></span> <span class='ocrx_word' id='word_1_584' title='bbox 2064 3803 2098 3858; x_wconf 88' lang='lat' dir='ltr'><strong>et</strong></span> <span class='ocrx_word' id='word_1_585' title='bbox 2125 3793 2258 3859; x_wconf 87' lang='lat' dir='ltr'><strong>fallaces</strong></span> 
     </span>
     <span class='ocr_line' id='line_1_42' title="bbox 267 3877 2258 3962; baseline -0.002 -18"><span class='ocrx_word' id='word_1_586' title='bbox 267 3877 341 3944; x_wconf 90' lang='lat' dir='ltr'><strong>Illic</strong></span> <span class='ocrx_word' id='word_1_587' title='bbox 362 3878 446 3960; x_wconf 92' lang='lat' dir='ltr'><strong>quod</strong></span> <span class='ocrx_word' id='word_1_588' title='bbox 468 3877 594 3942; x_wconf 86' lang='lat' dir='ltr'><strong>ferebat</strong></span> <span class='ocrx_word' id='word_1_589' title='bbox 621 3896 727 3951; x_wconf 89' lang='lat' dir='ltr'><strong>causa,</strong></span> <span class='ocrx_word' id='word_1_590' title='bbox 756 3882 935 3958; x_wconf 89' lang='lat' dir='ltr'><strong>sponteque</strong></span> <span class='ocrx_word' id='word_1_591' title='bbox 964 3883 997 3940; x_wconf 89' lang='lat' dir='ltr'><strong>et</strong></span> <span class='ocrx_word' id='word_1_592' title='bbox 1025 3896 1066 3940; x_wconf 85' lang='lat' dir='ltr'><strong>ex</strong></span> <span class='ocrx_word' id='word_1_593' title='bbox 1093 3887 1239 3960; x_wconf 90' lang='lat' dir='ltr'><strong>tempore</strong></span> <span class='ocrx_word' id='word_1_594' title='bbox 1290 3880 1473 3962; x_wconf 83' lang='lat' dir='ltr'><strong>magistros,</strong></span> <span class='ocrx_word' id='word_1_595' title='bbox 1505 3888 1538 3943; x_wconf 90' lang='lat' dir='ltr'><strong>et</strong></span> <span class='ocrx_word' id='word_1_596' title='bbox 1557 3878 1687 3960; x_wconf 65' lang='lat' dir='ltr'><strong>,ubique</strong></span> <span class='ocrx_word' id='word_1_597' title='bbox 1715 3879 1850 3962; x_wconf 86' lang='lat' dir='ltr'><strong>spiritus</strong></span> <span class='ocrx_word' id='word_1_598' title='bbox 1878 3887 2010 3945; x_wconf 87' lang='lat' dir='ltr'><strong>sanetus</strong></span> <span class='ocrx_word' id='word_1_599' title='bbox 2044 3886 2161 3945; x_wconf 90' lang='lat' dir='ltr'><strong>contra</strong></span> <span class='ocrx_word' id='word_1_600' title='bbox 2198 3879 2258 3943; x_wconf 92' lang='lat' dir='ltr'><strong>hoc</strong></span> 
     </span>
     <span class='ocr_line' id='line_1_43' title="bbox 269 3958 2258 4048; baseline 0.001 -18"><span class='ocrx_word' id='word_1_601' title='bbox 269 3961 474 4040; x_wconf 88' lang='lat' dir='ltr'><strong>occurrebat,</strong></span> <span class='ocrx_word' id='word_1_602' title='bbox 498 3961 619 4046; x_wconf 89' lang='lat' dir='ltr'><strong>absque</strong></span> <span class='ocrx_word' id='word_1_603' title='bbox 649 3961 748 4045; x_wconf 83' lang='lat' dir='ltr'><strong>longa</strong></span> <span class='ocrx_word' id='word_1_604' title='bbox 774 3958 985 4027; x_wconf 91' lang='lat' dir='ltr'><strong>meditatione</strong></span> <span class='ocrx_word' id='word_1_605' title='bbox 1013 3960 1097 4040; x_wconf 83' lang='lat' dir='ltr'><strong>dixi,</strong></span> <span class='ocrx_word' id='word_1_606' title='bbox 1124 3985 1144 4027; x_wconf 97' lang='lat' dir='ltr'><strong>a</strong></span> <span class='ocrx_word' id='word_1_607' title='bbox 1164 3963 1239 4030; x_wconf 93' lang='lat' dir='ltr'><strong>felle</strong></span> <span class='ocrx_word' id='word_1_608' title='bbox 1290 3986 1396 4048; x_wconf 86' lang='lat' dir='ltr'><strong>genas</strong></span> <span class='ocrx_word' id='word_1_609' title='bbox 1417 3963 1588 4031; x_wconf 90' lang='lat' dir='ltr'><strong>hominum</strong></span> <span class='ocrx_word' id='word_1_610' title='bbox 1610 3964 1708 4047; x_wconf 88' lang='lat' dir='ltr'><strong>plena</strong></span> <span class='ocrx_word' id='word_1_611' title='bbox 1728 3963 1880 4030; x_wconf 87' lang='lat' dir='ltr'><strong>libertate</strong></span> <span class='ocrx_word' id='word_1_612' title='bbox 1910 3965 2093 4042; x_wconf 89' lang='lat' dir='ltr'><strong>invehitur,</strong></span> <span class='ocrx_word' id='word_1_613' title='bbox 2116 3963 2258 4031; x_wconf 87' lang='lat' dir='ltr'><strong>inconsi-</strong></span> 
     </span>
     <span class='ocr_line' id='line_1_44' title="bbox 270 4045 2258 4134; baseline -0.001 -20"><span class='ocrx_word' id='word_1_614' title='bbox 270 4059 347 4134; x_wconf 75' lang='lat' dir='ltr'><strong>(qao</strong></span> <span class='ocrx_word' id='word_1_615' title='bbox 365 4068 417 4112; x_wconf 92' lang='lat' dir='ltr'><strong>mc</strong></span> <span class='ocrx_word' id='word_1_616' title='bbox 435 4049 564 4130; x_wconf 86' lang='lat' dir='ltr'><strong>penitus</strong></span> <span class='ocrx_word' id='word_1_617' title='bbox 580 4047 738 4113; x_wconf 90' lang='lat' dir='ltr'><strong>infectam</strong></span> <span class='ocrx_word' id='word_1_618' title='bbox 755 4047 856 4112; x_wconf 92' lang='lat' dir='ltr'><strong>fuisse</strong></span> <span class='ocrx_word' id='word_1_619' title='bbox 875 4045 967 4123; x_wconf 86' lang='lat' dir='ltr'><strong>dicit)</strong></span> <span class='ocrx_word' id='word_1_620' title='bbox 986 4046 1066 4112; x_wconf 91' lang='lat' dir='ltr'><strong>adeo</strong></span> <span class='ocrx_word' id='word_1_621' title='bbox 1084 4060 1238 4128; x_wconf 84' lang='lat' dir='ltr'><strong>remotus,</strong></span> <span class='ocrx_word' id='word_1_622' title='bbox 1291 4051 1402 4116; x_wconf 89' lang='lat' dir='ltr'><strong>derate</strong></span> <span class='ocrx_word' id='word_1_623' title='bbox 1431 4072 1468 4115; x_wconf 90' lang='lat' dir='ltr'><strong>ao</strong></span> <span class='ocrx_word' id='word_1_624' title='bbox 1496 4049 1595 4114; x_wconf 88' lang='lat' dir='ltr'><strong>stulte</strong></span> <span class='ocrx_word' id='word_1_625' title='bbox 1624 4058 1775 4115; x_wconf 81' lang='lat' dir='ltr'><strong>movetur</strong></span> <span class='ocrx_word' id='word_1_626' title='bbox 1802 4052 1954 4134; x_wconf 88' lang='lat' dir='ltr'><strong>quaestio,</strong></span> <span class='ocrx_word' id='word_1_627' title='bbox 1983 4071 2025 4114; x_wconf 91' lang='lat' dir='ltr'><strong>an</strong></span> <span class='ocrx_word' id='word_1_628' title='bbox 2054 4051 2258 4133; x_wconf 85' lang='lat' dir='ltr'><strong>gravitaret</strong></span> 
     </span>
     <span class='ocr_line' id='line_1_45' title="bbox 269 4131 2349 4219; baseline -0.002 -20"><span class='ocrx_word' id='word_1_629' title='bbox 269 4143 308 4200; x_wconf 89' lang='lat' dir='ltr'><strong>nt</strong></span> <span class='ocrx_word' id='word_1_630' title='bbox 341 4142 454 4217; x_wconf 89' lang='lat' dir='ltr'><strong>postca</strong></span> <span class='ocrx_word' id='word_1_631' title='bbox 488 4133 626 4198; x_wconf 89' lang='lat' dir='ltr'><strong>miratus</strong></span> <span class='ocrx_word' id='word_1_632' title='bbox 660 4134 721 4198; x_wconf 91' lang='lat' dir='ltr'><strong>sim</strong></span> <span class='ocrx_word' id='word_1_633' title='bbox 757 4131 847 4196; x_wconf 92' lang='lat' dir='ltr'><strong>nulla</strong></span> <span class='ocrx_word' id='word_1_634' title='bbox 882 4131 988 4198; x_wconf 91' lang='lat' dir='ltr'><strong>cordis</strong></span> <span class='ocrx_word' id='word_1_635' title='bbox 1023 4135 1240 4201; x_wconf 89' lang='lat' dir='ltr'><strong>amaritudine</strong></span> <span class='ocrx_word' id='word_1_636' title='bbox 1291 4157 1402 4202; x_wconf 88' lang='lat' dir='ltr'><strong>severe</strong></span> <span class='ocrx_word' id='word_1_637' title='bbox 1423 4137 1595 4219; x_wconf 80' lang='lat' dir='ltr'><strong>obiurgare</strong></span> <span class='ocrx_word' id='word_1_638' title='bbox 1613 4136 1717 4213; x_wconf 84' lang='lat' dir='ltr'><strong>liceat,</strong></span> <span class='ocrx_word' id='word_1_639' title='bbox 1739 4136 1795 4219; x_wconf 92' lang='lat' dir='ltr'><strong>qui</strong></span> <span class='ocrx_word' id='word_1_640' title='bbox 1817 4157 1852 4201; x_wconf 93' lang='lat' dir='ltr'><strong>se</strong></span> <span class='ocrx_word' id='word_1_641' title='bbox 1873 4135 1961 4219; x_wconf 86' lang='lat' dir='ltr'><strong>ipsos</strong></span> <span class='ocrx_word' id='word_1_642' title='bbox 1982 4137 2100 4219; x_wconf 92' lang='lat' dir='ltr'><strong>probro</strong></span> <span class='ocrx_word' id='word_1_643' title='bbox 2116 4146 2162 4201; x_wconf 90' lang='lat' dir='ltr'><strong>et</strong></span> <span class='ocrx_word' id='word_1_644' title='bbox 2184 4141 2258 4216; x_wconf 75' lang='lat' dir='ltr'><strong>[paq.</strong></span> <span class='ocrx_word' id='word_1_645' title='bbox 2340 4181 2349 4194; x_wconf 83' lang='lat'><strong>.</strong></span> 
     </span>
     <span class='ocr_line' id='line_1_46' title="bbox 269 4216 2349 4304; baseline -0.002 -18"><span class='ocrx_word' id='word_1_646' title='bbox 269 4220 402 4286; x_wconf 87' lang='lat' dir='ltr'><strong>duriora</strong></span> <span class='ocrx_word' id='word_1_647' title='bbox 423 4218 524 4283; x_wconf 93' lang='lat' dir='ltr'><strong>verba</strong></span> <span class='ocrx_word' id='word_1_648' title='bbox 542 4219 624 4283; x_wconf 92' lang='lat' dir='ltr'><strong>mihi</strong></span> <span class='ocrx_word' id='word_1_649' title='bbox 641 4219 821 4295; x_wconf 68' lang='lat' dir='ltr'><strong>fluxisse2).</strong></span> <span class='ocrx_word' id='word_1_650' title='bbox 867 4216 934 4285; x_wconf 83' lang='lat' dir='ltr'><strong>Sed</strong></span> <span class='ocrx_word' id='word_1_651' title='bbox 955 4218 1003 4283; x_wconf 90' lang='lat' dir='ltr'><strong>ita</strong></span> <span class='ocrx_word' id='word_1_652' title='bbox 1019 4218 1101 4284; x_wconf 91' lang='lat' dir='ltr'><strong>forte</strong></span> <span class='ocrx_word' id='word_1_653' title='bbox 1119 4221 1167 4285; x_wconf 90' lang='lat' dir='ltr'><strong>rei</strong></span> <span class='ocrx_word' id='word_1_654' title='bbox 1188 4221 1240 4284; x_wconf 92' lang='lat' dir='ltr'><strong>in·</strong></span> <span class='ocrx_word' id='word_1_655' title='bbox 1296 4228 1348 4302; x_wconf 84' lang='lat' dir='ltr'><strong>la]</strong></span> <span class='ocrx_word' id='word_1_656' title='bbox 1371 4219 1518 4288; x_wconf 89' lang='lat' dir='ltr'><strong>dedecori</strong></span> <span class='ocrx_word' id='word_1_657' title='bbox 1545 4228 1727 4304; x_wconf 81' lang='lat' dir='ltr'><strong>exponant:</strong></span> <span class='ocrx_word' id='word_1_658' title='bbox 1760 4221 1835 4304; x_wconf 90' lang='lat' dir='ltr'><strong>quia</strong></span> <span class='ocrx_word' id='word_1_659' title='bbox 1862 4221 1924 4287; x_wconf 91' lang='lat' dir='ltr'><strong>hoc</strong></span> <span class='ocrx_word' id='word_1_660' title='bbox 1949 4219 2044 4286; x_wconf 93' lang='lat' dir='ltr'><strong>modo</strong></span> <span class='ocrx_word' id='word_1_661' title='bbox 2070 4224 2105 4286; x_wconf 95' lang='lat' dir='ltr'><strong>in</strong></span> <span class='ocrx_word' id='word_1_662' title='bbox 2133 4223 2257 4290; x_wconf 90' lang='lat' dir='ltr'><strong>crimen</strong></span> <span class='ocrx_word' id='word_1_663' title='bbox 2328 4247 2349 4281; x_wconf 72' lang='lat' dir='ltr'><strong>r</strong></span> 
     </span>
     <span class='ocr_line' id='line_1_47' title="bbox 269 4300 2349 4391; baseline 0.001 -19"><span class='ocrx_word' id='word_1_664' title='bbox 269 4305 413 4390; x_wconf 86' lang='lat' dir='ltr'><strong>dignitas</strong></span> <span class='ocrx_word' id='word_1_665' title='bbox 421 4304 450 4387; x_wconf 80' lang='lat'><strong>⁸)</strong></span> <span class='ocrx_word' id='word_1_666' title='bbox 479 4304 677 4387; x_wconf 88' lang='lat' dir='ltr'><strong>postulabat,</strong></span> <span class='ocrx_word' id='word_1_667' title='bbox 707 4312 746 4369; x_wconf 90' lang='lat' dir='ltr'><strong>ut</strong></span> <span class='ocrx_word' id='word_1_668' title='bbox 782 4304 920 4368; x_wconf 91' lang='lat' dir='ltr'><strong>sentiret</strong></span> <span class='ocrx_word' id='word_1_669' title='bbox 952 4304 1050 4369; x_wconf 92' lang='lat' dir='ltr'><strong>homo</strong></span> <span class='ocrx_word' id='word_1_670' title='bbox 1083 4307 1240 4389; x_wconf 88' lang='lat' dir='ltr'><strong>superbae</strong></span> <span class='ocrx_word' id='word_1_671' title='bbox 1293 4307 1467 4372; x_wconf 87' lang='lat' dir='ltr'><strong>trahentur</strong></span> <span class='ocrx_word' id='word_1_672' title='bbox 1497 4308 1584 4372; x_wconf 91' lang='lat' dir='ltr'><strong>servi</strong></span> <span class='ocrx_word' id='word_1_673' title='bbox 1607 4305 1680 4385; x_wconf 88' lang='lat' dir='ltr'><strong>Dei,</strong></span> <span class='ocrx_word' id='word_1_674' title='bbox 1709 4328 1788 4389; x_wconf 91' lang='lat' dir='ltr'><strong>quos</strong></span> <span class='ocrx_word' id='word_1_675' title='bbox 1814 4316 1946 4373; x_wconf 90' lang='lat' dir='ltr'><strong>sanctus</strong></span> <span class='ocrx_word' id='word_1_676' title='bbox 1973 4307 2061 4373; x_wconf 86' lang='lat' dir='ltr'><strong>aelus</strong></span> <span class='ocrx_word' id='word_1_677' title='bbox 2093 4328 2191 4391; x_wconf 85' lang='lat' dir='ltr'><strong>caepe</strong></span> <span class='ocrx_word' id='word_1_678' title='bbox 2217 4305 2258 4374; x_wconf 88' lang='lat' dir='ltr'><strong>ad</strong></span> <span class='ocrx_word' id='word_1_679' title='bbox 2309 4300 2349 4366; x_wconf 78' lang='lat'>1</span> 
     </span>
     <span class='ocr_line' id='line_1_48' title="bbox 1292 4392 2349 4478; baseline -0.004 -21"><span class='ocrx_word' id='word_1_680' title='bbox 1292 4392 1391 4458; x_wconf 89' lang='lat' dir='ltr'><strong>duros</strong></span> <span class='ocrx_word' id='word_1_681' title='bbox 1419 4393 1612 4476; x_wconf 64' lang='lat' dir='ltr'><strong>acerbosque</strong></span> <span class='ocrx_word' id='word_1_682' title='bbox 1642 4413 1807 4458; x_wconf 89' lang='lat' dir='ltr'><strong>sermones</strong></span> <span class='ocrx_word' id='word_1_683' title='bbox 1836 4393 1973 4478; x_wconf 89' lang='lat' dir='ltr'><strong>impulit.</strong></span> <span class='ocrx_word' id='word_1_684' title='bbox 2025 4395 2171 4460; x_wconf 79' lang='lat' dir='ltr'><strong>&#39;lantum</strong></span> <span class='ocrx_word' id='word_1_685' title='bbox 2195 4413 2262 4477; x_wconf 88' lang='lat' dir='ltr'><strong>quo</strong></span> <span class='ocrx_word' id='word_1_686' title='bbox 2274 4407 2349 4453; x_wconf 62' lang='grc' dir='ltr'><strong>,ι</strong></span> 
     </span>
     <span class='ocr_line' id='line_1_49' title="bbox 1291 4472 2349 4562; baseline -0.003 -19"><span class='ocrx_word' id='word_1_687' title='bbox 1291 4479 1426 4561; x_wconf 90' lang='lat' dir='ltr'><strong>quisquc</strong></span> <span class='ocrx_word' id='word_1_688' title='bbox 1448 4478 1565 4556; x_wconf 89' lang='lat' dir='ltr'><strong>animo,</strong></span> <span class='ocrx_word' id='word_1_689' title='bbox 1587 4486 1620 4544; x_wconf 89' lang='lat' dir='ltr'><strong>et</strong></span> <span class='ocrx_word' id='word_1_690' title='bbox 1642 4500 1705 4562; x_wconf 90' lang='lat' dir='ltr'><strong>qua</strong></span> <span class='ocrx_word' id='word_1_691' title='bbox 1723 4476 1763 4542; x_wconf 92' lang='lat' dir='ltr'><strong>de</strong></span> <span class='ocrx_word' id='word_1_692' title='bbox 1780 4500 1876 4544; x_wconf 91' lang='lat' dir='ltr'><strong>causa</strong></span> <span class='ocrx_word' id='word_1_693' title='bbox 1894 4479 1945 4544; x_wconf 88' lang='lat' dir='ltr'><strong>vel</strong></span> <span class='ocrx_word' id='word_1_694' title='bbox 1962 4478 2187 4560; x_wconf 84' lang='lat' dir='ltr'><strong>excandescat,</strong></span> <span class='ocrx_word' id='word_1_695' title='bbox 2207 4477 2258 4545; x_wconf 91' lang='lat' dir='ltr'><strong>vel</strong></span> <span class='ocrx_word' id='word_1_696' title='bbox 2277 4472 2349 4540; x_wconf 68' lang='lat'><strong>12</strong></span> 
     </span>
     <span class='ocr_line' id='line_1_50' title="bbox 338 4559 2349 4648; baseline 0.004 -34"><span class='ocrx_word' id='word_1_697' title='bbox 338 4561 368 4630; x_wconf 94' lang='lat'><strong>1)</strong></span> <span class='ocrx_word' id='word_1_698' title='bbox 385 4561 438 4630; x_wconf 85' lang='lat' dir='ltr'><strong>i’ay</strong></span> <span class='ocrx_word' id='word_1_699' title='bbox 456 4560 505 4615; x_wconf 85' lang='lat' dir='ltr'><strong>fait</strong></span> <span class='ocrx_word' id='word_1_700' title='bbox 521 4560 547 4615; x_wconf 91' lang='lat' dir='ltr'><strong>le</strong></span> <span class='ocrx_word' id='word_1_701' title='bbox 566 4559 632 4614; x_wconf 88' lang='lat' dir='ltr'><strong>livre</strong></span> <span class='ocrx_word' id='word_1_702' title='bbox 650 4560 667 4614; x_wconf 78' lang='grc'>1</span> <span class='ocrx_word' id='word_1_703' title='bbox 684 4560 711 4614; x_wconf 91' lang='lat' dir='ltr'><strong>la</strong></span> <span class='ocrx_word' id='word_1_704' title='bbox 729 4561 806 4616; x_wconf 85' lang='lat' dir='ltr'><strong>haste</strong></span> <span class='ocrx_word' id='word_1_705' title='bbox 834 4567 916 4631; x_wconf 84' lang='lat' dir='ltr'><strong>ayant</strong></span> <span class='ocrx_word' id='word_1_706' title='bbox 942 4578 978 4615; x_wconf 90' lang='lat' dir='ltr'><strong>un</strong></span> <span class='ocrx_word' id='word_1_707' title='bbox 1000 4561 1107 4616; x_wconf 91' lang='lat' dir='ltr'><strong>homme</strong></span> <span class='ocrx_word' id='word_1_708' title='bbox 1133 4561 1178 4631; x_wconf 90' lang='lat' dir='ltr'><strong>qui</strong></span> <span class='ocrx_word' id='word_1_709' title='bbox 1197 4579 1239 4618; x_wconf 91' lang='lat' dir='ltr'><strong>es·</strong></span> <span class='ocrx_word' id='word_1_710' title='bbox 1292 4564 1410 4631; x_wconf 70' lang='lat' dir='ltr'><strong>acriter</strong></span> <span class='ocrx_word' id='word_1_711' title='bbox 1437 4563 1597 4647; x_wconf 87' lang='lat' dir='ltr'><strong>loquatur,</strong></span> <span class='ocrx_word' id='word_1_712' title='bbox 1627 4561 1803 4628; x_wconf 86' lang='lat' dir='ltr'><strong>videndum</strong></span> <span class='ocrx_word' id='word_1_713' title='bbox 1832 4573 1890 4631; x_wconf 84' lang='lat' dir='ltr'><strong>cst.</strong></span> <span class='ocrx_word' id='word_1_714' title='bbox 1947 4563 2056 4645; x_wconf 78' lang='lat' dir='ltr'><strong>Quum</strong></span> <span class='ocrx_word' id='word_1_715' title='bbox 2085 4565 2349 4648; x_wconf 66' lang='lat' dir='ltr'><strong>prodiisset-⁴5⁴</strong></span> 
     </span>
    </p>
   </div>
   <div class='ocr_carea' id='block_1_3' title="bbox 269 4633 2349 4766">
    <p class='ocr_par' dir='ltr' id='par_1_3' title="bbox 269 4633 2349 4766">
     <span class='ocr_line' id='line_1_51' title="bbox 269 4633 2349 4766; baseline 0.011 -16"><span class='ocrx_word' id='word_1_716' title='bbox 269 4633 367 4765; x_wconf 50' lang='lat' dir='ltr'><strong>wll</strong></span> <span class='ocrx_word' id='word_1_717' title='bbox 384 4644 564 4766; x_wconf 54' lang='lat' dir='ltr'><strong>sllhgcnhocyclo</strong></span> <span class='ocrx_word' id='word_1_718' title='bbox 586 4697 728 4751; x_wconf 78' lang='lat' dir='ltr'><strong>obscurius</strong></span> <span class='ocrx_word' id='word_1_719' title='bbox 749 4698 823 4752; x_wconf 75' lang='lat' dir='ltr'><strong>dieta</strong></span> <span class='ocrx_word' id='word_1_720' title='bbox 848 4697 946 4751; x_wconf 79' lang='lat' dir='ltr'><strong>Gallae</strong></span> <span class='ocrx_word' id='word_1_721' title='bbox 969 4700 1008 4751; x_wconf 81' lang='lat' dir='ltr'><strong>sic</strong></span> <span class='ocrx_word' id='word_1_722' title='bbox 1030 4699 1240 4765; x_wconf 78' lang='lat' dir='ltr'><strong>interpretatur:</strong></span> <span class='ocrx_word' id='word_1_723' title='bbox 1291 4651 1324 4714; x_wconf 70' lang='lat' dir='ltr'><strong>in</strong></span> <span class='ocrx_word' id='word_1_724' title='bbox 1347 4650 1452 4716; x_wconf 64' lang='lat' dir='ltr'><strong>lucem</strong></span> <span class='ocrx_word' id='word_1_725' title='bbox 1476 4649 1662 4715; x_wconf 54' lang='lat' dir='ltr'>consensus</span> <span class='ocrx_word' id='word_1_726' title='bbox 1684 4660 1802 4727; x_wconf 55' lang='lat' dir='ltr'><strong>noeter&#39;</strong></span> <span class='ocrx_word' id='word_1_727' title='bbox 1826 4649 2070 4733; x_wconf 50' lang='lat' dir='ltr'><strong>aOWQStphalo</strong></span> <span class='ocrx_word' id='word_1_728' title='bbox 2093 4653 2349 4736; x_wconf 59' lang='lat' dir='ltr'><strong>integrum</strong></span> 
     </span>
    </p>
   </div>
   <div class='ocr_carea' id='block_1_4' title="bbox 267 4734 2349 5249">
    <p class='ocr_par' dir='ltr' id='par_1_4' title="bbox 267 4734 2349 4974">
     <span class='ocr_line' id='line_1_52' title="bbox 269 4734 2349 4837; baseline -0.013 -13"><span class='ocrx_word' id='word_1_729' title='bbox 269 4772 331 4837; x_wconf 82' lang='lat' dir='ltr'><strong>puis</strong></span> <span class='ocrx_word' id='word_1_730' title='bbox 349 4783 431 4836; x_wconf 85' lang='lat' dir='ltr'><strong>apres</strong></span> <span class='ocrx_word' id='word_1_731' title='bbox 448 4768 473 4821; x_wconf 88' lang='lat' dir='ltr'><strong>ie</strong></span> <span class='ocrx_word' id='word_1_732' title='bbox 491 4783 533 4820; x_wconf 86' lang='lat' dir='ltr'><strong>me</strong></span> <span class='ocrx_word' id='word_1_733' title='bbox 552 4766 607 4820; x_wconf 87' lang='lat' dir='ltr'><strong>suis</strong></span> <span class='ocrx_word' id='word_1_734' title='bbox 624 4766 719 4820; x_wconf 85' lang='lat' dir='ltr'><strong>estahi</strong></span> <span class='ocrx_word' id='word_1_735' title='bbox 737 4775 870 4821; x_wconf 81' lang='lat' dir='ltr'><strong>comment</strong></span> <span class='ocrx_word' id='word_1_736' title='bbox 887 4766 934 4821; x_wconf 87' lang='lat' dir='ltr'><strong>des</strong></span> <span class='ocrx_word' id='word_1_737' title='bbox 953 4775 1023 4820; x_wconf 84' lang='lat' dir='ltr'><strong>mets</strong></span> <span class='ocrx_word' id='word_1_738' title='bbox 1041 4782 1076 4820; x_wconf 91' lang='lat' dir='ltr'><strong>un</strong></span> <span class='ocrx_word' id='word_1_739' title='bbox 1089 4784 1142 4836; x_wconf 77' lang='lat' dir='ltr'><strong>peu</strong></span> <span class='ocrx_word' id='word_1_740' title='bbox 1155 4769 1236 4824; x_wconf 67' lang='lat' dir='ltr'><strong>md„</strong></span> <span class='ocrx_word' id='word_1_741' title='bbox 1289 4737 1373 4836; x_wconf 79' lang='lat' dir='ltr'><strong>foret</strong></span> <span class='ocrx_word' id='word_1_742' title='bbox 1395 4736 1557 4819; x_wconf 85' lang='lat' dir='ltr'><strong>corrigere</strong></span> <span class='ocrx_word' id='word_1_743' title='bbox 1579 4736 1606 4801; x_wconf 90' lang='lat' dir='ltr'><strong>si</strong></span> <span class='ocrx_word' id='word_1_744' title='bbox 1629 4734 1704 4834; x_wconf 87' lang='lat' dir='ltr'><strong>quid</strong></span> <span class='ocrx_word' id='word_1_745' title='bbox 1737 4735 1804 4801; x_wconf 90' lang='lat' dir='ltr'><strong>illic</strong></span> <span class='ocrx_word' id='word_1_746' title='bbox 1832 4737 1967 4835; x_wconf 89' lang='lat' dir='ltr'><strong>patabat</strong></span> <span class='ocrx_word' id='word_1_747' title='bbox 1990 4757 2066 4837; x_wconf 37' lang='lat' dir='ltr'><strong>&#39;csse</strong></span> <span class='ocrx_word' id='word_1_748' title='bbox 2095 4738 2349 4814; x_wconf 63' lang='lat' dir='ltr'><strong>vitiosum„t</strong></span> 
     </span>
     <span class='ocr_line' id='line_1_53' title="bbox 270 4820 2349 4955; baseline -0.004 -63"><span class='ocrx_word' id='word_1_749' title='bbox 270 4844 299 4892; x_wconf 88' lang='lat' dir='ltr'><strong>et</strong></span> <span class='ocrx_word' id='word_1_750' title='bbox 316 4852 411 4905; x_wconf 89' lang='lat' dir='ltr'><strong>aspres</strong></span> <span class='ocrx_word' id='word_1_751' title='bbox 429 4835 590 4905; x_wconf 84' lang='lat' dir='ltr'><strong>m&#39;estoyent</strong></span> <span class='ocrx_word' id='word_1_752' title='bbox 613 4834 680 4888; x_wconf 88' lang='lat' dir='ltr'><strong>ainsi</strong></span> <span class='ocrx_word' id='word_1_753' title='bbox 705 4834 800 4888; x_wconf 87' lang='lat' dir='ltr'><strong>coulez</strong></span> <span class='ocrx_word' id='word_1_754' title='bbox 818 4852 869 4890; x_wconf 88' lang='lat' dir='ltr'><strong>ven</strong></span> <span class='ocrx_word' id='word_1_755' title='bbox 880 4851 938 4955; x_wconf 40' lang='lat' dir='ltr'><strong>aaa</strong></span> <span class='ocrx_word' id='word_1_756' title='bbox 957 4836 982 4888; x_wconf 91' lang='lat' dir='ltr'><strong>ie</strong></span> <span class='ocrx_word' id='word_1_757' title='bbox 1000 4833 1111 4904; x_wconf 84' lang='lat' dir='ltr'><strong>n&#39;avoye</strong></span> <span class='ocrx_word' id='word_1_758' title='bbox 1133 4852 1236 4891; x_wconf 89' lang='lat' dir='ltr'><strong>aucune</strong></span> <span class='ocrx_word' id='word_1_759' title='bbox 1289 4842 1427 4904; x_wconf 76' lang='lat' dir='ltr'><strong>speciem</strong></span> <span class='ocrx_word' id='word_1_760' title='bbox 1447 4833 1683 4905; x_wconf 80' lang='lat' dir='ltr'><strong>repugnantlac</strong></span> <span class='ocrx_word' id='word_1_761' title='bbox 1701 4820 1900 4887; x_wconf 80' lang='lat' dir='ltr'><strong>calumnrcsc</strong></span> <span class='ocrx_word' id='word_1_762' title='bbox 1920 4821 2061 4904; x_wconf 76' lang='lat' dir='ltr'><strong>undique</strong></span> <span class='ocrx_word' id='word_1_763' title='bbox 2080 4840 2349 4897; x_wconf 59' lang='lat' dir='ltr'><strong>cameracenae</strong></span> 
     </span>
     <span class='ocr_line' id='line_1_54' title="bbox 267 4901 1237 4974; baseline -0.001 -14"><span class='ocrx_word' id='word_1_764' title='bbox 267 4913 413 4960; x_wconf 84' lang='lat' dir='ltr'><strong>amertume</strong></span> <span class='ocrx_word' id='word_1_765' title='bbox 440 4903 473 4958; x_wconf 91' lang='lat' dir='ltr'><strong>de</strong></span> <span class='ocrx_word' id='word_1_766' title='bbox 497 4918 587 4957; x_wconf 87' lang='lat' dir='ltr'><strong>coeur.</strong></span> <span class='ocrx_word' id='word_1_767' title='bbox 629 4901 670 4968; x_wconf 74' lang='lat' dir='ltr'><strong>Cf.</strong></span> <span class='ocrx_word' id='word_1_768' title='bbox 693 4903 835 4970; x_wconf 59' lang='lat' dir='ltr'><strong>apstolum</strong></span> <span class='ocrx_word' id='word_1_769' title='bbox 859 4902 882 4956; x_wconf 83' lang='lat'><strong><em>0</em></strong></span> <span class='ocrx_word' id='word_1_770' title='bbox 908 4903 968 4956; x_wconf 82' lang='lat' dir='ltr'><strong>cini</strong></span> <span class='ocrx_word' id='word_1_771' title='bbox 989 4903 1027 4957; x_wconf 88' lang='lat' dir='ltr'><strong>ad</strong></span> <span class='ocrx_word' id='word_1_772' title='bbox 1049 4903 1237 4974; x_wconf 70' lang='lat' dir='ltr'><strong>Balleirpeacar</strong></span> 
     </span>
    </p>

    <p class='ocr_par' dir='ltr' id='par_1_5' title="bbox 267 4969 1236 5056">
     <span class='ocr_line' id='line_1_55' title="bbox 267 4969 1236 5056; baseline 0.002 -30"><span class='ocrx_word' id='word_1_773' title='bbox 267 4987 357 5056; x_wconf 72' lang='lat' dir='ltr'><strong>menae</strong></span> <span class='ocrx_word' id='word_1_774' title='bbox 381 4973 519 5027; x_wconf 76' lang='lat' dir='ltr'><strong>Ianuario</strong></span> <span class='ocrx_word' id='word_1_775' title='bbox 542 4969 610 5024; x_wconf 72' lang='lat'><strong>1556</strong></span> <span class='ocrx_word' id='word_1_776' title='bbox 627 4973 758 5039; x_wconf 67' lang='lat' dir='ltr'><strong>scriptam</strong></span> <span class='ocrx_word' id='word_1_777' title='bbox 780 4970 814 5024; x_wconf 80' lang='lat' dir='ltr'><strong>de</strong></span> <span class='ocrx_word' id='word_1_778' title='bbox 836 4971 1033 5040; x_wconf 78' lang='lat' dir='ltr'><strong>qaadc&#39;ar&#39;mas</strong></span> <span class='ocrx_word' id='word_1_779' title='bbox 1054 4973 1086 5026; x_wconf 68' lang='lat' dir='ltr'><strong>aa</strong></span> <span class='ocrx_word' id='word_1_780' title='bbox 1110 4974 1236 5043; x_wconf 74' lang='lat' dir='ltr'><strong>Proleqo·</strong></span> 
     </span>
    </p>

    <p class='ocr_par' dir='ltr' id='par_1_6' title="bbox 267 5055 2170 5181">
     <span class='ocr_line' id='line_1_56' title="bbox 267 5055 2170 5181; baseline 0.002 -18"><span class='ocrx_word' id='word_1_781' title='bbox 267 5055 365 5173; x_wconf 45' lang='lat' dir='ltr'><strong>*mill</strong></span> <span class='ocrx_word' id='word_1_782' title='bbox 386 5110 414 5164; x_wconf 87' lang='lat' dir='ltr'><strong>la</strong></span> <span class='ocrx_word' id='word_1_783' title='bbox 436 5108 518 5164; x_wconf 90' lang='lat' dir='ltr'><strong>chose</strong></span> <span class='ocrx_word' id='word_1_784' title='bbox 545 5106 646 5164; x_wconf 76' lang='lat' dir='ltr'><strong>c’esth</strong></span> <span class='ocrx_word' id='word_1_785' title='bbox 668 5107 725 5164; x_wconf 89' lang='lat' dir='ltr'><strong>dire</strong></span> <span class='ocrx_word' id='word_1_786' title='bbox 749 5109 776 5162; x_wconf 91' lang='lat' dir='ltr'><strong>la</strong></span> <span class='ocrx_word' id='word_1_787' title='bbox 799 5106 948 5175; x_wconf 83' lang='lat' dir='ltr'><strong>procedure</strong></span> <span class='ocrx_word' id='word_1_788' title='bbox 973 5115 1098 5178; x_wconf 79' lang='lat' dir='ltr'><strong>estrange</strong></span> <span class='ocrx_word' id='word_1_789' title='bbox 1123 5110 1158 5165; x_wconf 88' lang='lat' dir='ltr'><strong>da</strong></span> <span class='ocrx_word' id='word_1_790' title='bbox 1176 5127 1236 5180; x_wconf 89' lang='lat' dir='ltr'><strong>per·</strong></span> <span class='ocrx_word' id='word_1_791' title='bbox 1358 5110 1387 5177; x_wconf 91' lang='grc'>1)</span> <span class='ocrx_word' id='word_1_792' title='bbox 1405 5111 1453 5166; x_wconf 87' lang='lat' dir='ltr'><strong>des</strong></span> <span class='ocrx_word' id='word_1_793' title='bbox 1472 5109 1600 5166; x_wconf 86' lang='lat' dir='ltr'><strong>brocards</strong></span> <span class='ocrx_word' id='word_1_794' title='bbox 1617 5112 1662 5179; x_wconf 88' lang='lat' dir='ltr'><strong>qai</strong></span> <span class='ocrx_word' id='word_1_795' title='bbox 1681 5112 1832 5180; x_wconf 85' lang='lat' dir='ltr'><strong>cepeadaat</strong></span> <span class='ocrx_word' id='word_1_796' title='bbox 1849 5110 1923 5167; x_wconf 88' lang='lat' dir='ltr'><strong>n&#39;om</strong></span> <span class='ocrx_word' id='word_1_797' title='bbox 1941 5099 2021 5181; x_wconf 78' lang='lat' dir='ltr'><strong>grace</strong></span> <span class='ocrx_word' id='word_1_798' title='bbox 2039 5129 2073 5166; x_wconf 87' lang='lat' dir='ltr'><strong>ne</strong></span> <span class='ocrx_word' id='word_1_799' title='bbox 2092 5113 2170 5168; x_wconf 81' lang='lat' dir='ltr'><strong>demi.</strong></span> 
     </span>
    </p>

    <p class='ocr_par' dir='ltr' id='par_1_7' title="bbox 268 5178 1935 5249">
     <span class='ocr_line' id='line_1_57' title="bbox 268 5178 1935 5249; baseline 0.001 -16"><span class='ocrx_word' id='word_1_800' title='bbox 268 5190 396 5247; x_wconf 78' lang='lat' dir='ltr'><strong>manage.</strong></span> <span class='ocrx_word' id='word_1_801' title='bbox 1356 5178 1387 5249; x_wconf 79' lang='lat'><strong>2)</strong></span> <span class='ocrx_word' id='word_1_802' title='bbox 1404 5179 1437 5233; x_wconf 89' lang='lat' dir='ltr'><strong>de</strong></span> <span class='ocrx_word' id='word_1_803' title='bbox 1456 5179 1529 5234; x_wconf 83' lang='lat' dir='ltr'><strong>leurs</strong></span> <span class='ocrx_word' id='word_1_804' title='bbox 1548 5180 1672 5235; x_wconf 87' lang='lat' dir='ltr'><strong>couleurs</strong></span> <span class='ocrx_word' id='word_1_805' title='bbox 1690 5189 1719 5236; x_wconf 86' lang='lat' dir='ltr'><strong>et</strong></span> <span class='ocrx_word' id='word_1_806' title='bbox 1735 5178 1820 5235; x_wconf 87' lang='lat' dir='ltr'><strong>droits</strong></span> <span class='ocrx_word' id='word_1_807' title='bbox 1838 5181 1935 5235; x_wconf 83' lang='lat' dir='ltr'><strong>tiltres.</strong></span> 
     </span>
    </p>
   </div>
   <div class='ocr_carea' id='block_1_5' title="bbox 268 4477 473 4491">
    <p class='ocr_par' dir='ltr' id='par_1_8' title="bbox 268 4477 473 4491">
     <span class='ocr_line' id='line_1_58' title="bbox 268 4477 473 4491; baseline -0.005 0"><span class='ocrx_word' id='word_1_808' title='bbox 268 4477 473 4491; x_wconf 73' lang='lat'><em>———--···</em></span> 
     </span>
    </p>
   </div>
   <div class='ocr_carea' id='block_1_6' title="bbox 0 0 2392 5844">
    <p class='ocr_par' dir='ltr' id='par_1_9' title="bbox 0 0 2392 5844">
     <span class='ocr_line' id='line_1_59' title="bbox 0 0 2392 5844; baseline 0 0"><span class='ocrx_word' id='word_1_809' title='bbox 0 0 2392 5844; x_wconf 95' lang='lat' dir='ltr'><strong> </strong></span> 
     </span>
    </p>
   </div>
  </div>
 </body>
</html>
