4724 5886
205 300 363 369 XXXVI
810 295 1081 367 TRAO'PATUS
1102 294 1397 371 annosofflm
1416 287 1637 364 mouns.

201 491 380 573 ponimus,
401 537 410 556 .
428 530 442 555 -.
466 539 473 555 .
495 542 503 557 .
526 484 663 573 pedm
683 486 810 571 uculo
829 506 886 552 nos
906 486 1180 554 iustanecessitas
1207 486 1249 552 od
1277 484 1430 552 edendum
1455 484 1536 552 illud
1560 503 1746 567 reponsum
1774 493 1869 552 mett
1921 484 2093 568 Quaenam
2121 486 2206 554 haec

206 600 308 667 fuerit
326 602 415 667 iusta
434 621 532 668 eausa
553 607 588 666 et
607 599 786 668 necessitas
801 597 869 663 ism
890 619 991 682 supra
1010 596 1238 677 indicavimus,
1260 604 1294 663 st
1314 597 1387 663 aliis
1409 616 1536 681 qnoque
1556 596 1635 663 loeis
1652 594 1812 664 Calvinus
1832 596 1964 680 caepim
1983 596 2101 664 innuit.
2144 595 2203 665 Sic

207 711 249 779 ad
271 710 425 796 Sylvium
446 709 609 796 quondam
630 710 821 776 ministrum
831 708 977 775 Palatini
997 708 1239 776 Posnaniensis
1253 711 1353 794 (anno
1375 715 1414 774 ut
1433 708 1567 776 videtur
1591 711 1683 788 1563,
1705 705 1786 773 (lod.
1807 708 2043 792 parisDupuy
2066 708 2126 774 102
2148 708 2202 774 fol.

207 827 277 901 5,l):
301 822 486 907 Flootabot
505 823 631 905 quidem
650 821 695 888 D.
720 821 849 888 arecas
869 825 905 887 ut
928 819 1076 890 Stonoari
1104 840 1240 886 morem
1260 821 1416 902 copiosius
1434 820 1622 903 refellerem
1642 820 1698 887 scd
1718 820 1796 902 quia
1815 839 1999 902 responsum
2019 820 2102 902 guod
2113 817 2205 897 Stan-

206 934 446 1013 earodederam
465 934 567 1018 gentis
588 938 707 999 uestrae
727 933 774 999 uel
794 933 920 998 inuerio
940 931 989 997 uel
1006 930 1123 1014 fraude
1143 931 1309 1010 intercidit,
1331 932 1434 998 taedio
1452 931 1575 1014 fructus
1596 931 1636 1006 ab
1656 931 1710 997 lec
1731 931 1832 997 labore
1853 931 1999 996 abstinui.
2042 930 2110 999 Neo
2124 936 2203 998 cene

207 1046 326 1114 iustum
347 1045 589 1112 lucubrationem
610 1045 689 1111 mili
709 1064 850 1126 uoniam
870 1045 1043 1125 earm
1060 1043 1175 1125 patin
1193 1044 1288 1110 donec
1308 1044 1459 1126 scriplum
1487 1043 1568 1110 illud
1594 1063 1732 1126 recepm
1752 1044 1833 1125 quod
1854 1043 1935 1108 mili
1954 1042 1998 1108 od
2016 1042 2204 1126 refellendos

207 1156 329 1239 impuri
354 1156 572 1223 conviciatoris
600 1156 778 1223 calumnias
799 1155 1010 1228 ementium
1034 1160 1087 1221 est.
1137 1156 1184 1220 Et
1207 1155 1249 1220 sd
1275 1155 1386 1239 ipsum
1405 1156 1558 1222 Tranium
1586 1154 1700 1221 eodem
1725 1162 1872 1238 tempore
1898 1153 2048 1239 (Collect
2071 1154 2204 1221 Simler.

206 1267 280 1333 Vol.
308 1272 365 1333 107
386 1290 428 1334 ex
450 1268 539 1333 fonto
560 1265 714 1351 incerto):
757 1265 858 1349 Saepe
878 1266 973 1332 etiam
993 1271 1124 1332 testatus
1144 1286 1226 1348 suns,
1252 1286 1349 1350 qutun
1368 1287 1440 1334 ntea
1459 1267 1612 1333 adunus
1635 1265 1825 1359 Stuncaruns
1844 1267 2004 1349 rupmio
2023 1266 2206 1352 malignes

205 1378 424 1460 fraudulenter
445 1379 568 1462 sepulta
587 1379 694 1462 suerit,
716 1377 801 1444 nilil
820 1377 927 1442 miuus
948 1383 1184 1444 carentanum
1205 1398 1386 1461 essequam
1407 1378 1508 1445 aruris
1528 1378 1698 1461 spoliatum
1723 1378 1760 1445 iu
1779 1383 1932 1445 certamen
1952 1377 2046 1446 trahi
2077 1378 2206 1464 Ignosce

208 1490 285 1574 guia
304 1492 433 1573 fnestra
449 1512 471 1556 u
490 1511 538 1555 me
553 1490 698 1572 postulas
718 1490 799 1571 guod
818 1509 982 1573 nunctiant
1003 1489 1186 1571 impetrabis
1207 1541 1215 1555 .
1238 1540 1246 1556 .
1269 1540 1278 1556 .
1299 1540 1307 1556 .

244 1658 247 1665 .
362 1602 491 1668 Verum
512 1601 566 1669 hic
588 1601 754 1668 suboritur
776 1623 863 1667 nova
885 1602 1031 1685 quaestio
1052 1622 1120 1667 nen
1140 1601 1188 1687 ita
1206 1602 1300 1669 facile
1322 1601 1488 1669 solvenda
1540 1599 1629 1684 Quid
1650 1603 1738 1669 enim
1760 1601 1824 1668 sibi
1844 1603 1919 1701 uult
1940 1601 2027 1686 quod
2048 1600 2142 1683 dicit,
2169 1623 2205 1669 se

207 1716 309 1793 armis
332 1713 507 1799 spoliatum
528 1715 564 1778 in
583 1734 708 1779 novum
730 1722 897 1783 certamen
918 1712 1008 1778 trahi
1026 1711 1134 1779 nolle?
1180 1712 1348 1795 Quidnam
1370 1721 1421 1780 est
1437 1713 1519 1779 illud
1541 1715 1699 1798 seriptum
1721 1713 1808 1798 quo'd
1830 1715 1892 1780 sibi
1913 1714 2135 1781 neeessariam
2155 1712 2206 1779 di·

207 1826 253 1894 cit
274 1825 315 1890 sd
338 1824 533 1892 refellendas
551 1823 705 1891 Staneari
725 1824 917 1905 calumnias,
936 1822 1133 1909 denegatum
1151 1832 1272 1906 autem,
1294 1825 1348 1893 vel
1369 1824 1617 1892 cencnonoum
1638 1834 1807 1911 recemum
1828 1846 1900 1892 esse
1921 1824 2089 1909 queritur?
2122 1825 2206 1891 llor-
2309 1874 2312 1881 .

206 1946 294 2004 tasse
316 1937 381 2002 hue
402 1937 569 2026 pertinent
590 1957 673 2020 quae
693 1936 833 2021 legimus
854 1936 890 2001 in
912 1934 1214 2021 epistolafltancari
1227 1936 1447 2022 encyclicsad
1459 1937 1626 2022 theologos
1637 1937 1828 2006 Helveticae
1845 1937 1962 2003 datad.
1974 1944 2005 2002 t.
2017 1937 2097 2003 Dea
2123 1940 2207 2009 1560

210 2048 327 2133 (Aren
351 2048 459 2115 Turio.
482 2047 573 2114 Plut
593 2047 655 2113 VI.
679 2054 758 2130 tam.
784 2051 845 2112 116
866 2047 920 2113 fol.
943 2046 1051 2134 3600).
1095 2046 1266 2116 Gloriatus
1287 2049 1334 2115 ibi
1361 2069 1398 2116 se
1426 2048 1638 2115 orthodoxiae
1664 2048 1829 2123 vindicem
1850 2051 2023 2116 veritatem
2045 2049 2206 2134 dogmatis

207 2159 363 2226 trisitarii
386 2169 501 2227 cenna
516 2161 659 2226 Amanos
681 2167 816 2225 strenue
837 2156 1031 2240 defendisse,
1053 2160 1101 2225 sic
1121 2162 1243 2246 pergit:
1287 2159 1332 2226 Et
1352 2181 1451 2243 quum
1476 2181 1534 2226 nos
1555 2161 1776 2228 unrocum
1797 2183 1836 2227 es
1856 2162 1986 2244 sumptis
2006 2162 2118 2228 omns
2139 2161 2206 2228 edi·

206 2273 248 2339 tie
268 2293 321 2338 uos
338 2293 401 2338 uon
421 2273 469 2337 ita
489 2273 602 2339 ustie
622 2271 677 2336 sed
699 2276 776 2338 recte
796 2291 867 2338 mm
893 2271 1043 2339 usatica
1064 2271 1199 2353 codesiu
1221 2271 1273 2338 ulli
1293 2293 1408 2339 nume
1427 2272 1590 2338 ostendunt
1610 2274 1713 2339 nescio
1733 2272 1933 2354 quasliteras
1952 2277 2018 2339 tum
2036 2273 2207 2356 impensas

209 2404 306 2466 ouans
326 2404 425 2449 nwnu
443 2384 589 2465 sensus,
611 2406 634 2449 a
652 2383 751 2459 uobis,
770 2389 805 2449 ut
825 2383 942 2463 dieunt
959 2383 1125 2466 prosedas,
1147 2404 1229 2467 quae
1248 2384 1411 2450 dieucum
1428 2384 1542 2449 sentire
1564 2384 1710 2450 uidentur
1738 2390 1766 2448 et
1792 2384 1907 2467 odam
1927 2385 2033 2450 dieunt
2053 2405 2107 2451 uos
2126 2383 2209 2456 lone

207 2495 380 2571 dedrinam
401 2496 440 2561 de
459 2495 598 2560 nisime
618 2500 647 2559 et
666 2495 847 2575 mediatore,
874 2515 971 2577 quam
991 2495 1027 2559 in
1047 2495 1140 2562 torte
1159 2497 1272 2562 vestm
1285 2496 1480 2577 impressum
1500 2495 1627 2576 luidis,
1648 2502 1823 2562 recantasse
1849 2500 1877 2560 et
1897 2501 2094 2577 retractasse,
2125 2496 2208 2578 quod

206 2607 295 2674 nolis
309 2607 502 2689 ρονειιαᾱενὶ
521 2606 612 2673 nulla
636 2607 758 2672 ratiuse
775 2610 882 2689 unu
933 2605 1066 2672 Similia
1093 2606 1135 2673 sd
1162 2605 1293 2674 eosdem
1315 2605 1503 2674 Stanislaus
1530 2606 1721 2675 Stadnieius
1747 2608 1868 2674 nobilis
1885 2607 2031 2675 Pelenus
2052 2605 2208 2680 Smncari

208 2726 368 2802 patronas
387 2718 437 2803 (in
459 2716 572 2784 eodem
594 2717 705 2784 codiee
725 2717 779 2785 fol
804 2717 913 2803 3598).
958 2716 1048 2799 Quid
1066 2717 1148 2785 haee
1170 2719 1282 2785 omnia
1298 2719 1520 2790 sibivolunt?
1564 2720 1655 2786 Num
1679 2719 1767 2788 dices
1787 2720 2017 2804 impressas
2037 2719 2113 2787 illas
2133 2718 2208 2783 lits«

204 2851 270 2910 ras,
291 2849 372 2913 quas
388 2829 575 2896 adversarii
597 2828 750 2898 Staucari
771 2831 865 2914 quasi
882 2831 924 2897 ab
944 2828 1111 2898 Heluetiis
1132 2839 1281 2914 acceptas
1301 2831 1539 2916 producebant,
1558 2831 1691 2899 easdem
1716 2831 1791 2898 illas
1818 2833 1919 2900 fuisse
1945 2854 2027 2916 quas
2048 2830 2208 2898 Oalvinus

204 2961 450 3027 suppressas
471 2962 544 3008 esse
565 2940 740 3025 queritur?
784 2941 912 3008 Verum
939 2942 1002 3009 hoc
1029 2941 1167 3009 minime
1195 2964 1274 3009 vero
1295 2942 1402 3010 nmile
1424 2944 1586 3023 est,.imo
1612 2943 1710 3028 plene
1734 2945 1936 3010 contrarium
1966 2943 2081 3011 haberi
2102 2942 2208 3020 debet,

204 3054 270 3121 nisi
290 3052 550 3130 Stsncarumeo
570 3074 673 3138 usque
692 3054 888 3137 processisse
909 3053 1042 3133 dixeris
1069 3059 1108 3123 ut
1127 3074 1190 3120 sua
1207 3054 1312 3139 ipsius
1342 3054 1459 3121 deliris
1480 3055 1619 3124 (lalviuo
1640 3057 1811 3141 affingens,
1833 3057 1932 3122 huius
1952 3055 2207 3140 responsionem,

205 3167 301 3251 quasi
321 3165 386 3241 ulia
407 3175 505 3252 atque
526 3165 691 3234 haeretica
713 3165 892 3246 dueentem,
914 3165 1067 3250 spuriam*
1082 3165 1272 3233 declararet.
1314 3167 1414 3234 Patet
1435 3166 1525 3234 aliud
1547 3166 1709 3252 quoddam
1730 3168 1890 3252 seriptum
1910 3168 1947 3233 in
1967 3167 2105 3234 Palania
2123 3164 2207 3232 voli·

203 3287 291 3347 tasse
311 3278 399 3363 quod
410 3277 569 3345 Calvinus
589 3297 760 3362 nunquam
780 3276 920 3358 rideret,
942 3275 1090 3362 qnodque
1101 3278 1163 3346 sibi
1180 3278 1223 3344 ad
1240 3279 1437 3346 refellendas
1446 3279 1541 3346 istius
1552 3280 1734 3346 calumnias
1754 3281 1976 3347 necessarium
1994 3277 2080 3343 dicit
2116 3274 2209 3358 Quid

205 3390 234 3457 si
256 3411 375 3459 revera
396 3390 642 3475 supposititium
661 3389 796 3474 ¹aliquod
817 3390 983 3481 exstitisse
1005 3389 1142 3470 dixeris,
1170 3390 1316 3459 mammo
1336 3413 1436 3476 quum
1459 3406 1590 3476 praeter
1610 3412 1711 3457 manu
1732 3392 1871 3476 scriptas
1891 3390 2006 3456 literas
2024 3389 2124 3462 etiam
2144 3388 2209 3454 im-

203 3523 333 3586 pressas
354 3501 560 3570 mumioni
579 3502 628 3567 illi
648 3507 822 3580 testentur,
845 3501 1014 3569 evidenter
1035 3523 1102 3568 non
1123 3500 1256 3571 easdem
1273 3503 1331 3570 sed
1348 3501 1517 3579 disemus?
1561 3502 1701 3571 Constat
1724 3511 1811 3570 osne
1832 3503 1869 3568 in
1889 3503 1962 3587 ipsa
1977 3502 2117 3569 Polonia
2132 3500 2208 3584 plu-

204 3614 314 3693 rimos,
336 3614 482 3698 alioquin
502 3635 578 3681 eum
589 3612 728 3686 Calvina
748 3612 972 3679 familiaritate
992 3613 1136 3697 quadam
1156 3615 1356 3696 coniunctos,
1379 3615 1556 3700 agitatores
1577 3615 1651 3682 illus
1672 3616 1703 3681 ci
1717 3622 1885 3700 suspectos
1904 3621 1939 3681 et
1958 3634 2083 3695 exosos,
2106 3612 2208 3680 Stan-

208 3744 334 3804 earum,
354 3724 583 3805 Blandratam,
606 3725 687 3792 alius
708 3745 774 3790 non
795 3745 914 3809 parum
934 3724 1069 3805 fovisse,
1100 3735 1136 3792 st
1156 3726 1264 3809 quoad
1283 3725 1360 3793 fidei
1381 3747 1460 3794 suae
1480 3727 1714 3812 professionem
1734 3746 1803 3793 non
1825 3728 1916 3793 omni
1937 3748 1980 3793 ex
1998 3736 2093 3812 parte
2114 3725 2210 3792 stric-

204 3835 352 3913 tissimae
373 3836 585 3904 orthodoxiae
606 3835 803 3904 adhaesisse.
1039 3879 1043 3890 ·
1974 3879 1980 3904 ι

356 3944 427 4015 Sed
447 3947 613 4019 malumus
632 3949 854 4034 ignorantiam
874 3957 1024 4014 noemam
1044 3948 1183 4016 candide
1204 3950 1299 4017 fateri
1319 3972 1420 4035 quam
1440 3951 1530 4018 ultra
1548 3951 1745 4019 comesturis
1766 3953 1900 4021 incertis
1919 3952 2129 4037 indulgentes
2148 3970 2212 4034 pro

204 4058 315 4126 dubiis
336 4058 419 4125 tana
439 4059 500 4128 tibi
522 4061 649 4128 oflmre.
693 4058 818 4127 Videas
839 4061 978 4144 tuipse,
999 4058 1185 4127 deotissime
1201 4061 1313 4144 lectar,
1335 4064 1364 4131 si
1386 4063 1465 4149 quid
1486 4063 1619 4130 aliunde
1639 4071 1843 4149 compertum
1860 4064 1985 4131 habeas
2006 4081 2071 4146 qno
2091 4071 2128 4127 et
2147 4082 2210 4130 no-

203 4170 284 4243 dun
306 4169 417 4239 solvas
432 4170 727 4254 intricsu'ssinrum,
749 4180 784 4245 et
805 4170 903 4239 umal
923 4170 1018 4240 nobis
1038 4172 1119 4240 satis
1139 4172 1241 4241 iscius
1260 4175 1318 4258 qui
1338 4173 1397 4242 tibi
1418 4197 1485 4243 non
1505 4177 1675 4260 potuimus
1695 4177 1892 4244 satidacera·
