4776 5844
127 289 196 349 ει
886 285 1073 353 cennas
1095 284 1441 385 wnsrrnauuu.
1776 321 1780 331 ·
2127 293 2167 355 ιι

124 472 235 538 dum
261 473 415 539 delirium
441 473 636 557 simpliciter
662 475 823 540 refutasse
851 474 932 540 satis
959 484 1044 550 erat,
1075 470 1142 539 hae
1188 473 1370 556 porrigitur
1401 474 1512 557 panis,
1553 473 1634 541 hacc
1672 474 1775 539 verba
1811 483 1969 559 suggerat
2000 478 2165 545 minister:
2283 549 2287 556 ,

122 557 375 625 dissensionis
386 561 622 642 notapatefieri
640 560 831 636 haereticos,
852 560 930 643 quia
946 580 1033 624 unus
1052 560 1136 642 figu-
1189 555 1296 637 Edita,
1319 559 1452 639 credite,
1473 570 1509 624 ιι
1524 561 1560 625 ιιι
1582 561 1775 625 memoriam
1793 570 1946 627 revocate
1967 582 2087 645 corpus
2097 564 2167 630 Do·

120 665 212 710 rae
232 665 369 718 nomen,
392 646 477 711 alius
499 647 595 730 sigui,
623 645 707 711 alius
728 666 807 710 vero
828 645 967 729 symboli
989 654 1136 726 usurpat
1188 644 1271 709 mini
1292 646 1398 710 nostri
1418 647 1561 711 incruee
1582 645 1727 711 oblatum
1740 666 1812 710 csse
1833 667 1948 711 verum
1970 649 2166 714 sacrificium

119 727 224 796 Sed
243 731 310 796 nisi
329 730 419 796 aliud
437 729 572 808 adierat,
591 730 676 796 nihil
698 729 912 797 dissensionis
930 751 1001 795 esse
1019 739 1136 796 statuo.
1189 750 1249 812 pro
1272 732 1411 813 peccatis
1433 731 1582 798 ιιιιιιι..
1613 730 1750 797 Grande
1778 731 1870 797 nefas
1885 732 2023 799 scilicet
2049 737 2166 801 ιιιοιιιι

118 813 264 896 Quasi
287 835 367 882 vero
387 825 528 899 metuat,
555 838 598 881 ne
619 816 757 882 obscura
776 817 822 882 ιιι
843 837 902 881 sua
923 815 1137 898 impudentia,
1189 815 1317 882 tlhristi
1337 820 1530 882 memoriam
1552 817 1587 881 iu
1606 838 1701 882 sacra
1718 837 1818 882 coena
1840 816 2005 884 celebrari.
2049 820 2166 902 Neque

116 900 311 985 pluribus
339 901 449 968 verbis
467 903 540 967 hoo
568 900 656 967 idem
683 903 910 985 prosequitur,
941 903 987 967 ιιι
1013 922 1068 966 ms
1089 900 1137 965 lo·
1188 902 1277 965 enim
1306 903 1334 966 si
1362 905 1512 968 minister
1538 903 1575 967 ιιι
1600 903 1672 984 ipsa
1697 901 1923 969 distributione
1943 904 2101 988 populum
2123 905 2166 970 ad
2240 909 2242 913 ’

116 987 499 1070 quentsminducens:
522 985 640 1054 Scribo
660 997 792 1053 mutuas
813 989 1044 1053 consensiones
1061 1007 1137 1051 oum
1189 986 1417 1053 meditandum
1444 988 1562 1054 mortis
1591 988 1716 1054 Christi
1738 989 1880 1053 fructum
1908 1002 2056 1071 revocat,
2089 992 2164 1058 ideo

116 1074 341 1157 ‚Tigurinis
360 1095 427 1138 una
443 1086 495 1139 est
511 1083 623 1138 nostra
640 1074 812 1151 sententia,
836 1073 910 1152 [ιιι.
930 1078 985 1152 ss]
1004 1082 1138 1137 mutuas
1188 1074 1461 1154 praetermittitur
1487 1075 1558 1157 ipsa
1578 1073 1705 1139 Christi
1734 1074 1907 1139 institutio.
1953 1074 2044 1155 Quin
2064 1078 2165 1143 etiam

116 1158 322 1224 tradimus
342 1179 473 1243 operes:
501 1158 594 1223 nullo
614 1159 719 1242 igitur
739 1168 885 1241 unquam
907 1166 1053 1240 tempore
1074 1158 1138 1222 tuit
1187 1180 1289 1240 quum
1312 1157 1390 1224 alibi
1401 1158 1579 1226 contendat
1587 1158 1806 1241 Westphalus
1823 1159 1975 1226 distincte
1997 1161 2078 1228 haec
2100 1162 2165 1229 duo

120 1243 381 1326 discrepantia
397 1245 486 1310 intur
504 1265 717 1327 quoscunque
727 1245 1008 1327 sacramentarios.
1038 1240 1137 1323 Quod
1189 1243 1283 1309 nobis
1304 1246 1498 1327 praescribi,
1526 1255 1565 1309 ιιι
1593 1265 1711 1327 corpus
1737 1244 1888 1321 edamus,
1917 1258 1951 1312 et
1972 1249 2165 1314 memoriam

117 1340 266 1395 totum
289 1351 390 1412 quum
408 1328 748 1413 improbcoontingat,
770 1350 847 1393 mox
868 1351 903 1394 ss
925 1329 1072 1411 implicat
1089 1328 1137 1392 al·
1189 1329 1333 1407 colamus
1353 1333 1470 1394 mortis
1485 1330 1627 1396 Ohristi:
1651 1351 1709 1395 our
1730 1331 1848 1396 iratres
1869 1339 1997 1397 nostros
2015 1333 2164 1400 Phrisios

121 1426 226 1481 tero
256 1415 445 1493 mendacio,
478 1438 513 1481 se
547 1437 653 1498 neque
684 1435 842 1498 personas
874 1436 979 1497 noque
1006 1427 1137 1495 tempus
1189 1415 1251 1481 hoo
1273 1417 1406 1480 nomine
1427 1417 1582 1500 flagellat,
1604 1418 1682 1498 quia
1706 1416 1839 1481 coelesti
1861 1413 2017 1483 mandato
2038 1419 2163 1485 obtem·

118 1505 264 1578 finire,
288 1501 346 1566 sed
368 1500 538 1567 indefinite
557 1501 647 1584 loqui
668 1502 709 1566 do
726 1503 847 1565 nostris
870 1499 1021 1565 dissidiis.
1065 1499 1136 1564 Nu·
1188 1502 1326 1582 perant?
1372 1502 1487 1585 Pergit
1509 1502 1635 1578 deinde,
1658 1501 1830 1567 consilium
1854 1503 1915 1568 hoo
1936 1526 1955 1568 a
1975 1503 2163 1571 Suinckfsl-
2212 1536 2215 1541 ·

122 1599 269 1671 gater,
299 1587 356 1651 ubi
377 1587 480 1670 igitur
499 1587 649 1669 Farrago
678 1597 734 1651 tua
757 1609 798 1650 ex
820 1586 913 1650 libris
935 1585 1056 1650 nostris
1078 1605 1135 1648 er·
1189 1586 1243 1651 dio
1263 1594 1379 1651 natum
1401 1607 1488 1661 esse,
1516 1589 1571 1670 qui
1599 1587 1697 1653 iussit
1718 1587 1799 1653 haec
1821 1589 1922 1653 verba
1942 1609 2108 1672 seponere
2121 1611 2163 1657 ex

122 1684 282 1756 carpta,
305 1693 389 1754 quas
406 1673 552 1755 singulos
569 1669 1021 1754 suisnominibusdesignat?
1051 1671 1137 1734 Foe-
1188 1672 1304 1737 oeulis:
1349 1673 1423 1737 Hoc
1452 1683 1503 1737 est
1524 1693 1642 1755 corpus
1670 1693 1790 1737 meum.
1836 1672 1941 1753 Quasi
1967 1696 2047 1742 vero
2069 1677 2164 1743 nobis

125 1759 248 1824 diors
272 1758 373 1823 etiam
399 1757 569 1824 mendacio
598 1780 659 1823 nos
687 1769 817 1836 onerat,
847 1758 933 1840 quod
947 1758 990 1821 ἰιι
1012 1757 1137 1821 suteris
1189 1780 1264 1823 oum
1286 1756 1514 1824 Suinclsfeldio
1535 1757 1714 1841 quidquam
1737 1759 1781 1824 sit
1803 1779 1988 1839 commune,
2012 1769 2049 1825 ut
2070 1761 2163 1828 nobis

212 1853 257 1909 ut
280 1842 425 1910 recidere
447 1863 587 1926 aequum
608 1852 667 1908 est.
710 1843 798 1909 Nam
809 1840 1137 1924 Anabaptistas,Da-
1188 1841 1308 1908 luenda
1330 1845 1375 1908 sit
1394 1845 1541 1910 insanies
1566 1846 1638 1909 eius
1658 1844 1763 1927 culpa.
1815 1845 1888 1908 Imc
1909 1867 2071 1927 quaenam
2098 1847 2163 1913 ista

124 1865 321 2006 eidianos,
335 1929 360 2013 ¹)
382 1940 416 1994 at
433 1931 589 1994 fanaticos
611 1931 678 1994 lere
696 1951 810 1995 omnes
820 1929 915 1994 nobis
926 1928 1136 2011 permiscens,
1189 1941 1240 1993 est
1260 1931 1422 2012 aequitas,
1451 1937 1625 2013 postquam
1652 1930 1746 1995 bonis
1774 1931 1846 1994 istis
1873 1931 2051 2013 paterculis
2078 1941 2162 1999 ster·

126 2024 284 2082 sectam
317 2036 418 2079 unam
448 2018 554 2079 instar
586 2015 713 2098 hydrae
745 2016 879 2080 conflat:
913 2015 992 2096 quia
1022 2034 1137 2077 omnes
1188 2014 1333 2080 tentibus
1350 2015 1464 2080 sedulo
1479 2015 1690 2080 incubuimus
1708 2015 1749 2079 ad
1764 2014 2000 2099 oppugnandos
2016 2016 2161 2084 Suiuok·

125 2100 305 2184 Zvinglii
332 2099 452 2183 dogma
480 2103 685 2183 profitentur.
738 2100 812 2166 Non
839 2099 947 2165 dicam
968 2097 1053 2181 quod
1076 2119 1136 2180 pu·
1187 2099 1277 2164 feldii
1300 2121 1437 2177 errores,
1458 2102 1515 2183 qui
1532 2100 1618 2165 nihil
1639 2100 1813 2165 subierunt
1823 2101 1954 2179 laboris,
1977 2103 2086 2183 subito
2104 2126 2162 2168 ex·

128 2186 251 2252 blicis
263 2187 488 2250 monumentis
500 2188 579 2251 satis
589 2207 751 2269 superque
763 2197 918 2252 testatum
937 2198 997 2260 cst,
1019 2204 1039 2247 a
1060 2183 1135 2248 nul·
1187 2188 1375 2269 pergefieri,
1404 2197 1438 2251 et
1458 2189 1494 2250 in
1515 2208 1575 2251 nos
1595 2196 1749 2269 torquere
1769 2184 1927 2269 quidquid
1949 2190 1985 2253 ιιι
2006 2187 2161 2255 advena

128 2275 189 2336 lis
216 2273 332 2336 aerius
358 2292 459 2353 quam
486 2293 506 2335 a
531 2271 626 2336 nobis
653 2279 860 2355 oppugnatas
890 2272 991 2336 fuisse
1019 2280 1135 2346 sectas,
1187 2272 1237 2336 rio
1264 2286 1375 2337 nostro
1402 2271 1550 2337 odiosum
1578 2272 1773 2354 reperiunt?
1824 2277 1899 2351 [pag.
1922 2278 1975 2352 36]
2003 2273 2162 2340 Eiusdem

119 2363 223 2424 sive
246 2378 333 2439 quas
354 2357 513 2433 nominat,
544 2359 615 2422 sive
637 2378 850 2440 quaecunque
871 2367 983 2443 nostro
1005 2355 1135 2420 saeculo
1186 2368 1237 2422 ιιι
1257 2360 1383 2423 farinas
1404 2357 1492 2440 quod
1517 2370 1630 2441 postea
1652 2358 1793 2433 subiicit,
1822 2359 1900 2440 quia
1920 2360 2056 2443 indigne
2076 2360 2162 2425 fora·

119 2450 290 2509 exortae
307 2451 393 2508 sunt.
444 2441 512 2508 Sed
542 2442 661 2525 quibus
687 2442 821 2507 tandem
851 2441 993 2507 vinculis
1015 2462 1076 2506 nos
1097 2443 1135 2504 in
1186 2463 1261 2507 mus
1283 2452 1411 2509 nostras
1434 2443 1642 2527 deceptiones
1664 2444 1762 2508 claris
1784 2442 1894 2508 verbis
1915 2445 2041 2512 Christi
2060 2445 2161 2527 pude-

119 2550 257 2596 unnm
292 2529 414 2593 fascem
452 2527 606 2611 colligat?
669 2528 803 2593 Satisne
842 2539 893 2592 est
932 2548 1000 2591 uno
1031 2525 1134 2590 verbo
1186 2530 1273 2604 fieri,
1302 2549 1342 2592 ea
1368 2533 1582 2612 contemptim
1610 2530 1765 2605 abiicere,
1800 2538 1833 2593 et
1860 2551 2069 2596 murmurare
2099 2533 2163 2597 tria

119 2617 287 2691 dixisse,
310 2634 376 2678 unc
398 2624 432 2677 et
454 2614 568 2678 ecdem
585 2635 695 2679 errore
717 2634 830 2678 omnes
848 2634 919 2678 osse
936 2609 1132 2695 implicitos?
1185 2615 1286 2679 verba
1307 2615 1471 2680 duntaxat
1489 2614 1592 2680 semel
1613 2614 1701 2681 diota
1717 2615 1812 2680 nobis
1828 2615 1933 2683 obiici.
1965 2615 2031 2681 Hic
2053 2618 2080 2681 si
2103 2639 2162 2682 nos

120 2706 202 2771 An
236 2720 300 2782 ego
329 2699 463 2783 angelos
490 2708 670 2778 contester,
699 2720 801 2781 quum
829 2699 871 2762 ab
898 2700 979 2782 ipsis
1005 2716 1134 2781 quoque
1185 2701 1260 2767 ficto
1286 2700 1461 2766 maledicto
1489 2700 1646 2766 scelerate
1677 2701 1714 2764 in
1747 2700 1859 2765 odium
1889 2703 1997 2768 vocari
2031 2723 2160 2784 querar,

122 2785 294 2854 diabolis
320 2793 488 2869 retegatur
508 2784 696 2868 Westphali
725 2784 940 2866 improbitas?
992 2785 1079 2849 Nam
1104 2783 1134 2846 si
1185 2787 1333 2868 protinus
1360 2787 1500 2867 excipiet
1525 2807 1561 2850 ιι
1587 2783 1758 2851 indefinite
1787 2785 1886 2869 loqui.
1900 2791 1926 2867 ¹)
1972 2785 2040 2853 Sed
2068 2790 2161 2853 cuius

120 2876 187 2941 dc
213 2871 368 2938 sectariis
395 2880 588 2952 quaeratur,
618 2873 751 2953 propius
779 2868 821 2934 ad
849 2871 958 2953 ipsum
980 2869 1133 2935 accedere
1186 2883 1237 2935 est
1265 2869 1431 2949 candoris,
1461 2871 1682 2954 blasphemiae
1709 2872 1863 2945 erimine,
1891 2873 1986 2938 cuius
2008 2894 2051 2936 ne
2073 2894 2161 2939 unus

121 2957 339 3031 oonsmbit·
382 2953 542 3022 Servatus
575 2954 723 3038 quidem,
756 2957 813 3038 qui
846 2970 880 3019 et
914 2956 1135 3037 Anabaptista
1185 2956 1317 3039 quidem
1338 2966 1434 3021 autor
1461 2959 1637 3039 profertur,
1659 2977 1798 3020 onerare
1818 2957 1983 3023 infinitam
2006 2960 2159 3024 turbam?

123 3057 228 3134 [pag.
258 3046 314 3121 st]
346 3051 432 3119 erat,
472 3053 507 3106 et
540 3042 780 3107 haereticorum
813 3039 1024 3118 deterrimus,
1057 3060 1132 3105 cum
1184 3042 1253 3107 Nos
1275 3061 1354 3108 vero
1381 3043 1532 3108 coelestis
1561 3044 1710 3125 magistri
1733 3042 1844 3107 verbis
1864 3064 1930 3107 non
1953 3055 2021 3108 tam
2042 3065 2160 3127 parum

26 3183 32 3191 .
124 3125 355 3209 westphali)
377 3147 513 3209 prorsus
535 3127 771 3193 consentiebat:
796 3139 894 3209 atque
914 3128 951 3190 in
973 3125 1035 3191 hoo
1057 3127 1133 3191 doc·
1184 3128 1390 3193 reverentiae
1411 3128 1597 3205 deferimus,
1624 3128 1706 3209 quin
1728 3126 1822 3192 uobis
1844 3127 1885 3192 ad
1907 3129 2044 3193 solidam
2067 3140 2160 3194 auto-

125 3211 260 3289 tr'tuse
281 3215 390 3296 capita
412 3211 704 3296 Oscolampadium
727 3225 760 3278 ιι
780 3213 972 3296 Zvinglium
994 3233 1060 3276 non
1082 3233 1133 3277 se·
1185 3215 1319 3278 ritatem
1340 3213 1471 3279 abunde
1492 3214 1642 3288 sufficiat,
1665 3213 1766 3277 semel
1788 3213 1829 3278 ab
1852 3234 1890 3279 eo
1913 3214 2037 3297 aliquid
2057 3215 2160 3280 fuisse

124 3315 218 3375 ons
235 3301 271 3363 in
292 3300 362 3365 suis
383 3298 477 3364 libris
497 3301 640 3375 vexavit,
663 3320 762 3381 quam
783 3299 811 3363 ιι
834 3296 1033 3379 Wcstphalo
1055 3291 1133 3379 op's·
1185 3298 1317 3363 dictum.
1363 3301 1475 3384 Atque
1501 3311 1540 3363 ιιι
1566 3298 1683 3363 melius
1709 3306 1822 3379 pateat
1841 3297 1927 3363 nihil
1954 3300 2047 3365 nobis
2076 3320 2159 3381 opus

125 3401 229 3462 ram
246 3387 393 3452 locasset
1184 3405 1255 3450 esse
1278 3384 1397 3449 talibus
1417 3384 1555 3459 cavillis,
1588 3392 1767 3465 retorqueo,
1796 3383 1871 3465 plus
1889 3384 2083 3467 quadragies
2104 3405 2158 3449 ar·

110 3498 114 3506 ·
240 3472 312 3535 lam
334 3473 412 3555 quia
433 3470 541 3555 priore
563 3471 620 3534 ria
640 3490 707 3534 non
728 3468 893 3546 successit,
916 3467 982 3534 alia
1002 3475 1133 3532 nostras
1184 3489 1256 3536 cam
1282 3469 1422 3535 foederis
1455 3471 1566 3534 vocari
1594 3469 1657 3534 Dei
1684 3471 1923 3551 praesentiam,
1957 3491 2018 3534 nso
2045 3482 2165 3534 tamen*

125 3556 429 3623 mandationes
456 3555 629 3620 ostendere
650 3553 851 3638 aggreditur,
896 3555 946 3619 Ac
967 3553 1134 3637 praefatur
1184 3555 1249 3620 alio
1271 3575 1380 3632 sensu,
1398 3576 1498 3638 quam
1519 3576 1584 3637 quo
1605 3556 1700 3637 panis
1722 3565 1861 3619 vocatur
1882 3575 2010 3637 corpus.
2055 3553 2159 3621 Vides

120 3635 295 3722 quidem,
317 3646 396 3726 quia
411 3640 498 3708 idem
516 3648 677 3706 tentatum
701 3641 746 3705 sit
765 3640 954 3717 aLuthero,
972 3640 1034 3705 sibi
1052 3658 1132 3721 quo·
1184 3640 1265 3706 adso
1283 3661 1343 3705 nos
1365 3641 1474 3707 lucem
1495 3661 1561 3705 non
1583 3643 1743 3723 refugere,
1766 3652 1805 3704 ut
1825 3641 1913 3705 ultro
1931 3638 2029 3705 huius
2051 3641 2160 3724 clypei

114 3738 208 3811 9¹¹0
240 3727 346 3794 licere
393 3727 461 3794 Sed
482 3746 677 3808 quoeunque
699 3747 735 3791 ss
755 3724 909 3807 exemplo
931 3733 1031 3809 tegat,
1060 3744 1132 3789 rem
1184 3726 1314 3792 obiectu
1325 3726 1416 3792 vobis
1432 3747 1604 3792 occurrere
1615 3748 1682 3792 non
1695 3725 1891 3803 dubitemus,
1910 3727 2032 3807 passim
2049 3736 2158 3792 ιιιιιι-

109 3811 315 3886 rnspicsre
332 3815 495 3880 convenit
530 3811 628 3893 Quod
650 3832 690 3876 ιι
709 3808 925 3877 Oarolostadii
947 3816 1132 3876 commento
1182 3813 1262 3876 ferri
1281 3813 1318 3876 in
1339 3813 1503 3895 scriptura
1513 3813 1579 3877 Dei
1601 3834 1722 3877 nomen
1743 3809 1785 3874 ad
1807 3811 1933 3876 visibile
1953 3813 2159 3893 praesentias

106 3891 307 3965 ‘enebras
328 3920 447 3965 causae
468 3896 627 3976 offtmdit,
654 3897 733 3979 quia
757 3897 871 3980 procul
898 3897 1038 3962 ascitum
1060 3915 1132 3961 esse
1182 3897 1245 3962 Dei
1268 3897 1475 3981 symbolum?
1511 3897 1588 3978 Qua
1609 3898 1650 3962 de
1671 3918 1708 3961 ra
1729 3897 1835 3962 fusius
1857 3896 2083 3962 disserendum
2101 3918 2160 3962 no-

102 3982 291 4060 oonatat,
314 3987 349 4050 in
372 3983 571 4050 refutatione
591 4004 660 4048 non
682 3981 801 4048 laboro.
847 3981 1049 4064 Quanquam
1071 4002 1132 4046 au·
1165 3981 1233 4047 ¹bis
1254 3984 1327 4048 erit
1384 4032 1395 4042 ‚.

98 4054 203 4140 ΨΦ
246 4091 312 4135 non
335 4081 432 4137 teneo
458 4068 546 4136 unde
567 4070 648 4133 alias
670 4069 958 4151 interpretationes
979 4087 1130 4149 sumpse-
1269 4066 1357 4148 Quia
1384 4078 1497 4133 tamen
1525 4066 1672 4133 nondum
1699 4067 1757 4132 illa
1784 4086 1882 4148 quam
1911 4067 2060 4132 detonuit
2080 4090 2158 4133 con·

94 4144 168 4209 r¹²·
219 4152 282 4223 tis
302 4166 417 4223 tamen
439 4155 612 4223 calumniis
628 4154 714 4219 nihil
735 4153 882 4237 putidius
903 4166 961 4230 est,
983 4152 1130 4236 indignis
1181 4152 1332 4220 tradietio
1354 4154 1496 4237 patebat,
1519 4152 1627 4219 denuo
1644 4152 1783 4217 eandem
1806 4152 1933 4217 orditur
1954 4153 2064 4231 telam,
2086 4155 2157 4219 vio·

91 4230 262 4307 11¹⁰‘lis
282 4251 474 4307 contextum
495 4252 530 4306 ιι
545 4240 694 4305 ordinem
716 4239 892 4306 verborum
913 4238 1038 4304 Christi
1061 4239 1130 4303 rio-
1181 4239 1288 4304 lenter
1308 4240 1433 4306 scilicet
1460 4240 1562 4304 verba
1588 4237 1728 4302 distrahi
1756 4238 1790 4302 in
1820 4238 1966 4304 diversas
1993 4240 2158 4323 significa·

90 4293 262 4392 louter
281 4328 435 4406 lacerari,
463 4329 542 4410 quia
569 4326 616 4392 sic
646 4326 807 4408 quispiam
829 4325 981 4406 accipiat,
1010 4344 1130 4407 corpus
1182 4326 1295 4402 dones,
1320 4330 1394 4405 [pag.
1415 4329 1468 4403 87]
1490 4345 1573 4408 quae
1594 4325 1729 4388 minime
1751 4324 2062 4390 simuloonsistunt
2095 4327 2157 4389 At·

91 4377 282 4479 0¹1¹'isti
308 4413 480 4496 spirituale
508 4433 581 4478 ιιιι
620 4412 829 4476 ahmsnmm:
862 4410 946 4474 alter
972 4430 1052 4476 vero
1083 4411 1131 4474 sie
1180 4431 1242 4493 que
1275 4411 1397 4475 iterum
1430 4409 1646 4475 Oarolostadii
1685 4409 1813 4493 glosam
1851 4409 1961 4475 odiose
1997 4409 2155 4493 producit,

91 4473 345 4576 musterus,
374 4499 461 4582 quod
489 4518 549 4581 pro
573 4496 666 4564 vobis
694 4497 834 4560 traditur
856 4495 917 4562 hoc
940 4505 991 4559 est
1010 4516 1129 4578 corpus
1179 4516 1277 4578 quam
1310 4495 1430 4561 diserte
1468 4494 1594 4579 pridem
1635 4496 1739 4560 nostri
1778 4516 1891 4561 omnes
1930 4496 2154 4578 repudiarunt

91 4564 272 4650 meum
317 4583 406 4666 Quid
429 4586 518 4649 enim
540 4585 673 4649 obsecro
702 4581 852 4658 absurdi,
881 4582 911 4644 si
932 4582 1128 4646 ιιιιιιιιιιιιιι
1179 4582 1301 4647 Ροιιιι
1317 4589 1355 4644 ut
1371 4581 1606 4666 repugnantiae
1623 4584 1697 4646 fuoo
1716 4581 1915 4663 simplicium
1936 4580 2062 4646 oblinat
2077 4601 2156 4645 ocu·

95 4651 268 4745 ¹³¹‘{¹·tis
298 4672 433 4754 epulum
458 4669 635 4753 spirituale
667 4667 783 4733 ordine
814 4665 1010 4750 praecedat?
1061 4665 1129 4732 Sed
1179 4667 1243 4745 los,
1277 4666 1355 4732 dicit
1386 4665 1448 4732 hoo
1476 4666 1639 4732 insulsum
1670 4675 1893 4734 commentum
1925 4687 1946 4730 a
1975 4686 2029 4731 me
2054 4665 2154 4730 reiioi.

250 4755 303 4822 his
322 4777 452 4840 quoquo
479 4765 550 4821 tam
576 4755 704 4820 ιιιιοιιι
725 4752 907 4819 rationibus
928 4750 1127 4830 destituitur,
1179 4751 1284 4833 Quasi
1303 4772 1383 4817 vero
1406 4753 1570 4837 ιιιιιιιιιιι
1589 4753 1716 4819 lacinus
1737 4752 1852 4830 fuerit,
1878 4749 1997 4816 falsam
2019 4771 2039 4814 a
2060 4750 2155 4815 nobis
2208 4788 2209 4792 =

105 4805 159 4952 ’ὁὶ
192 4831 342 4908 fabulas
371 4863 432 4907 suo
458 4858 550 4906 more
579 4841 740 4923 confugit,
768 4840 804 4903 in
825 4838 960 4905 Phrisia
982 4839 1128 4903 truncari
1180 4836 1339 4904 invidiam
1362 4840 1560 4918 averters.²)
1604 4838 1695 4920 Quid
1716 4838 1775 4902 tibi
1798 4838 1850 4902 vis
1871 4834 2017 4900 rixatur?
2052 4835 2155 4900 Oaro-

117 4893 278 5042 fihtsssti
305 4927 421 5007 verba,
455 4949 476 4992 a
502 4928 729 4992 concionatore
759 4931 834 5005 [pag.
856 4930 910 5004 so]
937 4932 1128 5008 perspectae
1179 4978 1383 4987 -.,..

126 4978 226 5136 Q
257 5013 318 5080 sibi
343 5013 446 5079 inisse
473 5012 633 5097 scriptum
661 5018 910 5091 commemorat,
943 5009 1021 5092 quia
1048 5007 1127 5074 dum

1248 5060 1279 5121 1)
1297 5060 1372 5114 aad.
1390 5076 1454 5115 sens
1470 5076 1593 5116 ιιοιιιιιιι
1609 5075 1753 5130 personne.

226 5134 238 5141 “
304 5135 356 5144 ·’“
1248 5127 1277 5194 2)
1297 5128 1370 5182 aaa
1394 5146 1430 5184 ιιιι
1453 5131 1519 5184 taur
1542 5129 1644 5184 blesus
1667 5143 1721 5216 ιρι
1743 5126 1833 5194 lequel
1857 5142 1891 5181 ou
1915 5123 2010 5179 ιιιιιιι
2033 5124 2068 5180 ds
2085 5142 2156 5183 nous

213 5194 251 5266 1)
268 5204 308 5259 les
327 5201 455 5270 disciplet
473 5201 507 5257 ds
524 5200 611 5256 David
629 5199 736 5270 (iserge
758 5197 868 5267 [Icritl.
1180 5197 1277 5252 rendre
1296 5197 1401 5252 ouem.
