4776 5844
265 249 338 327 ἰιι
1042 252 1223 321 numus
1244 250 1511 320 snuomruo
2127 211 2129 226 '
2214 256 2274 319 iss

272 449 417 532 fingitur
441 445 585 530 corporis
614 445 826 510 immensitas.
877 444 992 527 Neque
1019 443 1109 508 enim
1131 452 1168 507 ιιι
1188 462 1250 510 ιιοιι
1301 450 1422 507 noctua
1443 441 1521 507 solis
1543 439 1651 526 radios
1671 463 1740 507 non
1751 453 1874 520 cernat,
1896 440 1997 507 solem
2019 441 2092 514 ideo
2114 465 2180 509 non
2204 465 2275 510 esse

272 542 388 617 paseat
421 535 654 611 [pag.124]ao
689 531 835 595 vivificet
862 528 1017 596 Christus
1049 548 1147 593 carne
1179 546 1248 604 sua,
1301 524 1455 616 lucidum
1509 526 1626 610 Itaque
1654 526 1845 610 simpliciter
1874 525 2054 593 tenendum
2086 550 2158 595 esse
2190 530 2277 612 qnod

273 639 346 684 eam
368 618 429 683 sub
451 638 536 702 pane
558 614 681 681 includi
704 637 838 682 necessa
856 624 915 694 est,
938 624 976 681 ut
998 635 1018 679 a
1039 613 1132 680 nobis
1154 634 1248 678 vore·
1300 613 1404 679 verba
1425 625 1556 679 sonant:
1591 613 1665 680 Hoc
1690 624 1740 678 est
1767 633 1885 697 corpus
1913 633 2032 679 meum.
2082 615 2187 699 Atqui
2213 615 2276 681 hoc

273 717 337 769 tur.
392 705 526 769 Interea
554 722 620 767 non
649 701 738 767 aliud
767 723 866 785 quam
892 722 1010 767 verum
1037 708 1072 765 et
1099 698 1248 764 naturale
1301 708 1407 764 totum
1433 719 1510 776 non,
1535 701 1645 764 minus
1673 698 1827 764 frivolum
1859 706 1931 778 [pag.
1953 707 2024 778 127]
2056 721 2144 779 esse,
2177 722 2277 784 qnam

273 810 391 874 corpus
412 789 479 855 illio
496 789 635 872 proponi
653 787 822 855 docemus:
844 797 883 852 ut
903 786 958 853 hic
975 787 1075 852 etiam
1093 785 1173 850 satis
1190 804 1248 867 ap·
1300 784 1473 868 plausibile
1494 807 1566 853 esso
1587 789 1756 869 putarunt,
1780 786 1835 851 ubi
1852 785 1917 851 tria
1934 787 2035 852 verba
2051 787 2175 865 dixero,
2199 809 2277 852 mox

272 886 387 958 pareat
414 876 526 940 hostes
554 883 686 939 nostros
711 895 829 957 parum
856 874 1000 957 ingenue
1071 892 1139 949 ere,
1170 869 1250 935 dum
1301 871 1396 936 facile
1418 871 1562 953 liquebit
1614 871 1897 954 Aequiesoendum
1924 893 1995 938 esso
2017 872 2142 938 Christi
2164 874 2277 940 verbis

272 971 445 1045 tantopere
476 960 684 1026 contendunt
707 959 796 1024 idem
823 981 941 1043 corpus
972 892 1070 1041 qudd
1091 958 1126 1022 in
1155 977 1249 1022 cruce
1300 956 1422 1039 optimo
1443 957 1531 1022 inter
1552 977 1613 1023 nos
1634 959 1797 1036 convenit,
1820 956 1916 1022 modo
1934 957 1974 1023 de
1996 959 2140 1042 genuino
2161 980 2277 1025 eorum

272 1047 431 1131 pependit
450 1046 544 1111 nobis
566 1046 809 1111 communicari
859 1044 963 1127 Quasi
984 1065 1062 1110 vero
1084 1044 1250 1127 fingamus
1301 1064 1401 1108 sensu
1421 1051 1559 1108 constet.
1600 1041 1654 1108 De
1674 1065 1711 1108 eo
1732 1041 1789 1108 nbi
1810 1044 1992 1126 quaeritur,
2022 1044 2149 1111 nullam
2172 1047 2277 1110 inter·

272 1133 444 1198 Christum
467 1130 684 1214 bicorporem:
707 1153 822 1198 acuon
834 1132 943 1214 potius
954 1139 1117 1196 testentur
1127 1129 1251 1211 scripta
1301 1128 1517 1212 pretationem
1532 1128 1719 1194 admittunt
1740 1129 1883 1195 litorales
1910 1132 2068 1219 magistri.
2117 1131 2278 1198 Facessat

272 1229 386 1284 nostra
407 1220 447 1284 ab
471 1217 586 1282 eadem
609 1238 707 1283 carne
729 1216 905 1301 petendam
927 1237 997 1281 esse
1019 1216 1136 1294 vitam,
1166 1235 1249 1298 quae
1301 1214 1355 1280 hio
1376 1214 1483 1280 omnis
1506 1214 1660 1292 vafrities,
1682 1214 1779 1280 modo
1800 1236 1957 1298 quaerere
1977 1216 2180 1282 nobislioeat
2197 1217 2278 1301 quid

272 1306 307 1369 in
326 1305 487 1371 sacrificio
509 1303 610 1369 semel
632 1303 741 1368 oblata
762 1311 822 1368 est
867 1304 1011 1367 Tantum
1034 1303 1069 1366 in
1090 1323 1127 1367 eo
1151 1300 1249 1365 verti·
1301 1300 1442 1365 voluerit
1463 1299 1635 1366 Christus:
1664 1313 1820 1366 maneant
1848 1301 2012 1384 ipsissima
2034 1303 2151 1378 verba,
2179 1304 2277 1370 modo

273 1402 329 1454 tur
352 1391 506 1474 quaestio,
530 1408 745 1472 pascamurne
767 1387 892 1454 Christi
915 1409 1013 1453 carne
1035 1395 1068 1452 et
1089 1386 1249 1470 sanguine
1301 1407 1344 1451 ne
1360 1387 1533 1469 rapiantur
1562 1387 1633 1452 sine
1659 1385 1786 1453 iudicio.
1838 1386 2123 1468 Quemadmodum
2151 1390 2277 1473 siquis

273 1475 352 1541 dum
375 1476 416 1540 ab
438 1475 504 1542 illis
524 1476 625 1539 vitam
646 1475 718 1557 ipse
740 1474 836 1540 nobis
857 1475 1005 1557 inspirat,
1028 1493 1070 1538 an
1090 1493 1169 1537 vero
1191 1492 1249 1536 ne·
1301 1470 1425 1551 oculos,
1454 1492 1563 1552 aures,
1591 1494 1710 1538 manus
1732 1484 1766 1537 et
1786 1472 1887 1556 pedes
1902 1471 1974 1539 ‘Dei
1991 1495 2026 1539 se
2047 1475 2082 1538 iu
2104 1476 2278 1558 scripturis

272 1584 362 1628 cesse
384 1562 427 1627 sit
449 1561 667 1627 substantiam
689 1560 798 1627 earnis
819 1582 839 1625 a
860 1560 953 1625 nobis
976 1559 1130 1643 deglutiri
1153 1568 1190 1622 ut
1207 1557 1251 1623 sit
1300 1559 1446 1641 reperire
1472 1559 1661 1637 clamitans,
1685 1557 1797 1624 Deum
1829 1559 1909 1624 velit
1934 1560 2040 1626 faeere
2063 1561 2275 1643 corporalem

272 1649 366 1714 nobis
387 1649 423 1712 in
445 1648 566 1713 cibum:
600 1657 634 1711 et
654 1646 863 1731 sanguinem,
892 1656 929 1710 ut
949 1646 1043 1711 nobis
1065 1644 1164 1710 sitin
1192 1660 1248 1726 po
1301 1644 1370 1710 Nec
1392 1665 1472 1709 vero
1482 1643 1608 1710 Christi
1625 1644 1737 1711 verbis
1759 1646 1921 1710 assuimus
1943 1653 2117 1712 extraneas
2139 1647 2275 1732 glossas,

271 1744 353 1812 tum,
374 1731 635 1799 substantialiter
656 1731 792 1796 hauriri
828 1731 979 1796 Alterum
1002 1739 1100 1815 caput
1121 1739 1249 1796 contro·
1301 1730 1358 1794 sed
1380 1741 1491 1795 tamen
1518 1752 1560 1796 ax
1587 1730 1753 1797 communi
1779 1747 1974 1815 receptoque
2002 1733 2186 1816 scripturae
2214 1755 2277 1800 usn

272 1821 398 1886 versiae
425 1830 475 1885 est
504 1818 544 1883 de
581 1818 766 1901 promiscua
798 1817 1068 1882 manducatione:¹
1092 1818 1169 1900 quia
1190 1837 1249 1881 nos
1301 1815 1474 1882 diiudicari
1497 1816 1650 1882 volumus
1672 1816 1751 1899 quid
1772 1816 1884 1882 valeat
1905 1818 1959 1883 hio
1978 1838 2100 1883 sermo:
2129 1819 2204 1886 Hoc
2227 1831 2277 1886 est

272 1907 319 1971 ita
335 1906 516 1971 ‘assemmus
538 1904 689 1969 omnibus
710 1904 821 1968 offerri
832 1902 957 1968 Christi
969 1924 1101 1968 caruem
1123 1919 1157 1967 et
1173 1921 1248 1966 san-
1300 1921 1419 1984 oorpus
1451 1923 1571 1967 meum.
1632 1901 1702 1967 Nec
1735 1924 1811 1968 vero
1843 1903 2046 1968 reconditum
2078 1905 2276 1989 mysterium

272 1991 419 2076 guinem,
449 2000 486 2055 ut
512 1990 573 2055 soli
602 1989 717 2056 fideles
742 1989 975 2054 inaestimabili
1004 1988 1066 2053 hoo
1093 1988 1248 2053 thesauro
1298 2007 1418 2053 coenae
1440 1989 1595 2053 metimur
1617 1988 1725 2054 camis
1747 1997 1880 2053 nostrae
1902 2009 2017 2068 sensu,
2046 1989 2103 2055 sed
2127 1989 2277 2058 modesta

271 2079 440 2143 fruantur:
464 2078 525 2142 etsi
548 2084 659 2141 autam
681 2074 894 2141 incredulitas
918 2079 991 2154 [pag.
1017 2079 1089 2153 125]
1112 2075 1247 2139 ianuam
1301 2074 1417 2156 piaque
1439 2073 1604 2140 docilitate
1627 2073 1752 2139 discere
1774 2075 1925 2159 cupimus
1942 2075 2019 2158 quid
2042 2076 2138 2142 nobis
2159 2076 2276 2143 Chris·

271 2162 404 2229 Christo
426 2162 567 2241 claudit,
597 2169 635 2225 nt
655 2162 829 2246 priventur
856 2161 926 2225 aius
948 2161 1104 2226 beneficio
1127 2161 1183 2311 gui
1206 2158 1248 2224 ad
1300 2171 1354 2224 tus
1376 2159 1552 2243 promittat.
1602 2159 1741 2225 Interim
1768 2161 1796 2224 si
1824 2161 2092 2227 sacramentalem
2120 2162 2277 2247 loquendi

271 2264 404 2314 coenam
428 2249 557 2332 impure
578 2246 745 2324 accedunt,
768 2255 1049 2330 negamustamen
1070 2247 1126 2329 qui
1149 2266 1247 2328 quam
1298 2244 1439 2310 formam
1465 2255 1618 2328 aptamus
1644 2244 1720 2311 fidei
1749 2246 1899 2329 regulae,
1933 2268 2000 2312 non
2027 2258 2203 2330 propterea
2228 2250 2277 2316 sol

271 2332 427 2400 decedere
449 2355 490 2398 ex
511 2333 708 2399 sacramenti
735 2343 868 2398 natura:
903 2332 980 2416 quis
1001 2333 1097 2415 panis
1118 2353 1248 2414 semper
1298 2330 1409 2397 lucare
1430 2329 1565 2396 desinet.
2072 2377 2075 2382 -

271 2442 387 2485 verum
404 2428 454 2485 ast
464 2420 587 2503 pignus
609 2420 717 2484 carnis
728 2417 863 2496 Christi,
885 2426 918 2483 et
927 2418 1044 2483 vinum
1066 2418 1246 2503 sanguinis,
1386 2422 1460 2496 [pag.
1483 2419 1556 2496 128]
1586 2415 1682 2497 Quod
1714 2438 1774 2500 pro
1806 2426 1924 2500 quarta
1954 2419 2080 2484 ratione
2105 2420 2276 2487 adducunt

271 2525 413 2588 veraque
434 2507 606 2587 utriusque
629 2502 786 2569 exhibitio
799 2525 928 2587 semper
947 2513 1074 2569 constat
1095 2525 1137 2568 ex
1154 2514 1247 2586 parte
1299 2501 1618 2588 Magdeburgousos,
1646 2504 1743 2569 sicuti
1770 2525 1885 2569 verum
1914 2526 1986 2570 esse
2012 2507 2131 2584 fawor,
2164 2508 2213 2572 ita
2234 2506 2276 2572 ad

270 2592 343 2657 Dei.
377 2589 570 2656 Adversarii
587 2590 692 2655 nostri
710 2611 826 2673 corpus
848 2598 917 2654 ets
1008 2591 1095 2654 inem
1117 2591 1164 2655 ita
1185 2587 1246 2655 sub
1298 2610 1368 2653 rem
1395 2587 1570 2672 quidquam
1600 2589 1707 2656 facere
1733 2610 1827 2674 nego.
1876 2590 1951 2655 Non
1978 2599 2099 2657 tractat
2120 2592 2276 2660 Christus

270 2698 354 2761 pane
377 2686 411 2741 et
442 2678 520 2743 vino
552 2675 736 2754 includunt,
772 2684 812 2740 ut
843 2677 914 2741 sina
989 2698 1009 2741 a
1036 2674 1101 2741 fide
1128 2696 1245 2741 voren-
1298 2695 1339 2739 ex
1366 2675 1517 2741 instituto
1546 2674 1742 2758 parabolam.
1794 2674 1879 2756 Quis
1906 2676 1969 2743 hoo
1994 2699 2138 2761 unquam
2168 2678 2274 2745 dixit?

270 2772 326 2827 tur
345 2761 386 2828 ab
408 2763 526 2847 impiis.
560 2760 678 2827 Fidem
700 2769 848 2827 nostram
866 2784 954 2828 nuno
976 2762 1044 2828 suis
1065 2761 1246 2827 rationibus
1299 2757 1366 2825 Sed
1387 2781 1495 2843 neque
1521 2759 1710 2843 parabolam
1736 2770 1857 2827 tractat
1876 2762 2002 2828 Paulus
2029 2763 2084 2828 ubi
2111 2763 2193 2831 dicit
2218 2781 2275 2850 pe·

270 2846 418 2914 stabilire
449 2849 652 2932 propositum
680 2869 746 2912 non
779 2858 843 2913 est:
877 2847 940 2914 hoc
973 2856 1084 2913 tamon
1111 2847 1245 2914 consilio
1299 2844 1686 2912 tramfuisseChristum
1716 2846 1830 2930 Neque
1843 2848 2276 2931 ubicunquedesacramen·

270 2943 424 3000 testatam
445 2951 518 3000 esse
540 2934 639 3011 volni,
662 2942 699 2998 ut
720 2933 894 3017 siquando
916 2932 1246 3018 odiosegravarinos
1297 2931 1340 2997 tis
1361 2933 1485 3017 agitur,
1508 2931 1647 2998 dicimus
1668 2934 1783 2998 referri
1806 2933 1988 3017 parabolas,
2011 2935 2068 3001 sed
2090 2935 2204 3004 modos
2227 2937 2275 3003 di·

269 3018 430 3086 videbunt
457 3020 595 3086 lectores
622 3019 713 3084 falsis
739 3018 1076 3103 Magdebnrgensium
1107 3018 1244 3098 cavillis,
1297 3016 1392 3084 cendi
1415 3039 1485 3084 asse
1507 3018 1771 3097 sacramentales,
1793 3020 1911 3102 quibus
1928 3023 2068 3105 exprimi
2079 3022 2178 3088 debet
2188 3025 2276 3089 inter

269 3106 379 3172 oculos
401 3105 443 3171 ad
466 3106 527 3172 hoc
550 3104 720 3188 speculum
742 3125 872 3189 semper
892 3105 1044 3170 referant.
1095 3105 1142 3170 at
1162 3123 1245 3188 quae
1297 3124 1368 3168 rem
1390 3115 1424 3169 et
1444 3107 1577 3189 signum
1599 3104 1726 3170 analo‘
1802 3105 1901 3187 Quod
1920 3105 2056 3186 addunt,
2078 3107 2141 3175 hoc
2165 3111 2277 3194 ipsum

268 3200 382 3275 postea
403 3190 583 3268 subiiciam,
604 3212 672 3256 non
693 3188 789 3256 modo
800 3191 842 3256 ad
852 3191 975 3258 claram
997 3191 1246 3274 explicationem
1296 3210 1395 3273 agere
1427 3190 1597 3257 Christum
1629 3213 1674 3274 qu
1748 3191 1857 3267 verbis
1888 3191 2044 3272 ostendit,
2078 3204 2112 3261 et
2145 3197 2277 3263 sanmre

269 3275 442 3358 valebunt,
472 3274 529 3344 sed
556 3276 597 3342 ad
624 3276 762 3342 solidam
784 3277 1066 3343 confirmationem
1088 3278 1135 3342 ita
1157 3277 1245 3343 suffi·
1297 3275 1384 3360 quod
1405 3277 1483 3361 agit,
1505 3276 1647 3343 libenter
1664 3277 1797 3361 recipio:
1820 3277 1879 3344 sed
1901 3279 1977 3346 inde
1998 3301 2174 3363 perperam
2192 3283 2277 3348 inle-

269 3364 366 3442 cient,
388 3383 431 3427 ne
453 3365 535 3428 fumi
557 3362 807 3441 calumniarum,
857 3384 917 3429 uas
937 3375 1128 3446 sparserunt
1149 3364 1244 3448 Mag·
1296 3369 1372 3427 rent
1392 3383 1459 3427 non
1481 3384 1550 3429 esse
1568 3365 1772 3446 mysterium,
1796 3366 1848 3430 cui
1866 3365 2065 3431 conveniant
2086 3387 2277 3437 sacraman-

269 3447 505 3533 deburgenses,
532 3448 640 3514 luoem
667 3448 802 3531 posthac
828 3470 847 3513 ο
869 3447 1019 3514 nubilant
1042 3449 1077 3513 in
1097 3449 1243 3515 meridia.
1297 3447 1379 3513 tales
1403 3447 1557 3533 loquendi
1578 3448 1711 3514 formae.
1746 3450 1862 3534 Neque
1883 3451 1911 3516 ei
1934 3452 2099 3519 Dominus
2119 3455 2156 3519 in
2178 3476 2276 3541 para·

355 3533 444 3615 Quia
476 3534 681 3601 contendunt
713 3533 1017 3618 Magdeburgenses
1050 3536 1084 3599 in
1123 3534 1244 3601 literali
1296 3533 1381 3599 bolis
1400 3534 1554 3617 loquutus
1583 3555 1648 3599 uon
1676 3545 1740 3613 est,
1772 3557 1873 3619 quum
1900 3535 2075 3621 discipulos
2103 3538 2283 3608 admonuit

268 3621 443 3686 verborum
465 3620 592 3687 Christi
619 3641 718 3686 sensu
747 3619 948 3684 manendum
973 3626 1045 3699 [pag.
1067 3626 1141 3700 126]
1163 3642 1243 3701 esse,
1296 3617 1337 3684 de
1357 3640 1416 3685 sno
1437 3620 1478 3684 ad
1496 3629 1625 3704 patrem
1642 3640 1789 3699 ascensu,
1812 3621 1885 3688 ideo
1896 3625 2046 3707 sequitur
2066 3645 2191 3707 panem
2208 3649 2280 3694 non

268 3727 388 3790 panem
409 3706 527 3772 volunt
547 3705 667 3789 absque
688 3707 797 3790 figura
805 3705 1065 3771 substantialiter
1085 3726 1156 3772 esse
1172 3729 1243 3774 cor·
1295 3727 1367 3771 esse
1389 3706 1577 3789 symbolum
1598 3707 1751 3789 corporis.

268 3812 339 3874 pus,
364 3799 461 3874 atque
483 3791 632 3857 adhunc
653 3792 852 3858 sententiam
874 3790 1076 3875 probandam
1098 3792 1243 3859 rationes
1382 3791 1423 3856 In
1446 3793 1561 3875 quinta
1581 3793 1711 3858 ratione
1727 3791 1816 3858 idem
1835 3795 1921 3877 quod
1941 3795 2099 3862 haetenus
2120 3798 2278 3866 dixerant

268 3875 428 3960 colligunt
455 3878 573 3962 viginti
601 3887 688 3955 octo,
717 3898 799 3960 quas
819 3875 1051 3943 Fundamenta
1072 3883 1243 3961 vocant')
1295 3897 1411 3944 rursus
1432 3877 1609 3957 inculcant,
1631 3898 1667 3943 se
1691 3879 1798 3946 verbis
1815 3879 2018 3964 simplicibus
2038 3883 2147 3962 inniti,
2170 3907 2277 3970 eaque

259 3960 477 4045 sicquidem
499 3963 604 4028 videri
632 3963 765 4029 volunt:
794 3962 852 4030 sed
873 3961 1121 4045 deprehendent
1132 3966 1156 4044 ¹)
1178 3964 1243 4031 lac-
1295 3984 1459 4048 opponere
1479 3985 1545 4029 non
1564 3964 1736 4030 hominum
1758 3969 1832 4045 [pag.
1856 3973 1927 4045 129]
1945 3967 2043 4032 modo
2064 3968 2122 4035 sed
2141 3972 2274 4056 angelo

268 4056 356 4113 tores
405 4069 468 4114 uae
497 4049 593 4114 initio
622 4058 689 4116 tres
718 4059 936 4114 numerantur
963 4071 1028 4114 non
1056 4049 1119 4116 nisi
1142 4070 1244 4115 unam
1295 4070 1371 4114 rum
1391 4050 1586 4132 sapientiae:
1607 4050 1849 4133 quiaiubemur
1868 4052 1999 4119 coelesti
2019 4056 2152 4121 oraculo
2169 4057 2274 4123 filium

264 4155 347 4200 esse.
425 4134 552 4212 bsecro,
588 4134 666 4218 quid
695 4155 833 4201 numero
858 4134 1103 4219 multiplicando
1130 4136 1244 4201 lucum
1294 4135 1359 4201 Dei
1386 4134 1509 4201 audire.
1534 4136 1716 4221 Maligna,
1744 4160 1805 4205 neo
1833 4139 1941 4205 minus
1970 4140 2119 4225 improbe
2146 4142 2275 4211 Christi

267 4221 374 4286 facere
395 4219 510 4284 iuvat?
553 4219 647 4287 Haec
672 4233 783 4287 autem
813 4242 943 4287 summa
970 4230 1034 4287 est:
1069 4222 1243 4299 sincerum,
1296 4221 1506 4287 autoritatem
1528 4222 1622 4289 nobis
1644 4220 1810 4304 obiiciunt,
1838 4225 1932 4309 quasi
1953 4248 1974 4291 a
1994 4246 2077 4308 pura
2122 4250 2276 4297 ermana-

266 4306 452 4390 proprium,
482 4312 515 4372 et
543 4315 669 4372 certum
697 4307 904 4373 intellectum
932 4307 1033 4372 huius
1054 4318 1243 4373 controver-
1295 4328 1358 4389 que
1390 4307 1461 4372 eius
1494 4308 1643 4374 doctrina
1674 4310 1769 4376 nobis
1802 4310 1854 4376 vel
1884 4313 2058 4377 minimum
2096 4249 2274 4384 deflectere

267 4392 345 4470 siae,
369 4392 565 4477 planamque
588 4402 621 4458 ot
643 4395 773 4459 firmam
796 4392 1061 4460 diiudicationem
1084 4414 1125 4458 ex
1147 4394 1243 4476 ipsis·
1295 4393 1498 4477 propositum
1520 4395 1578 4473 sit,
1605 4396 1660 4477 qui
1682 4417 1750 4461 non
1770 4397 1880 4463 minus
1901 4418 1937 4464 re
1964 4399 2035 4483 ipsa
2062 4419 2196 4483 sempor
2218 4402 2273 4468 da

267 4478 359 4543 simis
381 4477 509 4543 Christi
537 4479 660 4557 verbis,
689 4479 776 4545 claro
804 4487 837 4544 et
864 4479 979 4545 nativo
1006 4499 1119 4544 eorum
1142 4501 1243 4545 sensu
1294 4479 1551 4546 monstravimus
1578 4480 1736 4564 quidquid
1764 4504 1806 4548 ex
1833 4504 1926 4549 sacro
1947 4485 2083 4549 Domini
2111 4506 2170 4551 ore
2198 4510 2274 4574 pru-

266 4563 442 4646 petendam
464 4584 546 4642 esse,
567 4585 635 4629 non
658 4585 699 4628 ex
722 4565 856 4631 arbitrio
878 4575 936 4629 aut
964 4564 1162 4650 glossationa
1184 4565 1243 4631 ho-
1295 4563 1356 4629 diit
1376 4584 1436 4629 nos
1458 4576 1649 4633 reverenter
1670 4568 1835 4650 excipere,
1863 4591 1961 4652 quam
1988 4572 2051 4655 ipsi
2073 4572 2186 4638 verbis
2208 4576 2275 4642 iao-

256 4651 401 4715 minum.
446 4650 493 4715 Et
514 4651 590 4734 quia
610 4649 760 4715 animalis
787 4648 885 4717 homo
906 4673 973 4717 non
1000 4651 1139 4735 percipit
1160 4673 1243 4735 quae
1294 4658 1376 4715 tant
1421 4649 1476 4716 Sit
1497 4673 1577 4737 ergo
1596 4652 1690 4718 nobis
1711 4653 1800 4719 filins
1822 4654 1888 4721 Dei
1908 4657 2029 4741 absque
2048 4663 2275 4728 controversia

263 4734 330 4800 Dei
351 4745 439 4813 sunt,
462 4735 592 4800 etiamsi
613 4736 721 4800 carnis
743 4735 826 4801 ratio
848 4737 992 4803 tenebris
1003 4735 1242 4805 obvolutaeae-
1294 4757 1452 4816 summus,
1474 4738 1730 4821 perfectissimus
1750 4747 1784 4804 et
1799 4741 1916 4808 unicus
1927 4745 2096 4828 magister:
2120 4745 2156 4809 in
2176 4748 2276 4816 cuins

265 4822 375 4899 cutiat,
398 4818 464 4886 fide
486 4843 557 4886 esse
575 4820 888 4904 apprehendendum
908 4823 995 4906 quod
1018 4823 1171 4889 Christus
1192 4823 1241 4888 di·
1294 4821 1443 4888 doctrina
1464 4823 1601 4890 verbnm
1623 4824 1677 4890 vel
1698 4825 1860 4909 syllabam
1887 4836 2016 4894 mutme
2043 4831 2093 4895 ias
2120 4852 2189 4897 non
2218 4835 2274 4902 sit

266 4907 361 4971 sortis
388 4916 422 4971 et
450 4906 631 4990 perspicuis
659 4907 768 4973 verbis
794 4908 930 4973 asserit:
964 4930 1070 4992 neque
1096 4911 1186 4974 enim
1212 4909 1242 4976 si
1293 4905 1362 4974 Sed
1383 4931 1448 4974 non
1469 4910 1607 4994 impedit
1626 4910 1704 4977 fidei
1720 4911 1914 4995 obedientia,
1935 4935 2001 4997 quo
2022 4917 2133 4983 minus
2154 4916 2200 4984 ad
2220 4942 2275 4988 sa·

1292 5015 1371 5060 nam
1406 4995 1580 5062 verborum
1613 4998 1684 5064 aius
1719 4998 1972 5085 intelligentiam
2004 5004 2122 5068 attenti
2154 5006 2272 5074 umus

201 5093 205 5105 ·
333 5112 362 5173 .)
387 5110 454 5165 W
472 5108 663 5177 mmm
679 5129 699 5166 a
722 5110 877 5178 „mm
893 5111 983 5167 aaa,
999 5114 1028 5167 c·
1046 5111 1065 5166 4
1080 5128 1151 5186 m
1293 5078 1403 5161 Quam
1417 5081 1528 5182 ‘multi
1554 5082 1644 5184 anim
1670 5091 1804 5186 exstant
1829 5086 1899 5152 dus
1920 5107 2101 5168 sermones,
2128 5112 2273 5174 qnorum

258 5189 261 5194 ·
334 5176 363 5244 1)
381 5177 587 5247 deprehendunt
603 5180 680 5236 Besa
697 5187 723 5236 at
739 5182 826 5235 Amet.
844 5180 1029 5250 adstipulante
1049 5181 1136 5239 Galla
1292 5186 1361 5232 non
1382 5165 1478 5234 aliter
1498 5168 1621 5234 lomim·
1640 5181 1810 5255 asperti-as,
1825 5173 2166 5256 quameosdexlrccb
2181 5201 2272 5247 oom-
