4748 5798
210 232 273 296 sao
469 241 471 246 ⁴
1042 222 1325 292 ensrousuu
1626 312 1628 315 Ι
2142 228 2207 292 aro

210 417 288 504 (Isa.
314 422 364 492 42,
390 415 435 501 8).
485 416 554 482 Nee
581 437 660 480 vero
688 415 807 480 summi
834 412 944 478 iudicii
970 418 1114 495 potestas
1143 414 1180 477 in
1231 412 1469 490 manifestatus,
1493 420 1527 477 et
1546 412 1582 478 id
1604 411 1644 477 de
1664 421 1734 477 tota
1750 432 1891 497 persona
1907 412 2098 496 praedicuri.
2143 415 2206 480 At·
2247 406 2249 412 ’

210 502 390 567 humanam
411 509 563 566 naturam
586 500 756 565 transferri
777 500 891 582 potuit,
925 500 1005 582 quin
1028 519 1087 562 suo
1107 499 1180 562 iure
1231 498 1287 579 qui
1308 498 1388 564 haee
1409 507 1523 562 mutue
1549 498 1637 563 inter
1658 520 1693 564 ae
1718 499 1887 582 coniungit
1915 500 2076 582 propheta
2100 500 2205 585 (Psal.

209 586 302 653 Deus
325 609 359 653 se
386 586 549 671 spoliaret.
600 584 733 668 Optime
760 593 872 651 autem
898 584 1050 650 convenit
1071 584 1181 649 Deum
1235 587 1304 661 110,
1327 588 1368 665 1),
1390 581 1575 648 Dominum
1603 591 1637 648 et
1666 605 1777 669 regem
1801 604 1872 650 θεεθ
1890 593 2034 650 creatum
2064 585 2122 667 qui
2152 605 2204 652 εθ-

209 673 366 738 incarne
389 673 633 737 manifestatum
655 672 690 736 in
711 693 777 736 una
799 670 925 737 Christi
948 690 1100 752 persona,
1129 691 1180 734 se·
1232 667 1307 733 deat
1328 669 1363 733 in
1385 665 1502 733 dextra
1523 670 1634 752 patris,
1657 678 1691 735 et
1710 670 1911 736 sacerdotem
1933 671 2089 736 ecclesiae
2110 692 2207 755 prae·

209 758 352 824 cundum
374 766 546 840 utramque
568 764 721 821 naturam
734 756 760 841 ¹)
782 777 854 821 esse
875 756 1043 821 etcenseri
1066 755 1180 819 mundi
1232 754 1361 819 fectum.
1406 754 1476 819 Nae
1498 755 1598 819 etiam
1627 756 1776 821 omittere
1803 757 1837 820 in
1866 756 1927 822 hae
1954 776 2052 822 eausa
2076 758 2126 822 fas
2155 764 2207 823 est

208 843 358 909 iudicem.
403 842 470 908 Sed
492 865 559 916 non
581 841 711 907 aliunde
734 843 853 907 certior
872 841 1015 924 petenda
1036 849 1095 919 est,
1123 846 1181 905 aut
1231 838 1314 904 illud
1335 840 1438 917 Petri,
1461 839 1586 905 Christi
1608 842 1725 923 spiritu
1746 842 1897 924 loquutus
1918 842 1997 907 olim
2020 863 2091 908 esse
2111 864 2206 908 sane·

208 931 314 1014 magis
335 929 440 994 solida
461 928 558 994 huius
580 929 628 992 rei
650 926 796 1011 probatio
818 948 915 1011 quam
927 927 968 991 ab
989 926 1094 992 officio
1111 947 1180 990 me·
1233 933 1282 989 tos
1309 925 1485 1008 prophetas
1511 927 1540 1008 (1
1565 927 1702 1004 Petnl,
1726 927 1795 1010 10),
1825 932 1898 1006 [pag.
1921 933 1994 1007 105]
2028 930 2105 1011 quia
2137 929 2206 996 illie

209 1013 351 1080 diatoris.
383 1015 555 1080 Haceuim
577 1014 649 1098 lege
666 1012 871 1078 descendite
892 1020 993 1097 patre,
1016 1020 1180 1077 etmunus
1232 1031 1300 1074 non
1321 1020 1450 1076 tantum
1473 1009 1513 1075 de
1535 1011 1635 1077 verbo
1657 1024 1790 1078 aeterno
1846 1014 1919 1092 tur,
1941 1014 1999 1079 sed
2022 1012 2062 1080 de
2081 1013 2207 1081 media¹

209 1100 270 1167 hoc
292 1101 449 1183 suscepit,
475 1113 511 1163 ιιῖ
533 1101 634 1164 vitam
658 1099 794 1164 haberet
814 1099 850 1163 in
872 1121 906 1163 se
928 1100 999 1180 ipso
1017 1099 1101 1164 sicut
1121 1118 1180 1180 pa·
1232 1097 1312 1162 toris
1334 1097 1454 1162 officio:
1479 1098 1582 1180 quisi
1604 1097 1750 1162 nondum
1778 1099 1812 1163 in
1837 1108 1914 1164 otus
1942 1120 2041 1165 carne
2062 1101 2207 1184 prophe-

208 1192 260 1249 ter
283 1186 408 1267 (Ioann.
430 1190 457 1264 5,
478 1188 542 1266 26),
566 1207 608 1250 ne
630 1185 744 1268 procul
766 1185 860 1251 nobis
882 1182 1068 1268 quaerenda
1087 1191 1180 1248 θεεθῖ.
1232 1191 1284 1246 tas
1305 1202 1364 1247 suo
1387 1183 1504 1265 spiritu
1526 1182 1738 1267 gubernavit,
1768 1186 1917 1268 sequitur
1943 1186 1979 1249 in
2007 1185 2069 1252 hae
2090 1185 2207 1253 eadem

208 1272 311 1336 Porro
331 1280 469 1335 naturae
491 1272 653 1335 humanae
672 1269 812 1336 adscribi
832 1269 867 1335 id
888 1278 976 1335 recte
998 1291 1065 1334 non
1087 1289 1180 1352 posse
1231 1288 1371 1350 persona
1387 1266 1591 1334 divinitatem
1613 1269 1853 1353 comprehendi.
2260 1334 2265 1342 ,

209 1352 421 1439 conspicuum
442 1358 591 1421 omnibus
614 1365 671 1421 est.
716 1357 788 1421 Iam
811 1355 970 1437 quomodo
994 1355 1180 1420 mediatoris
1318 1354 1405 1418 Vere
1428 1354 1525 1418 etiam
1549 1354 1669 1420 dicitur
1695 1377 1823 1435 omnes,
1852 1357 1969 1439 quibus
1997 1357 2038 1422 ad
2059 1358 2207 1423 reconci-

207 1450 317 1525 partes
338 1442 490 1524 impleret
517 1443 572 1525 qui
594 1442 786 1508 subsisteret
812 1441 899 1506 infra
921 1441 1103 1524 angelicum
1127 1461 1179 1504 or·
1231 1438 1377 1503 liandum
1398 1439 1615 1506 nobisDeum
1636 1443 1769 1508 functus
1792 1453 1851 1522 θεῖ,
1872 1444 2016 1509 actiones
2038 1443 2079 1508 ad
2102 1451 2208 1510 totam

208 1526 341 1592 dinem?
371 1528 455 1611 quod
479 1527 659 1593 denatura
686 1527 832 1592 humana
857 1548 918 1610 per
940 1548 974 1593 εθ
996 1526 1180 1610 intelligere
1231 1545 1404 1606 personam
1426 1535 1604 1607 spectasse,
1634 1536 1764 1593 utnon
1792 1527 1931 1594 debeant
1959 1529 2138 1612 separatim
2164 1529 2207 1595 ad

208 1635 340 1678 necesse
362 1619 421 1679 est.
1053 1682 1055 1687 ,
1232 1631 1331 1674 unam
1354 1617 1483 1676 tantum
1505 1620 1655 1677 naturam
1680 1614 1844 1698 restringi.
1879 1612 2076 1697 Quanquam
2099 1636 2206 1681 neca·

294 1698 348 1763 Ad
366 1698 454 1776 haec,
473 1699 559 1763 sicut
569 1699 783 1764 ratiocinatur
805 1698 978 1781 apostolus,
1000 1696 1181 1775 Christum,
1232 1695 1321 1760 villis
1342 1696 1485 1760 obnoxia
1507 1696 1550 1761 sit
1572 1697 1653 1764 haec
1673 1701 1846 1778 sententia,
1868 1700 1961 1764 utilis
1983 1701 2054 1764 erit
2068 1699 2206 1767 distinc-

208 1793 246 1849 ut
268 1784 360 1849 nobis
382 1798 469 1849 esset
490 1786 600 1863 frater,
623 1785 804 1866 oportuisse
816 1784 888 1849 lieri
905 1783 1098 1868 participem
1110 1806 1180 1848 car·
1232 1783 1292 1846 tio:
1320 1782 1479 1864 quasdam
1500 1784 1643 1848 actiones
1667 1805 1726 1866 per
1746 1807 1781 1851 εθ
1803 1792 1956 1851 naturam
1978 1807 2079 1851 unam
2102 1787 2206 1870 respi-

209 1871 260 1935 nis
281 1883 410 1935 nestrae
432 1882 464 1935 θῖ
486 1871 656 1954 sanguinis
679 1870 795 1955 (Hebr.
814 1874 845 1949 2,
867 1869 934 1968 17):
968 1871 1014 1934 ita
1035 1869 1181 1936 vicissim
1232 1889 1321 1945 cere,
1355 1888 1440 1950 quae
1469 1877 1579 1933 tamen
1608 1879 1740 1953 propter
1766 1881 2020 1955 consequentem
2052 1872 2207 1942 effectum

208 1955 416 2021 statuendum
445 1966 495 2020 est
516 1956 630 2021 eadem
659 1978 732 2020 cum
760 1965 853 2038 patre
881 1953 1053 2019 divinitate
1074 1955 1181 2020 fuisse
1232 1952 1403 2018 ambarum
1425 1961 1504 2018 sunt
1524 1976 1723 2022 communes.
1757 1957 1843 2022 Nam
1865 1958 1957 2036 mori,
1979 1959 2131 2040 quamvis
2148 1979 2206 2022 na·

207 2041 390 2125 praeditum
409 2053 447 2104 ut
469 2042 536 2106 dux
557 2043 652 2106 nobis
664 2064 701 2106 ac
720 2040 860 2124 director
883 2050 968 2106 esset
979 2041 1020 2104 ad
1037 2048 1179 2123 patrem:
1233 2050 1326 2102 turae
1348 2039 1512 2103 humanae
1532 2041 1696 2122 peculiare
1718 2043 1769 2119 sit,
1781 2044 1821 2107 si
1832 2051 1942 2108 tamen
1961 2042 2206 2108 consideramus

207 2126 292 2209 quod
311 2129 440 2210 proprie
461 2127 649 2192 mediatoris
660 2128 764 2193 efficio
786 2128 946 2192 convenit.
980 2123 1087 2191 Sicuti
1098 2127 1180 2191 alias
1231 2124 1309 2207 quid
1332 2123 1414 2187 illud
1442 2126 1580 2208 apostoli
1609 2128 1703 2192 velit:
1732 2129 1902 2212 Sanguine
1925 2128 2051 2194 Christi
2071 2131 2206 2213 purgari

208 2233 335 2295 quoque
357 2214 427 2277 eius
449 2223 557 2294 partes
584 2212 720 2295 implere
747 2234 812 2278 uon
834 2213 955 2296 potuit,
981 2212 1047 2277 nisi
1069 2211 1181 2277 divina
1232 2220 1359 2274 nostras
1387 2212 1616 2292 conscientias,
1651 2215 1728 2295 quia
1755 2235 1790 2279 se
1820 2235 1879 2297 par
1906 2215 2059 2297 spiritum
2088 2216 2207 2280 obtulit

209 2319 268 2363 sua
291 2300 420 2363 virtute.
454 2299 541 2362 Nam
563 2309 704 2362 mortem
724 2308 758 2363 et
779 2297 943 2363 diabolum
967 2299 1096 2363 vincere
1114 2318 1181 2362 non
1232 2295 1491 2380 (Hebr.9,14):
1525 2297 1562 2361 in
1584 2308 1688 2364 morte
1715 2301 1786 2382 ipsa
1813 2322 1880 2365 non
1902 2301 2129 2384 separabimus
2149 2324 2206 2367 na·

209 2384 270 2448 fuit
293 2384 448 2448 hominis:
479 2384 700 2465 iustitiamque
723 2385 899 2466 acquirere,
928 2385 1030 2449 vitam
1053 2384 1179 2461 afferre,
1233 2391 1338 2445 turas:
1368 2382 1444 2463 quia
1470 2383 1611 2465 expiatio
1640 2406 1660 2448 a
1686 2385 1754 2450 sole
1785 2387 1917 2451 homine
1944 2387 2106 2469 praestari
2140 2409 2207 2452 non

209 2475 283 2548 [pag.
306 2475 379 2547 104]
409 2480 442 2533 θῖ
470 2491 680 2551 quaecunque
708 2468 748 2534 ab
770 2470 841 2551 ipso
863 2469 1019 2535 beneficia
1040 2470 1180 2553 percipi·
1232 2467 1353 2549 potuit,
1384 2468 1449 2532 nisi
1477 2469 1651 2534 coniuncta
1683 2480 1770 2535 esset
1801 2472 1853 2537 vis
1888 2471 2007 2543 diuina.
2059 2471 2206 2552 Quodsi

208 2577 281 2619 mus
304 2565 468 2635 praestare
491 2578 554 2618 non
578 2562 706 2637 peterat
727 2556 814 2620 solus
836 2556 942 2620 homo.
1232 2553 1304 2616 iure
1326 2562 1359 2616 et
1381 2565 1455 2634 apte
1476 2554 1599 2638 colligit
1617 2556 1790 2639 apostolus,
1812 2558 1982 2622 Christum
1994 2578 2064 2623 θεεθ
2082 2559 2207 2624 media·

293 2640 367 2704 Hoc
388 2640 472 2706 idem
497 2640 538 2704 ad
561 2641 778 2707 sacerdotium
800 2642 957 2724 pertinet:
982 2639 1068 2722 quod
1090 2641 1179 2705 obire
1232 2645 1337 2703 torem
1358 2639 1434 2704 novi
1456 2642 1653 2720 testamenti,
1676 2644 1751 2723 quia
1772 2664 1807 2707 se
1829 2642 1946 2707 obtulit
1967 2644 2207 2727 perspiritum,

209 2749 275 2790 non
298 2726 410 2808 potuit,
435 2726 512 2807 quin
535 2733 724 2809 penetraret
734 2724 776 2790 ad
793 2727 931 2792 coeleste
948 2727 1179 2792 sanctuarium.
1232 2725 1378 2804 sequitur
1400 2734 1538 2789 mertem
1561 2728 1631 2793 eius
1652 2726 1724 2792 ideo
1744 2729 1958 2810 expiatoriam
1976 2730 2076 2802 fuisse
2093 2740 2208 2811 quate-

208 2811 320 2892 Quare
342 2812 515 2894 apostolus,
538 2824 577 2876 ut
598 2834 674 2877 eum
688 2813 811 2895 probet
828 2813 1013 2896 legitimum
1034 2832 1106 2877 esse
1127 2833 1179 2876 sa·
1231 2831 1295 2874 nus
1323 2810 1513 2894 unigenitus
1536 2811 1602 2877 Dei
1628 2814 1715 2878 filius
1744 2823 1831 2890 erat,
1860 2821 1894 2879 et
1923 2814 2065 2878 humano
2093 2817 2208 2898 generi

208 2895 380 2973 cerdotem,
405 2898 628 2961 testimonium
650 2897 733 2962 illud
746 2896 891 2964 adducit:
914 2899 1002 2962 filius
1023 2919 1116 2963 meus
1134 2919 1178 2976 es,
1232 2895 1327 2960 datus
1345 2894 1541 2979 redempter.
1574 2898 1627 2963 Ita
1645 2898 1727 2964 nihil
1737 2899 1900 2982 impediet,
1920 2902 2098 2983 quominus
2116 2902 2210 2968 salvs

209 3003 268 3066 ego
290 2981 386 3047 hodie
407 2985 507 3066 genui
538 2993 570 3048 ῖθ
598 2984 715 3066 (Hebr.
738 2988 764 3063 l,
785 2989 803 3047 5
823 2995 856 3048 et
875 2990 903 3064 5,
923 2988 957 3063 6;
979 2984 1066 3050 Psal.
1087 2986 1116 3062 2,
1135 2984 1179 3066 7).
1232 2983 1347 3063 cuique
1369 2990 1507 3047 naturae
1535 2999 1668 3050 maneat
1694 3007 1753 3051 sua
1779 2988 1975 3068 proprietas,
2005 3007 2066 3052 uec
2093 3007 2208 3052 earum

209 3068 282 3149 Quo
312 3068 398 3134 clare
433 3070 577 3134 ostendit
612 3070 779 3135 neminem
807 3070 883 3137 huie
910 3071 1038 3135 muneri
1066 3089 1180 3152 parem
1233 3068 1482 3133 communicatio
1504 3090 1579 3134 cum
1601 3069 1810 3137 distinctione
1832 3071 1999 3154 pugnabit.

209 3168 242 3219 et
264 3154 417 3219 idoneum
440 3176 511 3219 esse
534 3155 656 3237 absque
674 3155 853 3223 divinitate.
888 3153 988 3221 Certa
1005 3156 1181 3220 enimcon·
1318 3150 1508 3218 Absurdum
1535 3175 1627 3235 vero,
1656 3177 1719 3238 quo
1746 3156 1831 3223 hanc
1858 3157 2038 3222 doctrinam
2067 3178 2210 3240 gravare

207 3241 429 3322 sequutieest:
454 3238 493 3306 Si
510 3241 582 3306 ideo
602 3241 752 3307 sacerdes
773 3249 824 3306 est
834 3241 995 3319 Christus,
1017 3241 1181 3324 quiauni-
1232 3238 1351 3304 nititur
1369 3237 1558 3320 Stanearus,
1581 3242 1709 3306 nullum
1728 3251 1792 3308 est:
1815 3242 1985 3308 Christum
2007 3241 2135 3309 scilicet
2151 3266 2211 3328 pa·

209 3327 338 3410 genitus
360 3326 448 3392 filius
465 3327 539 3406 Dei,
563 3349 694 3392 rursum
715 3327 804 3392 filius
815 3328 879 3392 Dei
900 3349 967 3392 nen
989 3333 1038 3393 est
1059 3326 1181 3408 absque
1232 3331 1283 3388 tre
1312 3326 1381 3388 fere
1409 3326 1585 3406 minorem,
1621 3328 1649 3393 si
1675 3326 1858 3394 secundum
1887 3328 2092 3394 divinitatem
2121 3330 2211 3413 apud

209 3412 388 3477 divinitatis
410 3422 575 3494 respectu,
606 3413 743 3479 eandem
771 3413 977 3479 divinitatem
999 3411 1181 3479 necessario
1232 3431 1308 3474 eum
1329 3410 1524 3476 intercedat:
1549 3413 1627 3495 quia
1647 3435 1714 3478 nen
1736 3412 1863 3478 dubitat
1874 3414 2027 3479 Christus
2038 3414 2112 3497 ipse
2130 3437 2211 3499 quo·

209 3499 329 3580 requiri
353 3499 388 3562 in
413 3497 584 3564 sacerdotii
607 3499 739 3564 honore.
782 3500 899 3581 Itaque
921 3522 962 3564 ex
984 3520 1046 3581 quo
1068 3518 1089 3562 a
1109 3499 1181 3563 Deo
1233 3496 1294 3560 ties
1324 3494 1511 3562 mediatoris
1538 3519 1711 3581 personam
1739 3501 1892 3577 sustinet,
1929 3501 2077 3582 patriae
2106 3502 2211 3567 subii·

172 3585 173 3589 ’
208 3605 267 3666 per
289 3582 501 3650 defectionem
525 3586 686 3650 alienatus
708 3591 758 3650 est
786 3584 904 3663 Adam,
933 3593 971 3648 ut
993 3582 1182 3650 reconcilia·
1233 3602 1320 3646 cere:
1343 3602 1410 3645 non
1432 3583 1517 3664 qued
1540 3582 1696 3649 divinitas
1718 3587 1788 3651 eius
1810 3586 1949 3669 gradum
1970 3607 2068 3651 suum
2090 3587 2213 3654 amise-

207 3671 295 3735 tiene
317 3691 397 3752 opus
419 3680 519 3749 esset,
549 3670 796 3753 praeordinatus
818 3670 880 3734 fuit
899 3669 1053 3736 Christus
1075 3689 1182 3734 sacer·
1233 3667 1286 3744 rit,
1310 3665 1389 3731 dum
1411 3687 1509 3732 carne
1536 3670 1598 3734 fuit
1619 3671 1751 3735 vestita:
1785 3672 1842 3736 sed
1864 3673 1941 3753 quia
1962 3692 1997 3737 εθ
2019 3670 2117 3737 aliter
2138 3695 2209 3739 me-

209 3753 282 3820 dos:
301 3763 339 3819 ut
350 3776 409 3838 per
419 3756 527 3839 ipsum
541 3778 691 3823 accessus
709 3757 848 3821 vetustis
860 3756 1007 3838 patribus
1019 3755 1061 3820 ad
1072 3755 1181 3820 Deum
1233 3751 1325 3816 dium
1344 3751 1432 3817 inter
1459 3774 1519 3819 nes
1547 3763 1580 3820 et
1606 3762 1733 3839 patrem
1760 3758 1966 3841 interponere
1993 3777 2061 3821 non
2088 3760 2209 3840 potuit,

208 3849 343 3925 pateret.
397 3843 443 3906 Et
475 3843 548 3908 ideo
580 3849 716 3909 vocatur
748 3841 898 3908 sacerdes
929 3841 965 3906 in
997 3849 1180 3906 aeternnm:
1232 3839 1312 3921 quin
1338 3837 1587 3924 dispensationis
1618 3841 1731 3906 ordine
1759 3863 1859 3925 supra
1884 3845 1990 3926 ipsam
2017 3841 2210 3910 mediatoris

209 3927 378 4009 quianon
406 3928 598 4011 simpliciter
627 3950 668 3994 ex
697 3928 885 3993 hominibus
913 3934 1101 4010 assumptus
1122 3933 1181 4004 est,
1231 3942 1406 4006 personam
1433 3926 1592 3992 emineret
1622 3928 1725 4011 patris
1757 3929 1870 4012 gloria.
1926 3933 2000 4008 [pag.
2029 3935 2103 4008 106]
2138 3930 2210 3998 Νθθ

210 4011 268 4078 sed
299 4013 401 4095 patria
434 4012 563 4079 decreto
594 4014 636 4078 ad
671 4012 835 4097 expianda
858 4020 990 4096 peccata
1017 4012 1182 4078 hominem
1232 4031 1310 4076 vero
1339 4008 1424 4093 quod
1456 4013 1652 4095 pronunciat
1679 4011 1831 4080 Christus
1862 4035 1898 4080 se
1925 4022 2018 4096 patre
2043 4016 2210 4083 minorem

210 4098 395 4180 assumpsit.
428 4099 578 4183 Denique
600 4100 664 4166 nisi
686 4101 799 4166 fuisset
821 4098 1002 4165 declaratus
1018 4099 1107 4163 filins
1117 4097 1182 4163 Dei
1232 4116 1303 4162 θεεθ
1322 4095 1449 4179 (Ioann.
1472 4102 1519 4178 14,
1539 4102 1611 4183 28),
1640 4100 1686 4165 sie
1708 4098 1748 4166 de
1772 4100 1974 4166 humanitate
1995 4099 2209 4184 intelligitur,

209 4184 247 4249 in
276 4182 398 4249 virtute
429 4185 537 4266 (Rem.
561 4192 587 4260 1,
606 4187 658 4270 4),
693 4207 799 4269 neque
827 4185 988 4251 mediator
1012 4183 1183 4250 habendus
1232 4183 1311 4264 quin
1333 4180 1375 4247 ad
1397 4192 1680 4268 tetempersonam
1702 4208 1718 4250 s
1741 4192 1835 4252 cetat.
1868 4186 1982 4269 Neque
2004 4186 2096 4272 enim
2113 4208 2211 4254 suam

210 4277 304 4337 θεεθῖ.
367 4267 466 4349 Quod
505 4272 533 4335 si
566 4271 646 4337 haec
675 4269 846 4339 individuo
877 4293 965 4336 nexu
999 4270 1184 4349 cohaerent,
1234 4268 1474 4334 humanitatem
1493 4289 1570 4336 oum
1590 4272 1694 4353 patris
1711 4207 1884 4338 tlivinitate
1901 4272 2040 4337 confert:
2063 4271 2122 4337 sed
2139 4283 2210 4340 sta·

209 4356 316 4421 filium
342 4356 406 4419 Dei
440 4376 510 4420 θεεθ
543 4356 769 4436 mediatorem,
803 4365 899 4423 extra
928 4357 1182 4423 controversiam
1233 4361 1305 4419 tum
1326 4366 1535 4438 praesentem
1562 4378 1636 4424 cum
1658 4358 1783 4436 futuro,
1809 4359 1847 4422 in
1875 4376 1939 4441 quo
1966 4357 2210 4425 manifestanda

210 4451 318 4506 autem
341 4453 392 4506 est
413 4442 581 4523 utriusque
603 4451 739 4509 naturae
761 4451 911 4527 respectu
922 4441 1093 4509 Christum
1111 4462 1182 4506 esse
1233 4441 1375 4523 perfecte
1394 4451 1465 4505 erat
1478 4445 1502 4525 ¹)
1525 4440 1708 4508 divinitatis
1730 4463 1808 4508 suae
1825 4443 1937 4528 gloria
1971 4443 2058 4509 Nam
2077 4444 2209 4528 subpo·

210 4526 274 4591 Dei
302 4526 421 4591 filium:
456 4525 532 4591 inde
562 4534 595 4591 et
622 4529 761 4594 alterum
788 4528 972 4607 conficitur,
1001 4526 1183 4595 divinitatis
1233 4526 1294 4590 tris
1316 4527 1448 4591 nomine
1469 4527 1523 4593 hic
1544 4536 1678 4593 notatur
1701 4536 1772 4594 tota
1793 4528 1958 4607 divinitas,
1980 4529 2073 4595 cuius
2102 4530 2209 4613 pleni·

209 4615 337 4678 ratione
357 4633 424 4678 non
445 4613 555 4678 minus
572 4634 670 4695 quam
681 4626 820 4681 naturae
839 4613 1004 4680 humanae
1026 4633 1096 4679 ease
1113 4633 1183 4678 me-
1234 4611 1313 4676 tudo
1334 4611 1370 4676 in
1387 4610 1520 4680 Christo
1543 4612 1671 4679 habitat
1693 4613 1775 4696 (Col.
1799 4619 1825 4694 l,
1849 4620 1886 4679 19
1905 4626 1939 4681 et
1957 4621 1986 4693 2,
2007 4615 2057 4697 9):
2080 4623 2119 4681 ut
2140 4637 2208 4682 non

210 4698 377 4765 diatorem.
1233 4705 1365 4762 tantum
1391 4698 1533 4764 tenenda
1560 4700 1603 4765 sit
1635 4698 1801 4766 distinctio
1828 4702 1915 4765 inter
1948 4703 2051 4784 patris
2084 4710 2118 4767 et
2148 4701 2208 4767 filii

295 4785 473 4850 Praeterea
498 4804 594 4850 nemo
628 4805 727 4850 sanus
761 4785 896 4870 negabit
927 4783 1041 4851 sedere
1073 4785 1182 4868 ipsum
1232 4803 1404 4866 personas,
1432 4784 1490 4849 sed
1517 4782 1708 4851 admirabile
1734 4785 1818 4851 illud
1839 4787 1904 4851 Dei
1925 4786 2115 4867 eonsilium,
2142 4807 2215 4870 quo

212 4868 253 4934 ad
280 4873 383 4953 patris
411 4871 598 4948 dexteram,
631 4877 794 4951 quatenus
821 4872 914 4938 Deus
942 4877 993 4937 est
1019 4870 1056 4935 in
1083 4890 1182 4935 carne
1232 4870 1354 4935 factum
1376 4876 1427 4934 θεῖ
1448 4879 1485 4936 ut
1505 4870 1593 4936 filius
1615 4870 1678 4935 Dei
1707 4873 1897 4956 unigenitus
1924 4872 1965 4941 ad
1993 4893 2053 4939 nes
2074 4872 2213 4939 descen-

281 5140 310 5201 1)
332 5141 422 5199 Cedea
438 5146 483 5201 laic
501 5145 608 5199 inserit:
626 5157 763 5199 summum.
1302 5143 1332 5211 1)
1351 5152 1410 5199 erat
1426 5143 1562 5214 perfectae
1583 5142 1647 5199 θεά.
