4590 5858
110 256 173 318 857
923 251 1288 320 PRAEFATIONES.
2033 256 2096 319 858

109 443 253 509 Domino
281 443 530 508 commonefieri.
573 442 649 508 Huc
670 449 798 507 mentes
820 462 895 509 suas
916 442 1079 526 applicent
1127 443 1319 525 sperationis
1335 443 1459 526 laqueis
1476 442 1645 526 implicuit,
1658 440 1760 510 donec
1778 441 1888 508 deliris
1905 441 2097 526 speculatio-

110 549 148 594 ao
169 528 287 594 sistant
305 527 393 594 Galli
414 528 528 607 nostri,
550 529 607 611 qui
628 528 707 593 levit
694 536 760 594 tate
781 549 841 594 sua
857 548 957 628 supra
976 528 1078 594 nubes
1129 528 1224 593 nibus
1250 549 1319 593 non
1348 550 1440 595 secus
1468 550 1506 595 ao
1533 528 1674 607 belluae,
1707 528 1785 593 dum
1817 528 1922 612 plagis
1953 529 2097 592 irretitae

109 614 196 694 oleti,
217 614 259 679 ad
280 614 417 697 profana
436 579 603 698 religionis
623 612 763 679 ludibria
781 614 856 698 plus
877 615 964 714 iusto
985 635 1078 679 ιιιιι-
1127 615 1250 679 frustra
1285 612 1472 695 luctantur,
1511 635 1546 681 se
1584 615 1694 697 ipsum
1731 615 1832 681 miser
1869 613 2096 698 strangularet

109 707 232 767 escunt.
277 699 354 764 Huc
375 720 471 764 aures
493 699 642 784 arrigunt
664 699 837 778 Germani,
859 700 916 783 qui
937 699 972 764 in
994 699 1078 765 iudi·
1129 697 1242 780 Quum
1276 720 1353 799 ergo
1374 701 1538 783 specimen
1571 701 1614 764 ιιι
1634 698 1736 766 dlrini
1756 699 1881 777 iudicii,
1915 709 1949 764 et
1980 700 2098 764 aetatis

109 785 168 851 ciis
189 783 255 851 Dei
276 785 575 883 animadvertendis
596 785 735 851 antehac
757 751 842 851 tardi
863 784 944 850 adeo
966 795 999 850 et
1020 785 1078 850 he-
1128 784 1227 850 huius
1252 786 1369 851 notitia
1396 794 1429 850 et
1456 786 1654 869 posteritatis
1675 786 1830 851 memoria
1851 751 2000 869 dignum,
2027 784 2096 867 ple·

108 871 213 950 botes,
241 891 329 936 nunc
356 870 391 934 in
415 871 570 936 extremis
592 872 659 936 suis
680 870 775 935 malis
796 870 977 936 humanum
999 892 1078 954 quo·
1130 872 1196 936 cuit
1224 870 1294 936 eius
1323 871 1493 957 historiam
1521 872 1561 937 ab
1589 870 1721 936 homine
1749 870 1875 936 erudito
1907 878 1939 935 et
1976 869 2098 935 diserto

108 977 171 1041 que
192 977 326 1022 sensum
347 955 500 1022 videntur
520 958 658 1022 exuisse
701 957 841 1023 Disoant
861 958 959 1022 etiam
976 955 1079 1041 Angli
1130 967 1195 1039 que
1217 955 1352 1021 decebat
1372 956 1437 1021 fide
1458 950 1683 1056 compositam,
1704 957 1740 1021 in
1760 957 1924 1055 publicum
1946 955 2098 1040 vulgare:

109 1050 142 1108 et
164 1040 227 1122 elii,
251 1050 373 1125 quauta
394 1041 593 1120 reverentia,
616 1052 650 1107 et
670 1064 806 1125 quems
790 1041 928 1108 sollicite
949 1042 1078 1109 illuces·
1129 1062 1170 1106 ne
1191 1041 1312 1125 partim
1333 1043 1469 1122 incuria,
1491 1043 1611 1125 partim
1633 1042 1788 1119 socordia,
1810 1042 1930 1124 partim
1948 1040 2098 1125 maligni-

108 1136 234 1193 oentem
257 1127 319 1192 sibi
340 1126 510 1193 Christum
530 1129 679 1210 excipere
701 1126 849 1193 debeant
885 1126 965 1193 Sive
986 1127 1079 1193 blan·
1130 1135 1196 1191 tate
1224 1126 1393 1192 homiuum
1421 1127 1638 1194 intercideret
1683 1127 1769 1192 Nam
1798 1149 1879 1211 quae
1900 1127 1990 1209 prius
2012 1126 2100 1192 edita

109 1211 197 1279 ditiis
222 1212 396 1296 pellectus,
424 1214 494 1279 eive
521 1220 646 1278 terrore
672 1211 807 1279 adactus
840 1213 939 1278 fuerit
964 1213 1079 1279 infelix
1129 1213 1261 1277 fuerunt
1248 1220 1390 1295 tqunm
1406 1214 1516 1278 minus
1535 1213 1712 1296 prudenter
1733 1221 1887 1297 congesto
1903 1233 1974 1278 esse
1996 1213 2100 1277 cuivis

108 1296 222 1382 Spera,
245 1298 287 1364 ad
309 1298 497 1364 eiurandam
515 1298 579 1364 Dei
600 1300 774 1368 veritatem
795 1319 894 1398 quam
913 1300 1079 1364 confessus
1129 1297 1237 1381 palem
1261 1263 1317 1377 iit,
1347 1308 1507 1381 quantum
1535 1299 1709 1365 lectoribus
1729 1299 1902 1398 profutura
1923 1299 2002 1376 sint,
2032 1319 2098 1362 non
2174 1338 2176 1341 -

108 1385 228 1450 fuerat:
257 1382 382 1466 insigni
404 1381 596 1449 documento
616 1393 682 1464 est,
710 1404 777 1450 nou
798 1383 892 1467 parri
914 1384 1080 1449 aestimari
1130 1382 1234 1482 video.
1268 1384 1430 1451 Dominus
1448 1384 1571 1450 Iesus
1562 1407 1596 1449 m
1618 1393 1707 1450 recta
1728 1384 1916 1466 sinceraque
1937 1382 2100 1484 euangelii

109 1469 197 1553 opud
219 1468 284 1534 Dei
305 1469 465 1546 tribunal,
493 1489 576 1552 quae
597 1470 691 1535 nobis
718 1478 786 1534 tam
807 1469 884 1535 vilis
912 1479 977 1549 est,
1005 1470 1078 1552 piae
1130 1469 1181 1533 sui
1202 1467 1280 1547 fide,
1304 1469 1401 1534 corda
1422 1482 1534 1535 nostra
1554 1471 1738 1549 confirmet,
1760 1490 1798 1536 ao
1816 1469 1975 1554 linguas
1966 1491 2001 1533 ιιι
2023 1489 2099 1535 oon·

109 1564 143 1620 et
176 1553 329 1620 salutaris
362 1519 528 1621 doctrinae
560 1554 803 1621 confessionem.
862 1554 949 1619 Nam
980 1553 1079 1619 simul
1130 1553 1232 1619 stanti
1265 1555 1335 1620 eius
1367 1556 1569 1622 confessione
1606 1556 1760 1633 retineat,
1792 1563 1829 1619 ut
1861 1574 1948 1619 nuno
1974 1553 2100 1638 angelis

108 1662 147 1706 ao
168 1661 201 1705 se
223 1639 338 1705 abduci
360 1637 410 1704 ad
419 1638 577 1724 perfidam
594 1640 684 1705 illam
704 1639 956 1705 simulationem
954 1655 1079 1723 passus
1129 1639 1355 1718 concinentes,
1389 1661 1455 1706 una
1486 1663 1559 1707 oum
1589 1642 1669 1726 ipsis
1701 1642 1795 1707 beato
1827 1639 1974 1707 coelestis
2006 1640 2099 1724 regni

108 1734 158 1790 est
180 1727 287 1811 (sicuti
305 1725 394 1791 eliud
411 1748 453 1790 ex
471 1726 535 1790 alio
552 1746 686 1809 peccare
703 1746 767 1790 non
789 1736 918 1790 cessant
934 1724 1078 1809 reprobi)
1129 1724 1249 1808 gaudio
1275 1691 1408 1791 tandem
1435 1728 1589 1792 fruamur.
1601 1664 1803 1807 p‚Genevae
1832 1726 1935 1791 Nonis
1960 1725 2098 1791 Decem-

107 1813 143 1876 in
163 1811 359 1896 multiplices
380 1813 490 1877 foveas
511 1811 662 1895 delapsus
688 1822 752 1887 est,
782 1832 819 1876 eo
837 1811 951 1876 multis
969 1831 1004 1875 se
1023 1810 1078 1877 de·
1129 1811 1207 1888 bris,
1233 1814 1323 1875 1549.
