4776 5844
213 312 275 374 119
684 300 903 372 SECUNDA
924 297 1160 366 DEFENSIO
1183 297 1370 366 CONTRA
1392 296 1734 365 wasuPHALUM.
2154 298 2218 363 120

210 495 492 562 lucubrationibus
504 492 666 578 syllabam
677 491 828 574 proferat,
848 489 1185 573 ubi'doeeamaprae·
1211 488 1214 554 l
1240 486 1447 552 verissimam
1475 487 1686 566 sententiam,
1715 496 1748 553 et
1775 508 1875 571 aeque
1900 486 2014 552 utilem
2045 486 2218 551 deformat

211 580 427 646 destinatione
450 578 620 643 exordium
642 578 714 643 fieri
733 575 851 643 debere
873 574 914 638 ad
937 574 1111 658 petendam
1134 595 1185 639 sa·
1239 573 1399 637 Dixeram
1427 573 1528 638 stulte
1562 594 1617 638 eos
1644 575 1765 654 facere,
1801 574 1856 657 qui
1889 580 2017 636 tantum
2051 572 2092 636 ad
2126 571 2217 638 nuda

208 667 289 730 lutis
311 665 550 743 certitudinem,
579 662 802 728 obmutescere
824 682 891 726 non
913 680 1037 726 recuso.
1083 662 1185 727 Arca·
1239 658 1342 742 signa,
1365 680 1431 723 non
1453 659 1552 724 etiam
1576 659 1617 723 ad
1642 660 1871 744 promissiones
1894 658 1959 723 illis
1987 678 2136 724 annexas
2164 679 2218 723 re·

209 758 272 816 nae
292 750 460 817 electionis
488 749 612 815 mentio
633 749 739 814 obiter
760 770 780 813 a
801 769 855 812 me
876 747 963 813 facta
980 747 1043 826 cst,
1067 747 1184 811 fatcor:
1238 744 1387 826 spiciunt.
1431 745 1572 810 Fatetur
1593 757 1680 811 recte
1702 745 1834 825 dictum,
1856 753 1889 810 et
1906 744 2085 809 liberaliter
2106 744 2218 810 caleu-

210 837 266 903 sed
290 834 468 919 quorsum?
513 837 568 899 An
588 836 625 900 ut
645 835 715 918 pias
733 841 861 899 mentes
882 832 936 898 vel
959 854 978 897 a
1000 832 1185 915 promissio·
1239 828 1306 895 lam
1330 852 1426 896 suum
1449 829 1614 916 adiungit:
1643 853 1729 910 mox,
1759 833 1850 916 quasi
1873 852 1957 897 novo
1979 847 2086 896 oestro
2108 831 2216 914 perci·

208 924 261 988 nis
283 922 408 1001 auditu,
431 922 485 987 vel
503 921 714 1005 asignerum
732 920 853 984 intuitu
871 918 1088 984 abducerem?
1122 920 1184 982 At·
1239 926 1309 994 tus,
1338 914 1555 982 adhibendam
1578 919 1679 983 brisso
1706 918 1890 984 cautionem
1912 916 2149 994 obmurmurat,
2175 937 2218 982 ne

209 1010 263 1092 qui
286 1007 370 1072 n'ihil
391 1007 507 1072 maiori
529 1027 627 1072 curae
648 1005 731 1070 mihi
753 1005 831 1083 fuit,
854 1025 952 1087 quam
973 1025 1028 1069 eas
1050 1025 1184 1088 prorsus
1239 1000 1414 1072 divellatur
1434 1024 1453 1067 a
1475 1005 1686 1069 sacramentis
1707 1005 1887 1088 promissio.
1933 1000 2045 1084 Quid?
2079 1004 2215 1068 Annon

209 1096 243 1158 in
265 1092 365 1158 verbo
388 1094 539 1158 retinere.
575 1089 687 1173 Quid?
711 1091 790 1156 dum
812 1089 910 1156 toties
926 1089 1054 1155 inculco
1076 1111 1184 1155 sacra·
1238 1087 1359 1152 diserto
1381 1088 1444 1152 fuit
1465 1087 1627 1170 adhibita,
1651 1090 1707 1155 ubi
1729 1088 1901 1154 individuo
1923 1110 2012 1153 nexu
2035 1088 2218 1154 coniunxi?

209 1179 328 1244 mentis
352 1183 427 1258 [pag.
453 1183 527 1258 17ο]
551 1177 664 1242 offerri
681 1178 830 1263 gratiam,
854 1197 896 1240 an
918 1196 982 1241 non
1007 1175 1048 1241 ad
1070 1183 1183 1259 peten·
1238 1171 1443 1259 Sacrilegum
1466 1176 1537 1239 fieri
1560 1174 1735 1244 divortium
1754 1174 1919 1254 admonui,
1942 1175 1971 1239 si
1992 1174 2064 1257 quis
2087 1174 2216 1239 nudum

208 1265 284 1330 dam
312 1264 388 1329 inde
421 1264 538 1329 salutis
565 1284 644 1329 suae
676 1262 935 1348 obsignationem
953 1282 1024 1327 -eos
1055 1260 1182 1326 invito?
1237 1259 1379 1344 signum,
1402 1268 1435 1325 et
1457 1262 1708 1344 apromissione
1726 1259 1918 1327 distractum
1936 1260 1998 1326 sibi
2015 1259 2138 1325 habere
2157 1282 2216 1326 ve·

209 1353 353 1416 'lantum
384 1349 468 1426 dixi,
502 1369 568 1414 non
596 1349 780 1432 promiscue
809 1348 845 1412 in
877 1348 1027 1413 omnibus
1056 1347 1183 1431 operari
1236 1343 1284 1408 lit.
1329 1344 1500 1430 Obstrepit
1516 1346 1743 1431 Westphalus,
1766 1346 1947 1414 cavendum
1965 1367 2036 1412 esse
2055 1368 2097 1410 ne
2118 1367 2216 1429 sepa·

208 1436 271 1503 Dei
300 1436 466 1519 spiritum:
500 1435 558 1500 sed
586 1434 860 1517 quemadmodum
887 1434 973 1499 solos
990 1433 1121 1500 ‘electos
1149 1433 1183 1497 in
1237 1442 1329 1495 retur
1350 1453 1370 1496 a
1392 1433 1494 1516 signis
1513 1433 1699 1516 promissio:
1722 1454 1759 1499 ae
1782 1435 1980 1500 sicisternae
1995 1431 2216 1498 architectum

130 1584 134 1591 .
208 1521 306 1588 fidem
330 1521 504 1595 illuminat,
528 1520 574 1585 sic
596 1521 694 1585 etiarn
717 1520 855 1600 efficere,
878 1541 920 1585 ne
942 1520 1066 1585 frustra
1086 1528 1183 1584 utan-
1236 1517 1391 1601 increpet,
1421 1516 1532 1583 sedulo
1554 1521 1655 1584 rimas
1676 1541 1790 1585 omnes
1812 1520 2032 1597 obturantem,
2064 1540 2102 1585 ac
2125 1519 2217 1584 dicat

209 1618 264 1673 tur
292 1607 514 1673 sacramentis.
572 1604 611 1672 Si
639 1604 745 1672 dicam
774 1605 1006 1689 promissiones
1033 1604 1184 1670 omnibus
1236 1602 1418 1668 cavendum
1441 1626 1526 1685 esse,
1554 1626 1595 1670 ne
1623 1626 1706 1690 aqua
1733 1626 1793 1689 per
1813 1606 1914 1671 rimas
1939 1605 2059 1670 effluat
2104 1602 2215 1686 Quid·

210 1714 399 1760 communes
422 1713 502 1770 esse,
526 1698 558 1756 et
577 1691 796 1757 communiter
817 1691 968 1757 omnibus
990 1692 1109 1756 offerre
1131 1712 1184 1755 aa·
1237 1709 1314 1753 nam
1343 1709 1440 1774 agere
1469 1711 1583 1770 conor,
1613 1691 1677 1757 nisi
1705 1699 1743 1757 ut
1769 1714 1804 1757 sc
1831 1693 1918 1757 intra
1943 1691 2079 1758 verbum
2106 1691 2214 1757 conti·

209 1791 339 1844 ternam
361 1778 510 1854 salutem,
541 1786 579 1842 ut
600 1784 712 1843 autem
729 1785 820 1842 ratae
842 1777 919 1857 sint,
942 1776 1098 1860 peculiari
1119 1777 1184 1859 spi·
1238 1784 1352 1855 neant,
1381 1776 1508 1859 quiex
1536 1778 1750 1844 sacramentis
1777 1779 1920 1844 fructum
1941 1778 2122 1862 appetunt?
2168 1777 2215 1844 In

209 1866 293 1930 ritus
322 1863 407 1929 dono
422 1863 522 1942 Ἐπὶ,
557 1864 612 1945 qui
640 1864 675 1927 in
712 1863 824 1929 electis
857 1859 1009 1947 obsignat
1042 1861 1184 1928 oblatam
1237 1860 1298 1924 hcc
1315 1860 1425 1927 labore
1446 1883 1500 1927 me
1521 1862 1737 1946 deprehendit
1747 1864 1973 1948 Westphalus,
1996 1874 2029 1930 et
2050 1866 2213 1950 obiurgat,

208 1952 357 2036 gratiam,
382 1948 511 2015 dicetne
532 1949 751 2032 Westphalus
772 1949 909 2014 uerbum
939 1970 997 2034 suo
1025 1949 1094 2013 loeo
1115 1969 1184 2012 mo·
1237 1967 1274 2011 ae
1296 1947 1323 2011 si
1346 1947 1498 2027 dicerem,
1521 1947 1719 2033 baptismum
1737 1950 1820 2015 nihil
1838 1950 1903 2015 nisi
1923 1971 2041 2034 aquam
2063 1970 2151 2017 esse:
2174 1952 2215 2016 in

208 2035 299 2103 veri?
344 2033 435 2116 Quid
456 2043 568 2100 autem
589 2035 661 2119 ipse
683 2034 826 2118 quotidie
848 2055 866 2098 e
888 2043 1046 2120 suggestu
1069 2033 1111 2099 ad
1128 2055 1184 2118 pe-
1237 2052 1338 2098 eoena
1360 2033 1444 2098 nihil
1467 2055 1537 2100 esse
1559 2043 1688 2118 praeter·
1705 2056 1825 2118 panem
1847 2045 1881 2101 et
1902 2039 2026 2103 vinnm.
2058 2037 2133 2122 Ego
2152 2059 2214 2103 au·

206 2122 323 2208 pulum
351 2121 560 2204 pronunciat,
590 2120 653 2185 nisi
682 2142 724 2185 ex
746 2119 860 2185 auditu
883 2140 954 2186 esse
977 2119 1097 2186 fidem?
1127 2118 1185 2186 sed
1237 2131 1304 2183 tem
1335 2127 1395 2184 'cur
1426 2124 1501 2199 [pag.
1523 2126 1597 2201 172]
1626 2122 1808 2206 Augustini
1839 2123 2063 2188 testimonium
2096 2124 2213 2190 citari:

206 2229 261 2274 eos
284 2205 540 2286 solosobedire,
568 2204 686 2289 quibus
708 2206 800 2271 Deus
822 2205 990 2272 brachium
1014 2227 1110 2271 suum
1133 2227 1184 2270 re·
1237 2201 1375 2270 Sublato
1408 2206 1507 2271 verbo
1545 2227 1664 2289 aquam
1697 2228 1763 2272 non
1795 2230 1866 2274 esse
1902 2210 1966 2275 nisi
1999 2209 2216 2290 elementum,

206 2292 352 2360 velavit?
386 2292 484 2357 Hane
501 2312 582 2357 vero
604 2312 830 2371 esseeausam,
852 2293 929 2374 quia
950 2290 1051 2357 verbo
1070 2303 1184 2357 om'nes
1236 2288 1337 2356 verbo
1359 2289 1532 2358 accedente
1554 2293 1626 2358 fieri
1648 2304 1685 2358 ut
1707 2304 1949 2360 sacramentum
1972 2317 2041 2361 esse
2063 2294 2214 2380 incipiat,

206 2378 364 2457 inritans,
386 2379 476 2443 intus
498 2378 675 2443 efficaciter
697 2385 792 2443 vocat
813 2397 895 2460 qnos
917 2376 1026 2462 elegit.
1072 2377 1182 2443 Oavil·
1237 2376 1299 2441 nisi
1321 2383 1359 2441 ut
1381 2387 1587 2444 sacramenta
1609 2400 1649 2443 ex
1669 2378 1767 2444 verbo
1790 2381 1992 2446 aestimanda
2008 2403 2078 2447 esse
2100 2390 2214 2446 osten-

205 2465 267 2530 lari
289 2483 369 2548 ergo
396 2462 525 2529 desinat
547 2483 600 2527 me
623 2462 759 2529 dubium
781 2464 888 2529 facere
910 2463 1065 2547 baptismi
1087 2463 1183 2531 effec—
1237 2461 1357 2542 darem,
1381 2465 1433 2528 oui
1451 2463 1498 2529 sie
1508 2464 1691 2544 cohaerent,
1716 2477 1755 2531 ut
1772 2464 1813 2531 ab
1833 2463 2036 2533 eodistracta
2057 2478 2217 2533 naturam

205 2560 294 2628 tam,
325 2549 380 2614 ubi
410 2569 452 2613 ex
474 2549 563 2614 fonte
585 2549 754 2615 electionis
776 2568 910 2615 manare
932 2549 1075 2629 ostendo,
1098 2550 1184 2633 quod
1237 2569 1330 2613 suam
1353 2549 1530 2616 amittant?
1576 2547 1643 2616 Sed
1665 2551 1727 2618 hoe
1749 2561 1798 2617 est
1820 2553 1957 2619 scilicet:
1992 2574 2057 2618 nen
2080 2545 2216 2638 putavit

204 2636 240 2701 in
263 2634 478 2701 sacramentis
494 2633 680 2718 proficiunt,
703 2633 820 2718 quibus
841 2635 1048 2719 peculiariter
1071 2635 1184 2701 datum
1235 2633 1506 2735 Westphalusse
1516 2635 1644 2702 hostem
1655 2645 1769 2703 contra
1788 2658 1850 2704 nos
1872 2641 1951 2704 satis
1973 2658 2081 2704 aerem
2104 2641 2216 2704 visum

205 2736 263 2788 est.
309 2720 394 2785 Nam
424 2741 526 2803 quum
554 2720 728 2804 proverbio
757 2719 888 2806 vulgari
917 2721 1072 2800 iactetur,
1100 2743 1183 2805 quae
1235 2719 1287 2799 iri,
1313 2721 1378 2786 msi
1400 2722 1641 2804 apertissimam
1665 2724 1837 2789 veritatem
1859 2723 1932 2790 odio
1954 2726 2058 2789 nostri
2079 2725 2217 2791 convel-

205 2806 395 2873 subaltema
417 2811 496 2870 sunt
516 2805 606 2871 inter
628 2827 663 2872 se
686 2820 753 2871 non
764 2820 921 2907 pugnare,
945 2829 1012 2873 non
1034 2806 1107 2873 ideo
1125 2829 1183 2873 ne·
1235 2805 1327 2885 leret,
1349 2806 1588 2874 minutissimos
1606 2829 1751 2893 quosque
1773 2811 1881 2893 apices
1904 2811 2062 2895 arriperet
2080 2809 2123 2876 ad
2144 2811 2219 2878 litis

204 2899 303 2979 gutur
327 2891 463 2957 inferior
490 2891 704 2958 sacramentis
731 2899 858 2977 gratiae
880 2890 1077 2978 obsignatio,
1105 2892 1184 2959 dum
1236 2892 1424 2971 materiam,
1452 2894 1572 2959 etmel
1594 2894 1703 2978 ipsum
1731 2917 1792 2962 sua
1813 2896 2030 2962 amarulentis
2049 2896 2219 2963 inficeret:

204 2978 340 3062 spiritus
362 2984 500 3042 vocatur
521 2978 614 3061 prius
635 2985 669 3043 et
689 2977 828 3043 interius
847 2977 1007 3064 sigillum:
1031 2987 1065 3044 et
1085 2979 1183 3046 umal
1234 2977 1415 3062 maluitque
1436 2999 1547 3046 ceram
1570 2987 1639 3045 toto
1660 2981 1954 3067 mnndepudorem
1972 3003 2070 3048 suum
2092 2983 2219 3067 prosti-

202 3071 337 3130 uotatur
358 3082 465 3142 causa,
487 3068 562 3144 [pag.
588 3069 663 3144 171]
685 3064 764 3148 quia
786 3084 841 3130 eos
861 3065 956 3130 Deus
973 3065 1080 3151 elegit,
1103 3086 1183 3149 quos
1235 3074 1337 3144 tuere,
1355 3086 1453 3148 quam
1470 3064 1663 3147 fraterculis,
1681 3068 1738 3151 qui
1748 3069 1912 3153 pruritum
1926 3069 1996 3134 eius
2015 3068 2221 3150 demulcent,

205 3149 390 3234 adoptionis
410 3155 536 3215 tessera
558 3148 591 3214 di
639 3156 723 3215 atur.
1237 3171 1303 3215 non
1326 3171 1360 3217 se
1382 3149 1520 3234 probaro
1542 3151 1580 3216 in‘
1600 3153 1752 3221 omnibus
1773 3155 1868 3223 nobis
1889 3154 2055 3221 infestum.

278 3233 499 3332 ‘Non-'minus
518 3235 591 3319 puti
614 3256 672 3301 um
693 3234 910 3302 estultimum
932 3234 1097 3320 cavillum,
1118 3254 1183 3324 que
