4748 5798
59 137 152 249 'aar
366 155 368 159 ’
554 171 838 243 RESPONSUM
858 173 924 240 an
945 171 1264 240 numuaamu
1286 170 1621 255 quansnouua

91 367 218 434 sincere
239 372 273 430 et
292 365 415 447 absque
435 364 510 430 fuco
532 361 584 428 vel
606 362 736 428 fallacia
760 360 873 441 credat
893 361 929 425 in
946 360 1059 426 Deum
1110 361 1171 426 nis.
1227 361 1336 447 Atque
1368 372 1405 429 ut
1443 361 1526 428 duae
1560 369 1699 430 naturae
1734 363 1942 430 constituunt
1980 384 2082 430 unum

90 461 228 537 patrem,
246 451 281 514 iu
303 449 484 515 Dominum
505 448 615 514 Iesum
639 446 820 525 Christum,
843 446 933 512 etin
955 467 1058 511 uuum
1111 445 1290 528 Christum,
1312 449 1389 531 quia
1409 448 1496 514 idem
1518 449 1610 515 Deus
1631 456 1666 514 et
1687 448 1785 514 homo
1806 447 1934 515 duabus
1956 457 2083 515 oonstat

91 536 251 621 spiritum,
274 535 308 599 id
330 535 486 601 sufficere.
531 531 598 600 Sed
619 531 695 599 inde
717 531 815 598 simul
836 531 952 597 elicere
972 531 1058 610 lieet,
1110 532 1252 599 naturis:
1274 536 1322 600 ita
1342 545 1577 617 trespersonae
1591 534 1798 600 constituunt
1818 534 1953 600 unicum
1963 535 2082 613 Deum,

90 623 201 688 fucum
222 621 337 695 facere
359 621 414 703 qui
435 640 471 685 se
492 620 528 684 in
548 618 719 685 Christum
742 615 875 685 credere
927 618 1059 682 rohten·
1111 617 1189 698 quia
1210 618 1449 697 decesseritis,
1471 639 1554 702 quae
1574 640 1642 685 una
1662 630 1713 685 est
1733 626 1768 684 et
1788 619 1928 703 simplex
1955 628 2083 686 constat

91 715 161 784 on,
191 706 283 771 cuius
304 713 471 771 aeternam
499 703 653 770 deitatem
681 705 853 787 abnegant
898 637 1060 768 gimiliter
1110 705 1216 770 tribus
1237 707 1393 788 personis.
1879 724 1881 732 ’

90 794 128 859 in
148 791 309 875 spiritum,
337 811 434 875 quem
457 810 524 855 non
545 796 664 873 putant
684 790 792 854 Deum
815 809 894 865 esse,
917 788 945 853 si
966 796 1061 871 pater
1197 789 1261 856 Ubi
1284 791 1324 856 de
1345 790 1478 857 Christo
1506 789 1650 873 loquitur
1678 790 1851 873 scriptura,
1881 810 1971 857 nnnc
1998 811 2082 872 quae

92 878 136 944 sit
156 877 256 943 Deus.
284 877 395 942 -Tales
415 877 503 941 enim
525 876 588 941 Dei
611 875 784 940 essentiam
802 872 985 957 discerpere
1003 894 1060 955 pa·
1112 876 1244 960 propria
1266 876 1518 942 snnthumanae
1540 886 1685 952 naturae,
1707 897 1796 942 nuno
1817 895 1900 958 quae
1920 875 1956 939 in
1979 875 2082 941 solam

91 963 158 1028 lam
180 971 238 1040 est,
261 983 320 1027 nec
341 962 499 1027 unitatem
523 962 671 1038 retinere,
695 980 796 1043 quum
815 959 918 1041 patris
940 956 1060 1023 divini·
1113 961 1266 1026 deitatem
1289 968 1490 1044 competunt,
1518 960 1548 1026 ei
1577 960 1707 1027 tribuit:
1743 962 1873 1044 saepius
1893 981 1973 1027 vero
1994 981 2083 1028 eom·

92 1056 194 1114 tatem
212 1068 356 1112 asserere
377 1057 548 1130 nequeant,
570 1047 633 1112 uisi
652 1065 725 1110 eam
747 1042 922 1109 detrahant
943 1043 1010 1109 filio
1028 1054 1061 1108 et
1112 1046 1266 1129 plectitur
1277 1056 1451 1129 utramque
1462 1051 1624 1124 naturam,
1646 1054 1683 1114 et
1701 1045 1887 1111 mediatoris
1909 1065 2085 1128 personam

91 1134 221 1219 spiritui
242 1141 362 1198 sancto.
1114 1131 1274 1198 describit
1317 1132 1435 1216 ltaque
1456 1129 1636 1213 prudenter
1663 1129 1899 1198 consideranda
1918 1139 2001 1196 sunt
2018 1131 2083 1197 elo-

176 1217 244 1300 Qui
266 1239 343 1283 vero
362 1217 461 1283 fidem
483 1215 698 1282 orthodoxam
726 1214 836 1281 odiose
856 1215 1061 1282 calumnian-
1113 1218 1177 1302 gia,
1200 1237 1283 1300 quae
1304 1239 1364 1284 nec
1384 1217 1517 1297 homini,
1540 1216 1684 1282 nchoo
1702 1237 1848 1284 seorsum
1866 1218 2082 1283 conveniunt:

91 1312 147 1370 tur
167 1304 230 1370 hoc
251 1312 441 1387 praetextu,
461 1301 550 1386 ‚quod
571 1301 749 1385 speculatio
771 1301 811 1367 de
832 1302 931 1367 unica
950 1322 1061 1366 essen·
1113 1301 1253 1369 sedDeo
1274 1303 1480 1369 manifestato
1502 1302 1670 1370 incarne:
1693 1302 1804 1385 qualia
1823 1302 1891 1368 fere
1905 1307 1984 1368 sunt
2001 1321 2082 1386 quae

91 1390 140 1456 tia
160 1397 193 1455 at
214 1390 318 1455 tribu·
339 1387 486 1473 personis
507 1387 695 1465 inutilissit,
709 1387 891 1470 improbam
903 1387 1062 1451 malitiam
1113 1389 1270 1473 leguntur
1290 1389 1326 1453 in
1338 1388 1521 1472 Evangelio
1532 1388 1646 1454 Ioann.
1669 1407 1690 1453 a
1711 1392 1740 1453 3.
1762 1409 1831 1471 cap.
1854 1408 1958 1470 usque
1976 1387 2018 1453 ad
2034 1391 2081 1454 18.

90 1476 251 1559 produnt:
274 1476 349 1557 quia
371 1495 437 1539 non
457 1473 664 1557 speculamur
682 1473 884 1554 ultraquam
901 1472 1063 1554 scriptura
1199 1474 1270 1538 Iam
1299 1495 1382 1556 quae
1410 1472 1639 1556 praedicantur
1666 1473 1706 1539 de
1732 1472 1879 1552 Christo,
1908 1473 2083 1556 specialem

92 1580 153 1627 nos
182 1560 317 1624 attollit:
346 1560 403 1625 sed
430 1559 608 1644 genuinum
635 1567 669 1622 et
691 1557 871 1641 simplicem
894 1559 965 1622 eius
987 1579 1061 1623 sen·
1114 1558 1280 1624 interdum
1307 1568 1490 1642 respectum
1523 1557 1645 1624 habent
1677 1557 1720 1624 ad
1751 1560 1889 1625 alteram
1918 1569 2081 1624 naturam

92 1666 165 1712 sum
198 1644 375 1711 reddimus.
429 1645 534 1710 Nemo
561 1645 648 1709 onim
681 1642 852 1713 Christum
879 1665 921 1708 ex
954 1643 1062 1707 animo
1115 1643 1221 1710 Sicuti
1243 1644 1368 1710 Christi
1390 1664 1508 1710 nomen
1530 1663 1598 1709 non
1619 1652 1748 1709 tantum
1769 1645 1904 1722 homini,
1932 1643 1991 1711 sed
2011 1646 2082 1710 Deo

93 1739 249 1816 agnoscet
268 1730 379 1796 Deum
401 1752 507 1807 suum,
537 1731 601 1794 uisi
621 1730 676 1812 qni
698 1730 732 1793 in
754 1729 914 1794 essentiae
935 1729 1062 1794 unitate
1113 1731 1149 1795 in
1171 1752 1270 1795 carne
1291 1730 1498 1795 manifestato
1519 1731 1680 1808 convenit,
1701 1732 1809 1796 unctio
1821 1738 1931 1796 tamen
1952 1728 2084 1813 proprie

94 1815 241 1883 diversas
263 1837 418 1900 personas
440 1814 700 1899 apprehenderit,
731 1834 809 1878 nam
832 1815 966 1878 deorum
989 1814 1063 1898 plu·
1116 1814 1157 1882 ad
1178 1815 1416 1880 humanitatem
1438 1816 1587 1880 refertur.
1631 1814 1795 1881 Mediator
1806 1816 1897 1881 Deus
1919 1821 1954 1880 et
1974 1815 2083 1892 homo,

93 1901 222 1981 ralitas,
252 1923 351 1985 quam
372 1903 503 1987 fingunt
522 1898 687 1979 nonnulli,
715 1898 911 1966 exsecrabile
936 1907 985 1965 est
1007 1898 1063 1964 de·
1116 1922 1192 1966 vere
1214 1910 1264 1966 est
1285 1901 1371 1966 filius
1382 1901 1446 1965 Dei
1463 1899 1640 1966 secundum
1663 1910 1835 1984 utramque
1856 1908 2012 1966 naturam
2032 1921 2084 1965 ra·

92 1987 214 2052 lirium.
228 1990 253 2071 ¹)
669 1994 672 2001 “
1115 1987 1204 2051 tione
1231 1986 1375 2064 unionis,
1408 1985 1538 2069 proprie
1566 1996 1675 2052 tamen
1707 1985 1891 2052 divinitatis
1921 1996 2082 2069 respectu,

178 2073 225 2137 Et
247 2073 364 2156 quibus
386 2072 484 2137 nimis
505 2076 623 2155 arguta
644 2071 775 2137 videtur
785 2070 866 2137 baec
889 2071 1063 2149 distinctio,
1137 2072 1191 2137 uia
1218 2092 1324 2137 sermo
1356 2080 1406 2137 ost
1438 2082 1514 2136 ante
1544 2071 1673 2136 saecula
1705 2093 1746 2138 ex
1778 2078 1871 2155 patre
1883 2073 1906 2153 ¹)
1941 2072 2082 2155 genitus.

92 2156 248 2224 monendi
270 2166 359 2236 sunt,
389 2168 428 2222 ut
449 2159 608 2222 attentius
635 2177 733 2240 quam
762 2157 904 2222 exitialis
933 2158 976 2222 sit
990 2179 1064 2235 ,sua
1115 2095 1232 2224 bermo
1254 2158 1342 2222 euim
1364 2176 1438 2221 caro
1459 2156 1703 2235 sactusdicitur,
1727 2158 1947 2240 quiacarnem
1966 2157 2083 2234 induit,

92 2245 171 2310 fieta
202 2243 394 2326 simplicitas
426 2242 621 2325 expendant
677 2241 765 2324 Quia
803 2241 859 2306 nbi
893 2242 1063 2308 Christum
1116 2252 1153 2307 ut
1174 2244 1229 2325 qui
1250 2243 1597 2318 aeternuseratDeus,
1619 2241 1706 2308 idem
1729 2242 1826 2308 homo
1848 2263 1975 2325 quoque
1997 2263 2084 2307 mor·

93 2328 268 2414 contenta)
290 2329 415 2394 fuerint
435 2328 546 2393 Deum
579 2349 658 2406 esse,
688 2347 857 2410 nunquam
879 2349 914 2393 so
937 2349 979 2392 ex
1001 2326 1064 2393 Sa·
1116 2329 1191 2394 talis
1212 2335 1312 2393 esset:
1342 2349 1403 2394 nec
1433 2328 1541 2393 solum
1567 2340 1603 2392 ut
1630 2328 1820 2395 humanitas
1849 2327 2013 2411 templum
2034 2349 2084 2394 es·

94 2421 192 2479 tanae
218 2415 344 2495 laqueis
378 2413 473 2478 alitor
505 2411 694 2497 expedient,
727 2435 825 2497 quam
857 2413 1064 2479 distinetione
1117 2424 1167 2480 set
1188 2415 1333 2490 deitatis,
1362 2412 1419 2479 sed
1441 2423 1478 2478 ut
1499 2415 1625 2478 naturis
1646 2413 1773 2479 duabus
1794 2414 1830 2478 in
1851 2434 1952 2478 unam
1973 2434 2085 2496 perso·

93 2498 159 2565 ista
180 2519 278 2581 quam
300 2499 432 2584 fugiunt
453 2499 653 2583 interposita
1116 2520 1192 2564 nam
1211 2499 1320 2576 unitis,
1343 2498 1398 2563 ille
1420 2519 1479 2581 per
1501 2519 1596 2580 quem
1618 2519 1749 2566 eramus
1759 2501 1869 2578 creati,
1891 2497 1981 2563 idem
1999 2505 2086 2565 esset

180 2584 257 2651 Huc
285 2586 447 2668 spectavit
467 2585 648 2650 Nicaenum
672 2584 861 2661 concilium,
894 2582 951 2648 ubi
977 2587 1064 2648 asse·
1116 2592 1150 2650 et
1166 2584 1352 2667 redemptor
1369 2596 1486 2651 noster.
1714 2636 1723 2658 ,

93 2669 162 2734 ruit
190 2669 360 2736 Christum
392 2691 462 2735 esse
489 2671 600 2735 Deum
634 2669 674 2735 de
703 2670 784 2735 Deo.
829 2669 944 2752 Neque
976 2669 1064 2733 enim
1202 2669 1327 2736 Omnes
1349 2669 1502 2753 loquendi
1528 2669 1686 2736 formulas
1712 2669 1832 2752 quibus
1853 2670 1904 2735 usi
1925 2679 2007 2735 sunt
2027 2689 2084 2734 ve-

94 2753 178 2820 duos
198 2755 358 2822 fabricare
378 2756 482 2823 voluit
503 2754 590 2835 deos,
612 2754 827 2837 sedquamvis
849 2776 869 2819 a
889 2764 982 2838 patre
999 2752 1065 2820 dis·
1116 2762 1203 2822 teres
1225 2763 1395 2834 excutere,
1422 2756 1521 2820 nimis
1548 2754 1682 2904 longum
1711 2756 1802 2820 foret
1853 2755 1940 2821 Nam
1969 2752 2004 2820 bt
2022 2753 2086 2820 boc

94 2838 217 2907 tinctus
239 2841 282 2906 sit
303 2842 399 2921 filius,
426 2861 543 2906 verum
564 2849 675 2906 tamen
696 2841 806 2906 Deum
834 2859 905 2906 esse
931 2848 964 2905 et
985 2861 1065 2906 eun·
1116 2842 1280 2908 ineffabile
1318 2842 1512 2926 mysterium
1550 2840 1610 2904 nul
1624 2841 1651 2906 is
1689 2840 1842 2907 humanis
1880 2840 2087 2906 sermonibus

95 2923 265 2991 demeum
286 2927 366 3010 ipso,
389 2933 526 3011 excepta
546 2947 702 3009 personae
725 2927 900 2991 notatione.
1116 2927 1246 3011 proprie
1273 2936 1306 2991 et
1337 2947 1397 3011 pro
1422 2926 1583 3011 dignitate
1615 2947 1758 3010 unquam
1788 2926 2019 3010 explicabitur:
2054 2933 2086 2991 et
2290 2985 2303 3002 ἶ

182 3009 240 3077 Sic
261 3033 363 3095 quum
385 3012 588 3078 Athanasius
615 3020 648 3076 et
674 3011 792 3094 reliqui
817 3019 946 3077 veteres
974 3010 1066 3076 dixe-
1117 3034 1213 3089 suum
1231 3012 1366 3096 quisque
1388 3011 1539 3096 loquendi
1561 3011 1694 3077 modum
1717 3010 1825 3090 habet,
1847 3020 1884 3077 ut
1906 3014 1942 3077 in
1964 3012 2085 3094 optimo
2241 3056 2302 3091 q

74 3103 176 3173 ,runt
202 3097 448 3163 coessentialem
479 3099 566 3182 patri
592 3097 712 3176 filium,
745 3118 812 3162 non
839 3095 928 3161 aliud
955 3118 1065 3162 sense-
1117 3119 1275 3166 cousensu
1297 3097 1393 3163 aliter
1414 3105 1526 3163 tamen
1548 3097 1601 3162 hic
1624 3097 1776 3181 loquatur
1797 3119 1896 3180 quam
1918 3096 1982 3163 ille.
2026 3097 2086 3162 Pie
2195 3136 2304 3183 e

76 3180 228 3266 'runt,³)
260 3203 359 3265 quam
388 3182 533 3249 eiusdem
560 3204 631 3249 esse
658 3183 832 3261 esseutiae,
865 3182 942 3265 quia
968 3183 1065 3248 unica
1117 3192 1151 3249 et
1178 3192 1266 3250 recte
1293 3182 1676 3265 senserunt2)1ustinus
1703 3193 1736 3248 et
1757 3183 1997 3260 Tertullianus,
2026 3202 2086 3249 nee
2178 3218 2301 3270 Q
2351 3230 2354 3261 ,

93 3268 138 3332 sit
159 3274 193 3334 et
214 3267 394 3335 individua.
446 3266 513 3350 Qui
540 3277 649 3334 autem
675 3268 756 3333 duos
784 3289 919 3334 numero
941 3268 1066 3333 faciunt
1116 3270 1246 3353 utrique
1266 3270 1468 3353 propositum
1490 3267 1677 3335 fuitdoeere
1694 3268 1784 3335 aliud
1806 3291 1904 3353 quam
1926 3289 1986 3334 nos
2007 3267 2087 3333 fate
2151 3312 2301 3351 Ἣ.
2344 3332 2346 3335 ,

94 3351 180 3432 deos,
202 3374 372 3437 nunquam
394 3375 436 3418 ex
454 3346 516 3420 hoe
533 3354 672 3420 absurdo
694 3354 777 3420 elabi
800 3361 962 3438 poterunt,
984 3353 1066 3437 quin
1117 3377 1200 3420 mur.
1246 3353 1313 3420 Sed
1335 3355 1412 3437 quia
1433 3354 1489 3419 ille
1516 3374 1583 3418 non
1611 3362 1679 3419 tam
1706 3362 1777 3420 erat
1798 3355 2007 3433 exercitatus,
2035 3354 2086 3420 hio
2129 3384 2252 3431 e>
2265 3397 2298 3443 ,θ
2341 3366 2344 3403 l

93 3437 279 3521 partibilem
301 3441 422 3506 saciant
443 3440 619 3506 essentiam
640 3438 714 3504 Dei.
1117 3458 1195 3507 vero
1228 3441 1387 3523 posterior
1417 3460 1531 3523 aspero
1560 3439 1678 3522 ubique
1706 3448 1740 3505 et
1769 3441 1902 3524 spinoso
1933 3437 2086 3523 loquendi
2102 3446 2295 3527 ,ξεί
2331 3485 2335 3522 ;

180 3524 235 3588 Ita
256 3523 410 3590 dixerunt
432 3534 499 3591 tres
527 3532 732 3603 coaeternos,
761 3538 795 3591 et
824 3533 932 3590 tamen
955 3524 1066 3589 Deum
1117 3529 1274 3610 general)
1297 3526 1414 3590 utitur:
1444 3545 1510 3590 non
1537 3526 1657 3589 mirum
1679 3534 1730 3591 est
1750 3526 1779 3591 si
1800 3526 2007 3610 loquutiones
2029 3524 2292 3611 ali—5,
2331 3523 2333 3541 ³

95 3628 200 3673 unum
220 3618 405 3677 aeternum:
434 3611 599 3695 quianon
620 3611 685 3676 nisi
707 3611 742 3675 in
763 3612 836 3676 Deo
859 3632 924 3675 uno
945 3609 1066 3675 residet
1118 3611 1192 3678 errbi
1226 3618 1399 3677 occurrant
1429 3611 1555 3677 cavillis
1587 3608 1759 3678 obnoxiae:
1805 3633 1946 3695 quarum
1979 3621 2286 3700 tamen-n
2321 3633 2325 3678 ι

95 3695 281 3773 aeternitas,
311 3717 394 3779 quae
415 3704 525 3763 tamen
549 3695 653 3762 tribus
676 3697 824 3779 personis
847 3702 897 3762 est
918 3716 1066 3761 commu·
1118 3697 1221 3848 fanpilis
1239 3708 1289 3797 est
1303 3696 1481 3847 grassatio,
1503 3695 1600 3762 modo
1614 3695 1760 3764 ¹facessat
1779 3697 1880 3764 libido
1901 3695 2032 3764 rixandi
2056 3703 2285 3786 armet
2311 3731 2318 3788 ς

94 3831 298 3842 *w*
1170 3802 1302 3847 amman
1325 3804 1345 3847 1.
2311 3798 2313 3820 ‘

1119 3889 1324 3898 ffl—

165 3912 195 3981 1)
215 3914 289 3969 Edd.
306 3924 337 3971 ut
354 3932 388 3971 ea
405 3917 516 3974 deornm
533 3919 676 3988 pluralitas
694 3957 700 3971 .
720 3958 726 3971 .
745 3956 752 3972 .
771 3957 778 3972 .
797 3919 832 3973 sit
849 3917 980 3973 delirium.
1188 3919 1218 3987 1)
1229 3936 1252 3979 ‚a
1270 3927 1346 3988 patre
1368 3917 1441 3972 Edd.

164 3982 195 4046 2)
214 3983 330 4050 professi
350 3984 433 4039 Eds:
1187 3987 1217 4052 2)
1238 3995 1400 4042 ceusuamnt
1421 3986 1492 4042 ΕΜ.

162 4049 194 4116 3)
214 4060 376 4108 censuerunt
395 4053 469 4108 aad.
1188 4055 1218 4124 8)
1237 4057 1317 4112 medo
1339 4056 1413 4110 Edd.
