4776 5844
276 248 340 318 179
1041 247 1224 317 emma
1244 247 1511 316 ‘ADMONIOEIO
2215 249 2279 316 180

273 434 417 525 corpori,
445 442 497 508 rel
525 431 607 507 forte
637 440 782 507 decimae
803 437 892 522 parti
919 434 1063 504 tribuere
1077 434 1251 504 'Senoniae
1300 437 1431 516 labitur,
1453 445 1508 502 ine
1528 446 1597 503 non
1620 438 1714 505 valde
1735 444 1926 504 commoret
1963 434 2159 519 Quanquam
2183 435 2277 513 dece-

273 546 394 594 ncmen
410 529 442 611 ,si
462 529 532 611 ipse
558 548 626 593 non
646 525 792 602 erubuit,
821 524 987 592 nerninem
1009 522 1089 588 adeo
1105 523 1255 588 bardum·
1302 524 1360 590 hat
1376 544 1465 588 suae
1479 523 1673 589 calamitatis
1693 542 1853 590 memores
1873 522 2283 605 paracoemomenum

273 615 342 679 fore
364 613 505 692 confido,
533 614 586 679 oui
608 631 676 677 non
696 611 841 679 foeteant
868 610 938 677 eiua
960 610 1110 692 ineptiae
1156 608 1251 675 Adde
1301 617 1351 674 tot
1372 609 1517 675 ecclesiis
1537 631 1649 693 agere,
1679 631 1818 693 querum
1846 611 2016 674 auxisset
2037 609 2141 675 serias
2161 627 2279 691 preces

274 698 363 782 quod
382 702 451 765 suis
472 699 576 783 copiis
597 698 757 775 diffidens,
780 695 857 780 quia
875 695 1010 760 meliore
1031 693 1174 760 mbsidio
1196 715 1249 761 oa·
1301 714 1361 778 pro
1392 694 1537 764 illorum,
1558 696 1748 763 liberatione
1780 704 1849 761 toto
1880 694 2021 760 triennio
2050 693 2181 771 assidue
2215 694 2280 762 sibi

274 784 381 864 rebat,
410 784 571 852 Servetici
598 783 769 850 cuiusdam
795 779 939 847 hominis
965 780 1132 864 epistolam
1163 782 1250 846 inse·
1300 781 1402 847 fuisse
1423 781 1549 846 oblatas
1566 782 1663 849 ,testis
1685 797 1736 848 est
1755 779 1857 848 Deus.
1889 781 2054 850 Privatim
2074 779 2140 846 illis
2163 779 2282 863 ‹liaph-

273 888 346 936 rere
368 880 498 938 coactus
519 881 583 937 est:
612 890 649 936 ae
671 871 699 935 si
721 868 846 935 vallum
873 875 1015 933 strueret
1036 887 1077 931 ex
1099 867 1252 932 stercori·¹
1300 867 1370 933 enit
1389 888 1484 932 meae
1503 866 1875 950 contraWestphalum
1896 865 2107 934 Defensieais
2137 866 2278 932 austeri·

273 956 334 1022 bus
360 957 503 1041 undique
521 957 693 1041 congestis.
726 953 900 1020 Probabile
921 952 1052 1036 quidem
1075 962 1134 1031 eet,
1156 951 1251 1035 quid·
1303 964 1366 1017 tas:
1387 953 1477 1019 illius
1499 953 1622 1020 rabiem
1643 953 1871 1037 pronunciant
1885 952 2105 1024 necesarium
2126 972 2198 1024 esec
2223 974 2278 1019 ze-

274 1042 353 1124 quid
376 1052 474 1109 antea
494 1043 602 1109 laudis
624 1060 794 1124 aspersum
815 1041 923 1105 fuerat
945 1038 1073 1103 homini
1090 1037 1249 1116 famelico,
1301 1038 1379 1103 lum
1424 1038 1558 1103 Mihia
1587 1046 1656 1105 tam
1677 1040 1800 1105 iniusta
1821 1059 1981 1121 saevaque
2002 1037 2204 1121 ,intemperie
2234 1036 2280 1104 ad

272 1129 373 1194 brisso
395 1128 435 1208 ab
458 1148 495 1194 eo
518 1136 731 1204 contractum,
753 1138 791 1191 nt
811 1125 1080 1191 inscitieenotam
1099 1145 1119 1188 a
1140 1145 1175 1189 se
1192 1123 1249 1189 de·
1301 1124 1367 1190 Dei
1388 1123 1534 1190 tribunal
1555 1145 1735 1208 provocare
1755 1125 1835 1192 satis
1857 1133 1915 1192 est
1959 1124 2102 1203 Interea,
2147 1125 2286 1191 uamvis,

273 1214 417 1296 pelleret.
452 1213 519 1281 Sed
541 1215 641 1280 huius
659 1212 988 1296 epistolaequacnem
1007 1210 1250 1274 molosiacum·
1301 1219 1443 1287 taceam
1460 1208 1586 1276 ¹vident
1613 1232 1725 1278 omnes
1754 1233 1908 1294 perverso
1929 1208 2075 1293 Philippi
2103 1145 2177 1274 odio
2205 1218 2278 1274 tam

271 1298 371 1366 iieere
384 1310 571 1385 promptum
594 1300 845 1381 [pag.113]non
863 1305 921 1362 est.
954 1294 1250 1362 PraedicatWeet·
1301 1297 1471 1374 submisse,
1493 1318 1534 1361 ne
1556 1295 1661 1363 dicam
1679 1297 1818 1378 sordide,
1840 1295 2036 1380 Westphalo
2058 1317 2112 1362 ees
2134 1294 2278 1363 adulari,

272 1384 390 1470 phelus
412 1388 484 1471 ipse
505 1386 567 1452 sibi
589 1408 631 1451 ex
650 1380 870 1469 Lchbylone
888 1402 963 1448 esse
985 1382 1133 1456 masam:
1156 1381 1250 1464 quasi
1301 1382 1495 1451 Verecunda
1515 1382 1622 1449 faeere
1645 1384 1735 1452 risus
1756 1393 1807 1451 eat
1822 1383 1982 1450 Matthias
2003 1382 2156 1465 illyricus
2171 1382 2194 1463 ¹)
2217 1403 2279 1446 no·¹

274 1480 421 1537 autorem
445 1494 516 1538 esse
539 1472 769 1556 babylonicum
786 1489 852 1534 non
874 1477 1037 1552 appareat,
1059 1467 1124 1533 nisi
1145 1467 1249 1532 inter·
1301 1489 1375 1533 men
1398 1489 1494 1533 suum
1516 1488 1537 1532 a
1557 1478 1691 1536 caterua
1713 1475 1787 1550 [pag.
1808 1474 1882 1549 116]
1903 1487 2089 1537 removens:
2114 1466 2175 1535 sed
2197 1489 2283 1534 mcxv

273 1558 380 1641 posito
401 1558 510 1623 italiae
532 1557 677 1624 articulo.
692 1556 718 1638 l)
760 1555 877 1638 Itaque
898 1552 1050 1619 divinent
1071 1554 1159 1619 acuti
1177 1554 1249 1636 qui·
1300 1555 1539 1638 subscriptione
1558 1553 1669 1622 addita
1690 1557 1796 1622 anae
1816 1576 1896 1623 suae
1917 1575 1984 1620 non
2000 1554 2082 1625 satis
2098 1553 2278 1621 consuluit

275 1642 350 1707 dam
373 1644 530 1723 homines,
559 1666 579 1709 a
602 1642 742 1728 leguleio
766 1640 1010 1706 Pedemontano
1032 1658 1103 1705 esse
1124 1640 1249 1722 profec-
1299 1640 1385 1705 Nam
1407 1642 1621 1724 quantumvis
1642 1663 1695 1707 me
1716 1643 1797 1715 atris
1820 1639 2142 1719 carbonibue‘notet,
2170 1639 2201 1706 is
2224 1649 2276 1706 ta-

273 1738 357 1794 lam:
381 1731 492 1813 quise
514 1730 631 1812 palam,
654 1727 824 1792 multisin
846 1726 940 1803 locis,
968 1725 1077 1809 impiis
1099 1734 1132 1790 et
1153 1745 1247 1790 exse*
1299 1747 1375 1790 men
1398 1747 1472 1792 sum
1493 1747 1591 1808 quem
1611 1736 1803 1794 reverenter
1831 1749 1893 1794 sua
1918 1748 2021 1792 manu
2049 1747 2115 1793 noa
2136 1727 2185 1792 ita
2206 1724 2276 1808 pri·

273 1814 404 1882 orandis
414 1814 544 1881 Servati
565 1814 771 1899 dogmatibus
793 1819 974 1895 patronum⁴
991 1831 1062 1876 esse
1082 1812 1248 1893 professus
1300 1809 1374 1878 dem
1395 1812 1538 1878 'salutare
1559 1811 1713 1897 dignattm
1735 1821 1795 1880 est
1829 1813 1956 1880 Eadem
1977 1821 2029 1878 est
2047 1810 2277 1879 ErasmiSar-

273 1909 331 1966 eet.
376 1900 471 1983 Quae
497 1903 719 1974 coniectura2)
747 1899 775 1964 si
803 1917 884 1963 vera
911 1906 974 1975 est,
1004 1897 1106 1962 facete
1134 1897 1247 1962 West-
1299 1899 1415 1981 oerii2)
1436 1897 1536 1975 ratio,
1563 1900 1618 1981 qui
1635 1900 1824 1966 molitoris
1845 1907 2089 1985 praeceptorem
2111 1898 2177 1964 fide
2199 1919 2276 1980 per·

272 1985 407 2070 phalam
431 1987 561 2066 derisit,
590 2007 696 2069 neque
723 1985 812 2050 enim
841 1983 908 2048 ullo
937 1983 1044 2066 magis
1070 1982 1149 2047 ludo
1170 2004 1247 2047 eum
1298 1991 1397 2065 petua
1416 1982 1588 2049 colendum
1610 1985 1792 2069 appellans,
1819 1987 1907 2054 inter
1928 1985 2136 2055 detestabiles
2158 1984 2276 2052 haere-

272 2069 428 2139 oblectari
451 2082 576 2139 certum
599 2081 657 2150 est,
681 2090 781 2155 quam
793 2069 850 2133 ubi
871 2090 932 2134 nos
948 2067 1041 2133 videt
1060 2069 1245 2152 confligere.
1299 2070 1379 2135 ticos
1397 2091 1608 2136 succensura
1628 2070 1723 2137 locat.
1753 2075 1802 2139 Ac
1819 2072 2042 2157 praeceptoris
2055 2071 2189 2154 quidem
2208 2070 2276 2137 elo-

273 2157 440 2242 Quidquid
463 2161 514 2237 sit,
538 2160 691 2223 fruantur
708 2153 988 2238 saueWestphali
1010 2155 1248 2238 subscriptores
1298 2156 1388 2239 mum
1407 2154 1549 2222 libenter
1570 2159 1712 2235 remitto,
1733 2158 1810 2224 fidei
1827 2167 1958 2227 tantum
1976 2159 2196 2226 constantiam
2217 2155 2276 2225 de·

270 2243 333 2310 hoc
355 2247 455 2323 socio,
481 2244 615 2328 quaudo
644 2242 802 2326 pudorem
829 2260 927 2305 suum
954 2240 1000 2306 sic
1022 2238 1247 2324 prostituendo
1298 2240 1405 2307 sidero
1425 2243 1461 2306 in
1481 2242 1649 2308 fraternae
1670 2243 1916 2320 benevolentiae
1937 2244 2039 2312 cultu.
2084 2243 2150 2314 cui
2171 2245 2276 2313 finem

270 2328 356 2396 hanc
376 2330 591 2414 ignominiam
615 2328 724 2394 subire
742 2349 808 2393 non
830 2336 1039 2392 recusarunt:
1062 2346 1161 2409 quem
1182 2326 1245 2390 uti·
1298 2348 1364 2392 non
1387 2326 1477 2392 aliud
1505 2349 1603 2411 quam
1631 2327 1796 2397 doctrinae
1822 2331 1977 2407 mutatio,
2009 2351 2092 2412 quae
2121 2329 2217 2398 nulla
2237 2329 2274 2394 iu

271 2433 348 2480 nam
376 2416 459 2480 mihi
486 2418 652 2499 integrum
685 2420 772 2480 esset
798 2421 924 2497 tegere,
958 2412 1021 2477 nisi
1047 2409 1133 2494 quod
1159 2413 1246 2478 caeci
1298 2434 1351 2477 me
1372 2422 1431 2494 est,
1454 2414 1571 2480 afferre
1592 2413 1720 2481 debuit·
1751 2414 1818 2482 Sed
1840 2432 1882 2482 ne
1902 2417 2010 2501 magis
2030 2437 2128 2500 quam
2150 2415 2275 2499 parsit

271 2501 415 2651 iffipetusl
437 2501 536 2652 hdncf
545 2501 611 2566 illis
632 2498 815 2651 mErcedaedm
843 2498 1001 2648 dtivinittus
1023 2497 1159 2597 rependi
1179 2518 1246 2562 uon
1297 2500 1595 2650 propit-iiastrcaueee·
1613 2502 1865 2653 ἰεῖεεειῖεὼεεεε
1886 2501 2015 2582 ridear,
2042 2501 2179 2585 posthae
2206 2522 2274 2570 neu

271 2607 282 2650 1
350 2608 452 2652 moes
532 2608 596 2652 ero.
684 2606 755 2652 mm
798 2604 891 2651 vero
924 2603 1024 2649 eram
1061 2605 1098 2648 m
1132 2603 1246 2648 corum
1299 2606 1362 2651 mar
1406 2607 1443 2652 oc
1476 2606 1563 2651 mem
1586 2610 1598 2652 1
1622 2609 1735 2654 sama
1877 2639 1924 2654 ..
2014 2653 2017 2659 .

271 2672 402 2754 seriptis
424 2673 633 2739 verimimum
658 2688 730 2737 esee
758 2669 843 2755 quod
864 2670 946 2734 mihi
968 2670 1093 2734 amiens
1115 2667 1247 2752 quidam
1384 2670 1483 2753 Quod
1513 2608 1693 2738 (lhridtum.
1716 2609 1875 2741 aaa&
1892 2694 1973 2739 ⁴esse
2005 2672 2119 2741 dieunt
2149 2695 2273 2743 coenae

270 2757 408 2824 celebris
431 2758 596 2825 doctrinae
623 2764 658 2822 et
682 2755 853 2823 facundiae
880 2756 1023 2840 scripsit,
1052 2755 1248 2821 mirabiliter
1299 2776 1387 2835 suae,
1409 2765 1442 2822 et
1459 2755 1706 2843 indeoolligunt
1723 2761 1918 2827 efficientem
1934 2780 2006 2828 esee
2027 2778 2172 2840 tamam,
2194 2781 2273 2827 con·

270 2843 305 2908 in
327 2843 384 2908 illo
414 2849 488 2923 [pag.
516 2850 589 2924 114]
618 2843 784 2909 maritimo
810 2849 918 2908 tractu
947 2861 1061 2925 sapere
1089 2841 1247 2923 quosdam
1298 2844 1459 2909 troversia
1479 2865 1608 2927 semper
1628 2846 1740 2912 caruit
1775 2845 1874 2927 Quod
1896 2843 1979 2914 duee
1996 2855 2192 2915 enumerant
2203 2868 2273 2914 ma·

269 2928 430 3008 homines,
453 2938 492 2995 nt
513 2930 540 2996 si
562 2929 659 2996 hodie
680 2929 774 2995 vivat
794 2925 925 3013 Sibylla
945 2926 1104 3006 Oumana,
1128 2926 1170 2992 ad
1191 2946 1247 2992 eos
1300 2929 1429 2994 feriales
1438 2928 1466 3013 ⁸)
1489 2950 1613 3009 cauam,
1634 2939 1772 2998 externa
1791 2931 1916 2999 seilicet
1936 2931 2032 3015 panis
2053 2939 2087 2997 et
2114 2932 2184 3000 vini
2206 2932 2273 2998 ele·

270 3013 430 3081 mittenda
447 3017 498 3096 sit,
516 3036 582 3166 3110
603 3017 711 3101 sagire
722 3014 870 3081 disceret.
903 3013 980 3079 Non
1001 3014 1113 3077 minus
1133 3032 1247 3078 secure
1297 3027 1419 3092 menta,
1438 3015 1556 3081 danda
1574 3020 1650 3096 [pag.
1664 3023 1738 3097 117]
1755 3025 1987 3100 corpusetsan
2036 3017 2123 3084 'nem
2134 3016 2273 3098 Christi,

270 3103 489 3184 pronunciant
519 3101 564 3166 'li
592 3100 752 3185 paterculi
774 3101 815 3167 de
842 3099 905 3166 hac
932 3120 1047 3178 causa,
1075 3120 1174 3181 quam
1193 3119 1246 3163 ro-
1298 3101 1334 3165 in
1356 3100 1418 3169 hac
1438 3122 1567 3185 quoque
1589 3112 1682 3185 parte
1698 3103 1764 3170 illie
1785 3102 1953 3187 astipulor.
2028 3125 2083 3173 am
2100 3125 2218 3170 verum
2240 3112 2275 3171 et

269 3206 389 3267 manus
412 3189 560 3272 pontifex
583 3210 624 3254 ex
647 3208 708 3254 suo
729 3186 886 3253 tribunali
913 3184 1160 3250 anathematum
1182 3183 1245 3260 ful÷
1298 3187 1449 3254 naturale
1468 3187 1594 3254 Christi
1615 3210 1816 3272 corpusnos
1843 3209 1869 3254 a
1888 3209 1990 3262 coena
2012 3189 2143 3272 penitus
2165 3211 2274 3257 remo·

269 3273 360 3338 mina
380 3273 416 3338 in
440 3281 541 3339 totam
564 3273 728 3359 evangelii
755 3271 937 3339 doctrinam
950 3270 1086 3338 ·vibrat·
1131 3271 1246 3352 Neque
1297 3293 1386 3353 vera,
1408 3273 1527 3340 falsum
1546 3281 1581 3339 et
1599 3274 1840 3342 calumniosum
1862 3284 1921 3342 est.
1965 3275 2079 3347 Minus
2100 3276 2200 3343 cuum
2223 3284 2275 3343 to·

269 3359 332 3425 hac
350 3360 539 3444 arrogantia
557 3361 711 3437 contenti,
735 3359 903 3424 hominem
924 3353 986 3423 sibi
1007 3357 1154 3423 amioum
1170 3357 1245 3423 bar-
1296 3357 1441 3426 lerabilis
1468 3367 1521 3425 est
1545 3360 1743 3443 panianum
1770 3381 1831 3427 nos
1858 3363 1964 3433 facere
1991 3369 2099 3446 typos,
2127 3361 2276 3442 umbras,

269 3443 357 3510 beris
379 3446 535 3512 conuuis
554 3445 787 3529 proscindunt,
814 3466 852 3511 ac
872 3444 906 3510 ai
933 3442 1013 3510 haec
1041 3440 1084 3508 ed
1110 3457 1244 3526 captan-
1296 3445 1529 3528 phantasmata
1560 3455 1594 3512 et
1624 3447 1819 3531 praestigias
1845 3447 1995 3531 'eorporis
2027 3445 2169 3516 christi:
2209 3449 2276 3515 nisi

271 3529 346 3595 dam
375 3552 509 3598 severae
536 3532 710 3615 gravitatis
735 3532 858 3596 famam
885 3530 1010 3613 optima
1037 3537 1123 3595 esset
1150 3529 1243 3606 ratio,
1296 3531 1379 3597 forte
1406 3531 1494 3598 futili
1526 3530 1696 3599 mendacio
1727 3554 1763 3599 se
1795 3531 1970 3604 obliterare
1998 3553 2104 3615 posse,
2131 3533 2278 3615 credunt

269 3615 369 3681 nullis
391 3618 600 3683 contumeliis
622 3618 675 3683 vel
697 3615 826 3699 probris
848 3635 990 3699 parcere.
1023 3616 1150 3680 Verum
1168 3614 1245 3698 qaia
1296 3616 1380 3699 quod
1409 3615 1536 3701 pridem
1565 3627 1633 3682 tam
1656 3619 1696 3683 in-
1719 3640 1793 3686 mee
1808 3618 2037 3696 institutione,
2067 3638 2169 3701 quam
2196 3619 2278 3686 alibi

268 3700 330 3766 hoc
352 3721 468 3784 spuere
490 3711 630 3770 estnon
652 3704 751 3786 loqui,
781 3700 935 3769 ridiculas
956 3720 1072 3766 eorum
1090 3711 1252 3766 censuras
1297 3703 1426 3786 saepius
1458 3703 1544 3769 clare
1571 3710 1710 3770 testatus
1738 3724 1827 3783 aum,
1860 3726 1927 3771 non
1958 3703 2053 3770 modo
2081 3703 2118 3781 in
2152 3726 2278 3789 genere

268 3795 476 3855 contemnere
498 3797 654 3872 praestat,
677 3809 775 3873 quem
797 3787 925 3867 eadem,
953 3785 1071 3869 quibua
1092 3808 1159 3852 non
1180 3785 1246 3852 nisi
1297 3789 1444 3854 omnium
1493 3798 1771 3856 sacramentorum
1809 3791 1981 3858 matonam
2020 3788 2194 3858 Christum
2234 3794 2276 3860 ab

269 3893 304 3937 se
321 3872 409 3957 ipsos
432 3875 616 3953 foedarunt,
638 3882 736 3958 sputa
757 3875 791 3939 in
813 3895 926 3940 eorum
947 3873 1062 3938 faciem
1085 3893 1244 3958 regerere
1295 3874 1390 3939 initio
1422 3875 1537 3952 fuisse,
1575 3873 1700 3941 sedin
1735 3897 1828 3943 saara
1862 3896 1964 3943 coena
1996 3875 2058 3944 hoc
2095 3878 2278 3961 praecipue

357 3957 532 4025 Caeterum
558 3961 634 4045 quia
668 3961 826 4026 videntur
850 3956 1150 4043 Magdeburgenses
1177 3979 1245 4022 non
1295 3960 1434 4044 impleri.
1479 3960 1594 4044 Neque
1614 3961 1648 4028 id
1668 3962 1705 4027 in
1727 3984 1800 4028 mea
1821 3961 1863 4027 ad
1880 3959 2113 4044 Westphalum
2135 3982 2288 4047 respon·

266 4044 316 4108 ite
345 4045 489 4127 praecise
517 4047 713 4112 sententiam
740 4067 802 4131 pro
829 4065 958 4111 summo
985 4045 1123 4128 imperio
1148 4045 1244 4122 ferre,
1297 4047 1388 4112 aione
1409 4046 1545 4112 tacitum
1567 4048 1728 4130 praeterii
1755 4043 1936 4129 'Quomodo
1949 4054 2065 4115 autern
2083 4047 2180 4114 nobis
2205 4071 2290 4117 cor-

268 4129 349 4212 quin
371 4131 553 4198 rationibus
574 4133 673 4198 etiam
684 4138 896 4217 pugnent,'et
916 4130 1060 4214 aliquam
1070 4131 1245 4197 observent
1320 4154 1359 4197 us
1380 4141 1415 4197 et
1435 4131 1561 4199 Christi
1582 4135 1717 4218 sangnis
1739 4134 1878 4200 materia
1897 4132 1967 4201 siut
1986 4153 2117 4210 menae,
2141 4134 2295 4216 plenius

269 4214 437 4281 doctrinae
464 4217 672 4297 methodum,
706 4218 904 4284 excutienda
930 4215 1013 4282 mihi
1040 4217 1103 4282 erit
1131 4231 1244 4281 eorum
1295 4155 1413 4284 deinde
1435 4218 1680 4301 explicabimus.
1730 4219 1805 4286 Hoc
1832 4226 1960 4285 tantum
1983 4239 2072 4284 nune
2093 4216 2300 4293 dicendum

266 4302 443 4379 confessio,
475 4324 558 4386 quae
590 4305 618 4370 ei
650 4325 767 4371 eversa
794 4305 907 4383 fuerit,
940 4303 1034 4368 facile
1061 4323 1122 4368 sua
1148 4303 1245 4367 ruina
1295 4305 1367 4382 fnit,
1389 4304 1692 4389 Magdeburgenses
1714 4304 1821 4373 odiose
1842 4326 1902 4371 uos
1919 4303 2095 4389 macodo,
2118 4309 2243 4375 statim
2263 4332 2308 4379 u-

265 4392 343 4466 [pag.
368 4394 443 4468 11⁶]
464 4389 545 4455 alias
568 4411 680 4456 omncs
703 4398 836 4457 evertet.
881 4389 1089 4472 Quanquam,
1117 4385 1244 4453 nasibi
1296 4390 1409 4456 limiae
1430 4410 1563 4456 causam
1584 4391 1690 4475 ipsam
1712 4391 1857 4475 maligue
1876 4389 2058 4458 obsecrare.
2107 4390 2154 4455 Iu
2175 4416 2312 4462 caus»

267 4473 321 4539 vel
343 4473 511 4540 tantulum
533 4476 691 4559 placeant,
720 4497 797 4542 mox
818 4477 1026 4560 perspicuum
1047 4475 1116 4539 fore
1138 4473 1242 4539 omni·
1295 4475 1425 4542 formali
1450 4475 1533 4542 nihil
1567 4478 1689 4542 mirum
1715 4476 1745 4543 si
1769 4477 1809 4543 ab
1836 4477 1903 4543 illis
1931 4475 2095 4542 dissentio.
2146 4476 2312 4548 Dicunt

269 4557 330 4625 bus
351 4581 462 4643 spero,
491 4569 593 4628 totam
615 4584 729 4628 eorum
751 4560 1007 4647 disputationem
1027 4582 1094 4625 non
1116 4559 1242 4625 nisiex
1294 4561 1533 4646 copulationem
1556 4567 1631 4642 [pag.
1653 4568 1726 4642 118]
1754 4583 1826 4628 εεεε
1851 4562 2086 4636 elementorum
2112 4567 2216 4645 panis
2248 4574 2315 4634 et,

266 4644 416 4712 futilibus
437 4649 577 4732 argutiis
599 4649 775 4714 conflatam
803 4669 882 4713 esse.
933 4645 1024 4732 Styli
1046 4644 1244 4711 truculentia
1308 4682 1310 4689 ·

267 4730 330 4796 etsi
351 4731 446 4797 initio
466 4733 651 4801 formidinis
672 4733 826 4799 nonnihil
841 4745 951 4816 posset
971 4732 1172 4818 simplicibus
1192 4731 1242 4796 in-
2221 4794 2224 4800 ,

267 4825 392 4897 cutere,
422 4819 498 4901 quia
521 4830 630 4886 tamen
652 4827 766 4904 postea
793 4820 829 4884 in
848 4819 1001 4886 scurriles
1024 4819 1163 4902 ineptias
1185 4815 1242 4884 de-
1364 4836 1400 4918 1)Ι
1414 4836 1531 4892 Elaeae
1546 4837 1701 4919 ,capacem
1718 4837 1826 4918 satem
1864 4837 1880 4890 't
1910 4834 2078 4906 cauam
2104 4832 2332 4904 menam?

400 5045 406 5056 Ι
689 5043 695 5054 Ι
763 5041 769 5053 .
811 5041 817 5054 ι
1102 5044 1107 5054 ἢ
1292 4904 2075 5058 magudhffltfhhtmquaffiflfflssm
2104 4970 2173 5057 aeid:
2200 4975 2235 5030 H.
2269 4963 2332 5024 41

347 5044 479 5176 1)δ(1)1)εεε
496 5058 549 5112 que
567 5048 628 5098 cert
643 5040 917 5098 mustarabicae
938 5059 956 5112 y
978 5040 1140 5108 treuvae
1155 5056 1263 5112 capro
1293 5043 1545 5168 ffizaeew'h
1562 5057 1623 5097 aas
1639 5041 1678 5097 od
1697 5041 1842 5098 odanam
1859 5043 1996 5112 adquam
2013 5042 2060 5097 bec
2074 5041 2332 5099 Mesua!

262 5122 366 5245 ml)
385 5187 543 5237 couverture
561 5181 607 5250 (2]
1362 5181 1393 5248 8)
1411 5171 1556 5241 maella
1573 5179 1617 5248 (Ι).
1690 5216 1692 5221 ·
1742 5231 1744 5235 .
2105 5208 2159 5249 „qh
