4748 5798
79 111 142 172 427
926 100 1229 170 GRATULATIO

80 301 143 369 est,
171 293 271 357 fuisse
291 292 357 358 tuis
383 292 516 375 flagitiis
536 291 707 356 infamem:
740 291 839 356 minis
860 312 897 357 ao
920 292 1052 357 terrori-
1104 288 1259 376 aepleuis
1270 289 1381 357 buoeis
1392 309 1537 356 asserere
1553 288 1682 368 audeas,
1694 290 1813 367 nemin,
1831 290 1894 355 nisi
1904 281 1989 356 forte
2000 291 2076 376 quia

78 378 140 444 bus
160 377 311 443 libidines
328 388 402 442 tuas
423 378 523 441 fuisse
545 397 719 460 repressas.
764 378 810 442 Et
831 386 876 454 tn,
898 397 1011 461 ganeo,
1027 379 1051 458 ¹)
1104 372 1161 437 tibi
1184 396 1342 460 peraeque
1369 376 1474 442 faoilis
1501 374 1633 440 videtur
1662 377 1889 442 transmutatio
1917 377 2014 460 panis
2040 376 2076 440 in

79 472 235 546 tauquam
267 472 425 545 patronus
458 463 615 527 eastitatis
646 463 682 526 iu
710 462 856 528 medium
881 462 1049 545 prodibis?
1103 478 1235 542 eorpus,
1262 483 1299 528 ae
1328 461 1600 545 metamorphosis
1619 460 1765 527 mulieris
1785 463 1820 527 iu
1840 463 1959 529 virum.
2003 462 2076 530 Hoo

79 549 182 631 Atqui
202 568 314 626 soene,
347 547 402 612 vel
430 548 466 611 iu
488 548 595 630 opimo
618 548 789 625 histrione,
819 548 918 612 talem
940 569 1050 631 perso·
1103 545 1191 608 euim
1214 548 1385 613 suavitatis
1406 553 1478 626 [pag.
1499 551 1530 626 7]
1552 567 1673 630 genere
1694 549 1851 613 convivas
1871 557 1948 613 tuos
1969 547 2076 613 obleo·

79 655 157 699 uam
176 635 233 698 vix
255 633 451 699 admitteret
462 632 491 716 ²)
523 631 732 699 Subolfaoere
754 645 865 698 tamen
886 632 1050 716 lieetquid
1103 638 1163 708 tae,
1186 630 1264 697 dum
1286 633 1441 699 muheres
1460 631 1548 699 virili
1571 632 1684 698 habitu
1706 631 1748 697 ad
1769 653 1915 699 mensam
1938 633 2073 700 induois

78 719 141 786 hoe
164 720 302 785 artifieio
323 718 513 800 oaptaverit.
547 718 664 784 Deleta
686 720 862 802 superioris
884 720 1051 784 vitaeme·
1104 714 1198 783 Hune
1220 718 1335 784 ludum
1356 739 1453 801 quam
1481 738 1578 801 saepe
1607 717 1666 782 tibi
1692 719 1842 802 praebuit
1862 719 1990 801 plebeia
2008 740 2075 783 me-

79 806 197 883 moria,
225 806 253 869 si
274 804 448 887 pudicitiae
477 804 597 868 famam
627 805 822 887 aequireret,
851 802 962 870 domos
989 805 1049 870 sibi
1103 802 1216 879 retrix,
1239 825 1335 886 quam
1356 805 1477 887 partim
1499 825 1518 868 a
1540 805 1671 887 propria
1693 812 1874 882 venustate,
1896 806 2018 886 partim
2035 805 2075 870 ab

79 890 208 956 alausas
224 892 421 973 patefaetum
433 889 476 952 iri
497 890 651 971 speravit
686 887 790 970 Quasi
813 911 891 956 vero
912 899 987 972 post
1003 899 1051 955 tot
1103 889 1230 971 opifioio
1258 891 1368 954 mariti
1381 889 1405 973 ¹)
1432 889 1562 954 Bellum
1594 888 1774 955 eorderiam
1810 889 1978 956 vocabant
2033 890 2076 954 In

79 976 304 1059 experimenta
330 975 383 1042 vel
411 974 494 1038 fatui
522 975 659 1041 credaut
685 985 718 1040 te
746 975 846 1041 alium
868 984 902 1040 et
929 996 1051 1042 novum
1102 973 1230 1039 rabioso
1249 976 1339 1041 urbis
1351 974 1506 1040 Geneaae
1523 974 1605 1053 odio,
1628 995 1670 1039 ue
1692 974 1798 1041 fallaei
1820 974 1883 1040 aeli
1903 983 2077 1058 praetextu

80 1083 151 1128 esse
178 1061 353 1127 homiuem.
407 1059 600 1136 Oomittet³)
627 1060 689 1126 tibi
715 1062 874 1143 quispiam
903 1081 1050 1134 uxorem.
1103 1069 1136 1124 te
1158 1060 1314 1138 vendites,
1337 1060 1479 1125 breviter
1499 1059 1674 1142 aperienda
1701 1075 1751 1125 est
1777 1061 1883 1144 origo,
1913 1060 2001 1126 unde
2023 1082 2077 1144 ap-

79 1148 135 1231 qui
156 1168 224 1213 nou
248 1144 345 1211 modo
372 1145 534 1228 proieetae
549 1145 705 1212 ‚libidinis
733 1156 846 1211 taurus
855 1145 883 1232 ⁴)
912 1168 964 1224 es,
994 1144 1052 1211 sed
1103 1156 1216 1228 pareat
1237 1148 1401 1228 privatam
1421 1166 1553 1212 eausam
1576 1156 1609 1210 te
1632 1166 1738 1230 agere.
1771 1145 2076 1230 Vendiderat²)hio

79 1233 154 1299 leno
175 1253 302 1317 quoque
324 1241 357 1296 et
381 1229 624 1296 adolescentum
651 1232 842 1314 corruptor?
895 1230 1051 1298 Oblituue
1103 1231 1200 1296 homo
1227 1232 1315 1316 frugi
1342 1231 1500 1314 quasdam
1532 1253 1572 1296 ex
1605 1250 1664 1295 suo
1694 1232 1889 1316 patrimonio
1922 1231 2075 1298 deeimas.

79 1329 130 1385 est
151 1319 281 1394 divites,
312 1338 408 1400 quam
435 1315 518 1382 belle
539 1318 572 1381 iu
596 1318 706 1382 sehola
729 1327 787 1382 tua
807 1317 911 1383 filium
933 1317 1051 1383 nobilis
1102 1317 1151 1384 Ut
1171 1328 1393 1398 temperanter
1415 1317 1506 1394 vivit,
1528 1317 1672 1400 pretium
1689 1317 1801 1382 statim
1820 1318 1881 1382 fuit
1901 1338 2076 1401 oonsump-

79 1404 220 1471 familiae
243 1402 409 1479 erudieris,
433 1402 533 1467 donee
550 1403 674 1469 seilicet
694 1403 955 1486 suspendiarium
977 1403 1050 1468 red·
1104 1413 1182 1467 tum.
1229 1402 1373 1468 Venales
1393 1403 1512 1468 iterum
1530 1403 1766 1486 proscripsit⁸)
1810 1400 1953 1468 Senatus
1965 1403 2077 1469 Gene-

80 1490 188 1556 deres:
211 1488 341 1573 quaudo
363 1488 469 1552 invito
487 1497 588 1570 patre,
610 1489 742 1554 tametsi
759 1489 850 1555 urbis
868 1491 1052 1571 praefeotus
1103 1489 1223 1564 vensis,
1245 1489 1298 1555 oui
1319 1487 1523 1555 eommodum
1541 1496 1612 1553 erat
1632 1509 1749 1567 emere,
1771 1489 1857 1572 quod
1874 1488 1958 1555 alias
1975 1490 2077 1571 possi-

81 1585 160 1654 erat,
184 1574 298 1639 domus
320 1583 377 1638 tua
394 1572 515 1638 misero
535 1574 597 1639 fuit
618 1573 757 1658 asylum,
780 1575 815 1638 in
835 1595 898 1658 quo
919 1577 1052 1658 impune
1104 1572 1201 1639 debat
1222 1574 1399 1657 contiguas,
1420 1574 1544 1640 iustum
1565 1575 1706 1658 pretium
1728 1573 1923 1639 numeravit
1956 1574 2105 1641 Postea·

81 1662 122 1728 ad
143 1681 275 1728 omnem
297 1659 476 1742 nequitiam
496 1659 738 1725 indureeoeret?
922 1708 924 1710 -
1104 1660 1140 1724 in
1167 1659 1309 1724 arehivis
1335 1673 1465 1742 reperta
1492 1660 1555 1724 fuit
1580 1659 1669 1743 prior
1698 1660 1889 1742 venditi0.⁴)
1938 1660 2078 1726 Mirabi-

167 1747 293 1811 Verum
314 1744 482 1811 attendere
503 1746 657 1810 eosvenit
678 1765 759 1827 quas
781 1745 874 1811 nobis
895 1766 954 1828 pro
985 1745 1052 1810 vir·
1104 1756 1213 1810 turne.
1227 1745 1388 1827 quispiam
1416 1744 1582 1810 homiuem
1611 1745 1758 1829 graviter
1786 1745 2017 1823 emaduisse,
2044 1754 2079 1812 et

106 1835 177 1898 'eo
205 1850 266 1897 suo
298 1830 420 1914 pudore
453 1835 528 1908 [pag.
559 1835 591 1910 6]
625 1832 836 1897 scortationes
868 1830 1051 1914 exprobret
1104 1828 1211 1897 adhue
1244 1831 1456 1907 stomachari,
1496 1839 1643 1915 ereptam
1676 1831 1740 1896 sibi
1771 1831 1870 1897 fuisse
1902 1832 2080 1915 peeuniam

102 1920 266 1985 'oeturnos
294 1925 406 1982 coetus
427 1915 507 1981 dioit
528 1916 680 1982 Lutetiae
702 1917 801 1982 fuisse
825 1916 968 1996 habitos,
997 1917 1052 1982 ubi
1103 1938 1201 1999 quam
1222 1915 1492 2000 ingurgitaverat,
1503 1918 1531 1998 ω)
1553 1925 1586 1981 et
1607 1916 1803 1982 tantundem
1814 1939 1856 1982 ex
1873 1937 1985 1982 annuo
2002 1937 2079 2000 pro·

81 2003 252 2070 exstiuotis
273 2002 416 2068 eandelis
442 2000 565 2084 singuli
591 2011 687 2084 prout
708 2001 837 2068 libitum
866 2010 952 2068 esset
977 2022 1052 2067 eum
1104 2011 1215 2080 ventu,
1238 2002 1292 2085 qui
1315 2001 1664 2090 prodigis'sumptibus
1686 2001 1805 2086 alioqui
1817 2022 1886 2067 non
1903 2003 2080 2083 suffitoret,

79 2090 230 2157 foeminis
250 2098 284 2153 et
304 2087 422 2171 puellis
443 2087 576 2152 coirent
614 2088 664 2152 Tu
687 2088 771 2152 forte
792 2109 914 2163 eorum,
937 2085 1053 2169 quibus
1104 2089 1204 2153 fuisse
1226 2087 1429 2153 detraotum?

79 2177 201 2242 falsum
223 2174 346 2240 crimen
368 2173 523 2256 aspergis,
552 2172 761 2237 timiditatem
783 2171 888 2253 rides„
901 2174 979 2256 quia
1000 2192 1052 2237 so·
1189 2173 1317 2237 Verum
1340 2173 1379 2238 de
1405 2173 1508 2251 foedis
1534 2195 1572 2239 ae
1599 2172 1760 2256 pudendis
1789 2173 1905 2239 beluae
1932 2172 2077 2240 moribus

80 2262 150 2327 leae
172 2260 214 2324 ad
235 2259 361 2325 olarum
383 2258 493 2323 lumen
522 2258 703 2323 multorum
722 2258 917 2341 zelotypiam
939 2267 1054 2341 aperta
1104 2257 1172 2322 iam
1192 2258 1268 2342 plus
1289 2258 1379 2324 satis.
1408 2258 1523 2341 Itaque
1544 2258 1667 2323 adrem
1687 2259 1791 2341 ipsam
1814 2271 1960 2324 transeo:
1982 2259 2076 2325 modo

80 2347 214 2413 laseivia
235 2343 455 2424 aeoeudere.⁵)
506 2342 573 2410 Sed
602 2343 689 2408 uude
715 2354 904 2426 portentum
927 2342 967 2408 de
989 2363 1053 2426 quo
1105 2345 1196 2427 prius
1217 2365 1322 2428 panea
1343 2345 1445 2408 verba
1466 2345 1572 2410 feoero
1590 2341 1630 2409 de
1651 2343 2005 2423 autorePraefatiouis,
2045 2345 2075 2410 ni

104 2431 230 2508 runnis,
250 2451 269 2494 o
290 2449 397 2512 poree,
419 2428 625 2514 oomperisti?
661 2430 774 2494 Vestri
783 2432 811 2514 θ)
833 2429 964 2513 quidem
976 2439 1054 2494 sunt
1106 2428 1253 2497 Gabrieli
1276 2429 1316 2494 de
1338 2428 1489 2513 Saeouay
1511 2429 1675 2496 calamum
1696 2451 1794 2495 suum
1815 2428 1981 2496 eonduxit
2023 2366 2076 2497 ἓίο

80 2454 217 2601 lepores,
243 2515 322 2580 dum
343 2512 527 2580 inoaluistis
548 2514 766 2593 eomessando‚
800 2524 911 2581 vestra
931 2515 1055 2598 flagitia
1105 2518 1193 2581 enim
1216 2515 1362 2591 deeebat,
1390 2537 1432 2579 ue
1452 2515 1611 2598 praefatio
1633 2516 1705 2598 ipsa
1725 2536 1745 2579 a
1766 2515 1849 2583 libro
1871 2536 1970 2598 quem
1992 2537 2077 2582 oom-

81 2604 118 2670 in
140 2602 291 2670 homiues
316 2621 415 2683 puros
443 2612 478 2665 et
501 2601 653 2665 innoxios
674 2600 817 2666 reiioere.
861 2600 929 2666 Sed
951 2621 1054 2683 quum
1105 2600 1240 2666 meudat
1261 2600 1379 2667 saltem
1401 2601 1437 2665 in
1459 2601 1520 2666 hae
1541 2613 1635 2683 parte
1657 2600 1863 2684 discreparet
1898 2598 2011 2682 Quum
2028 2601 2077 2666 in·

81 2688 163 2755 diris
184 2688 355 2752 tormentis
376 2693 410 2750 et
431 2685 627 2752 immanibus
649 2685 980 2768 seduloinquisierint
999 2685 1054 2768 qui
1105 2695 1156 2751 ter
1178 2685 1314 2751 exordia
1341 2707 1526 2770 pugnarum
1547 2686 1690 2752 Lutheri
1719 2685 1868 2752 viderent
1893 2707 1999 2770 papae
2028 2707 2078 2751 aa·

81 2774 250 2857 religionis
272 2779 402 2838 nostrae
422 2792 460 2837 ae
482 2772 576 2837 uobis
593 2772 796 2838 infestissimi
818 2783 912 2837 erant
933 2772 1053 2848 hostes,
1105 2772 1226 2838 tellitee
1247 2774 1282 2836 in
1304 2771 1428 2856 Anglia
1447 2793 1483 2838 se
1509 2772 1690 2838 rationibus
1712 2773 1815 2849 obrui,
1843 2793 1938 2845 nova¹
1951 2772 1994 2837 ab
2013 2772 2078 2838 illis

82 2883 120 2939 ao
144 2859 227 2925 nihil
254 2858 426 2924 omiserint
447 2858 617 2933 saevitiae,
640 2878 705 2940 quo
731 2856 920 2941 detegerent
941 2858 969 2923 si
990 2879 1055 2940 qua
1107 2858 1291 2941 excogitata
1311 2857 1492 2939 fuitratio‚
1520 2865 1559 2922 ut
1584 2857 1730 2941 opposito
1757 2859 1871 2942 clypeo
1893 2857 2080 2924 autoritatis

82 2956 169 3012 esset
191 2945 329 3021 obseura
350 2943 498 3010 oriminis
519 2944 670 3026 suspicio,
692 2943 788 3007 fateri
809 2950 971 3026 eoguntur
993 2943 1054 3006 im·
1107 2943 1211 3010 videri
1220 2953 1354 3027 possent
1371 2943 1564 3026 superiores.
1573 2944 1602 3025 ⁶)
1630 2944 1731 3009 Liber
1742 2965 1819 3028 ergo
1836 2944 2080 3009 aonearoiuatus

82 3029 267 3115 probissimi
283 3029 403 3112 quique
420 3028 544 3094 nullius
564 3016 679 3111 eulpae
690 3029 864 3104 eonviotos,
885 3029 951 3094 nisi
968 3027 1054 3111 quod
1106 3038 1158 3095 est
1185 3051 1205 3094 a
1232 3028 1400 3095 monaehis
1423 3033 1496 3107 [pag.
1515 3034 1548 3109 8]
1575 3037 1609 3094 et
1636 3028 1793 3094 eiusmodi
1821 3028 2001 3113 rabulis‚⁷)
2027 3028 2080 3094 eui

83 3116 125 3184 ad
159 3113 354 3181 audiendam
383 3113 514 3197 piatatis
540 3112 721 3180 doetrinam
747 3125 781 3178 et
807 3136 916 3180 saoras
943 3135 1055 3197 preses
1107 3138 1166 3181 rex
1188 3114 1323 3180 amalis
1345 3114 1538 3180 consiliariis
1565 3134 1741 3198 persuasus
1767 3136 1888 3181 nomen
1909 3135 2006 3180 suum
2029 3115 2080 3179 in·

2274 2929 2285 2971 l

81 3209 312 3269 eonveneraut
363 3200 414 3265 'l'u
437 3220 516 3283 ergo
542 3221 629 3264 uuus
658 3220 708 3279 es,
736 3200 789 3265 eui
810 3200 963 3265 oredatur
985 3221 1055 3265 esse
1107 3199 1205 3267 seribi
1227 3221 1343 3285 passus
1364 3211 1421 3265 est
1471 3198 1559 3281 Quia
1585 3221 1664 3265 vero
1689 3199 1920 3267 inconsiderati
1941 3200 2081 3267 fervoris
2254 3203 2288 3251 ὅ

81 3306 214 3354 verum:
248 3284 335 3369 quod
361 3295 435 3351 aeta
462 3284 592 3367 publiea
607 3288 634 3368 ⁷)
670 3307 690 3350 a
723 3286 877 3368 professis
909 3286 1055 3352 hostibus
1107 3295 1221 3370 postea
1247 3307 1321 3350 eum
1350 3285 1527 3368 poenituit,
1556 3286 1687 3368 etipsa
1714 3287 1880 3352 insulsitas
1908 3287 2018 3369 operis
2040 3285 2083 3350 ad
2242 3269 2286 3340 ll

82 3373 266 3456 mesonpa
304 3371 523 3437 vanissimum
563 3391 635 3437 esse
674 3369 867 3437 elamitant?
928 3369 1056 3437 Eodem
1107 3371 1298 3438 memoriam
1319 3369 1511 3436 abolendam
1532 3372 1611 3438 satis
1631 3377 1711 3451 erat,
1733 3372 1873 3455 triginta
1894 3373 1991 3437 annis
2012 3371 2079 3436 alto
2239 3381 2283 3428 Ο

81 3479 199 3542 nempe
220 3457 327 3524 eolore
349 3457 411 3539 piis
432 3456 642 3540 martyribus,
664 3457 944 3539 quorumoireiter
961 3478 1056 3521 exor·
1108 3457 1236 3524 silentio
1258 3456 1421 3539 sepultum
1433 3457 1504 3521 fuit
1537 3456 1634 3524 Nuuo
1654 3478 1755 3540 quum
1776 3457 1928 3541 liguritor
1948 3456 2081 3541 quidam
2221 3473 2281 3518 nr
2332 3459 2336 3523 i

52 3567 56 3575 ·
82 3545 137 3613 dia
158 3544 251 3628 regni
264 3542 388 3608 Christi
409 3542 521 3606 floruit
542 3542 707 3618 sanetitas.
726 3540 850 3607 obieeta
872 3553 949 3608 sunt
970 3564 990 3607 a
1008 3543 1056 3606 tui
1107 3564 1239 3609 mensae
1261 3541 1427 3608 Gabrielis
1454 3541 1494 3607 de
1516 3540 1667 3628 Saoonay
1693 3542 1829 3609 iaetaret
1856 3543 1917 3608 sibi
1946 3565 2019 3609 esse
2044 3543 2080 3607 iu
2212 3561 2277 3605 nr

83 3630 242 3696 similibus
274 3626 523 3703 infantieidia⁸t
566 3628 620 3692 En
652 3627 851 3776 integritatis
883 3629 1055 3711 speoimen,
1107 3650 1208 3695 mauu
1229 3627 1661 3713 praeclarasrhapsodiaa,⁸)
1681 3650 1763 3711 quae
1784 3649 1917 3695 oausam
1934 3639 2079 3694 uestram
2201 3649 2274 3692 nr
2318 3710 2319 3713 Ἴ

83 3736 146 3798 quo
167 3714 227 3779 tibi
243 3712 340 3779 fidem
352 3715 388 3778 iu
409 3712 615 3797 dogmatibus
635 3713 726 3779 oouoi
740 3714 800 3779 ies:
823 3713 951 3796 quando
973 3714 1056 3778 nihil
1107 3736 1175 3780 nou
1188 3735 1304 3797 pamm
1315 3711 1490 3791 laederent,
1511 3714 1660 3797 quaesita
1671 3725 1721 3779 est
1732 3712 1912 3797 plausibilis
1923 3713 2078 3793 edendi⁹t
2195 3717 2270 3795 (‘)
2312 3718 2318 3800 f

83 3799 185 3885 pudet
205 3811 274 3864 tam
300 3799 400 3865 stulte
428 3799 461 3864 in
491 3796 684 3882 spargendis
711 3799 883 3865 calumniis
904 3799 1054 3882 ineptire.
1107 3802 1240 3867 messio.
1283 3797 1415 3864 Plaeuit
1442 3799 1543 3882 igitur
1563 3801 1667 3884 Regis
1693 3800 1833 3884 Angliae
1859 3800 1998 3878 librum,
2024 3799 2079 3883 qui
2178 3801 2266 3867 hu·

171 3883 248 3966 Qua
266 3886 365 3952 etiam
382 3885 501 3950 fiducia
523 3885 924 3950 transsubstantiationem
942 3906 1056 3951 moure
1107 3886 1235 3970 pridem
1262 3883 1424 3951 obsoletus
1451 3893 1540 3964 erat,
1569 3907 1686 3951 rursus
1714 3885 1884 3952 exaudere.
1928 3886 2078 3951 Laudem
2162 3908 2262 3953 m
2302 3862 2308 3939 l

2322 3598 2327 3663 l

85 4040 290 4052 ——ae—
2292 3987 2299 4074 l

153 4121 184 4186 1)
202 4129 318 4191 suppost
334 4122 369 4177 de
386 4108 517 4207 berlahd3
1177 4123 1207 4190 1)
1224 4126 1320 4194 partim
1338 4164 1345 4179 .
1364 4165 1371 4180 .
1390 4167 1397 4180 .
1415 4167 1421 4182 .
1438 4126 1534 4207 mariti,
1550 4125 1649 4180 abeam
1665 4142 1683 4179 a
1698 4124 1805 4194 patae.
2282 4122 2288 4212 l

153 4190 184 4257 2)
203 4190 241 4245 Or
257 4190 346 4258 quand
363 4197 393 4245 tu
416 4206 532 4248 rouerors
554 4209 608 4248 une
632 4192 706 4248 farne
725 4208 772 4247 aur
789 4209 825 4247 uu
842 4191 994 4248 esebaffaut
1011 4209 1056 4248 en·
1176 4192 1206 4259 2)
1225 4192 1298 4247 Add.
1318 4211 1371 4249 aux
1389 4195 1533 4250 ohanomea
1551 4194 1584 4248 de
1603 4194 1719 4250 Genese.

85 4277 164 4318 sores
181 4274 399 4381 ceBpersonujge
416 4266 444 4315 te
462 4263 562 4342 semoit
579 4278 630 4331 par
646 4269 709 4331 trop
726 4262 789 4316 mal.
1176 4262 1207 4343 'dt
1226 4262 1299 4316 Add.
1317 4263 1411 4343 depuis
1422 4280 1481 4344 ,uque
1499 4262 1590 4344 l'estat
1606 4263 1648 4317 fut
1666 4264 1768 4332 changb
1786 4267 1814 4317 et
1831 4279 1883 4332 que
1901 4263 1927 4318 le
1946 4262 2035 4318 droiot
2044 4262 2075 4318 de
2112 4265 2237 4323 ofin
2272 4259 2278 4351 l

153 4328 185 4521 {l
203 4334 629 4489 mffiaffbassitgreoumtarst
716 4468 722 4480 ⁹
777 4467 784 4481 ·
895 4468 901 4480 .
970 4467 976 4480 ι
1109 4332 1670 4494 mappsigpoptggquggnprupqffle.pu
1693 4400 1808 4469 qitelque
1832 4400 1913 4456 saisie
1931 4400 1965 4454 de
1983 4399 2074 4481 rendre
2090 4416 2227 4484 &gua
2262 4381 2270 4487 l

173 4467 225 4591 '10¹'
227 4483 278 4589 ‘t‘
294 4466 507 4604 {bilbili
523 4466 600 4603 ttt
618 4467 1056 4591 tttttttttfttttl:
1109 4484 1210 4599 “mli
1223 4468 1431 4592 illabili
1446 4469 1558 4592 hill
1574 4478 1736 4525 ”⁰¹⁸¹⁶⁰⁰¹¹
1753 4486 1823 4538 ⁹⁰⁰¹
1839 4469 1867 4524 ¹²
1884 4469 2001 4524 ⁵⁸⁰⁰¹¹⁶⁰
2018 4469 2222 4529 ‘⁰¹⁸’⁸¹¹²
2252 4513 2260 4625 p

86 4553 295 4740 iiiia
311 4601 943 4743 ξων
1109 4605 1207 4749 nd
1224 4605 1298 4659 ω
1783 4619 1816 4659 ω
1835 4605 2027 4755 ωωω
2043 4603 2250 4763 ¹⁰¹²¹f

87 4743 155 4824 bien·
171 4741 271 4797 eachau
294 4757 325 4795 ea
348 4756 382 4795 au
404 4739 515 4819 gobelet
536 4740 595 4793 font
619 4740 692 4795 leurs
718 4741 818 4797 dehoes
848 4743 881 4797 de
910 4742 1057 4810 plausuter
1169 4741 1206 4825 .⁷l
1225 4742 1337 4813 Moynes
1355 4750 1382 4797 et
1400 4742 1540 4811 capharda
1558 4749 1587 4797 et
1604 4759 1669 4810 gens
1687 4739 1827 4796 addouuez
1846 4741 1953 4797 ababa
1970 4748 1999 4797 et
2014 4756 2201 4798 noun-u·
2238 4776 2241 4798 32

88 4809 326 4945 mnzpo‘ffllg}
341 4808 634 4958 tgootiiesdeinflhlhaeticona
653 4875 688 4931 du
696 4875 834 4932 Chastelet
851 4885 879 4933 et
896 4878 929 4932 de
948 4878 975 4933 la
992 4895 1059 4934 cour
1108 4819 1366 4948 tontlglbtsaucoup
1388 4879 1421 4933 de
1445 4879 1560 4933 recueils
1583 4885 1611 4932 et
1633 4880 1774 4934 memoires
1797 4895 1868 4948 pour
1890 4878 1958 4935 faire
1980 4895 2015 4934 uu
2032 4879 2187 4936 homi
2230 4895 2231 4900 ’

89 4945 123 5002 de
140 4945 464 5084 rglffittdleoffls
482 5015 552 5082 petis
571 5011 666 5068 enfans
679 5029 749 5082 pour
766 5028 799 5068 en
816 5015 893 5070 boire
911 5015 937 5071 le
956 5032 1030 5086 sang.
1108 4948 1739 5087 masblled'ihffihreaethh'iloiioietoer'avaudb
1756 5030 1806 5084 par
1823 5015 1935 5086 leugues
1952 5027 2151 5070 annau-⁸
2212 4918 2231 5060 J

2210 5053 2221 5175 l

2163 5184 2212 5564 l

2342 3352 2345 3365 t
