4748 5798
147 263 227 330 ι289
784 257 849 325 Dll
872 256 1088 330 econtra
1109 259 1193 329 DEI
1214 258 1549 330 Prtovmnnrm.
1671 362 1679 370 ἱ
2102 269 2171 338 m

165 450 237 517 Iam
259 471 361 534 quum
382 449 471 516 ferae
492 447 614 515 bestiae
635 467 695 532 pro
717 468 778 513 sna
802 446 912 514 sobole
933 446 975 513 ad
996 452 1136 513 mertem
1274 447 1402 526 Iterum
1424 450 1562 535 excipis:
1596 448 1720 517 Oreare
1747 473 1820 520 esse
1844 474 1928 537 opus
1954 455 2077 523 amoris
2098 477 2169 525 non

164 558 269 620 usque
291 533 470 614 decertent,
500 534 558 619 qui
579 535 620 599 fit
642 543 680 599 ut
700 534 794 599 Deus
816 532 971 616 parrulos
992 533 1135 599 infantes
1189 531 1272 599 odii:
1303 535 1412 600 Deum
1433 534 1537 619 igitur
1564 555 1691 604 creasse
1712 558 1825 604 amore
1845 561 1913 605 nou
1934 538 2018 605 odic.
2062 542 2163 628 Atqui

165 621 348 708 atigribns
363 620 424 697 ¹vel
445 621 541 700 ursis,
569 620 621 687 vel
643 618 807 697 leonibus,
834 617 887 684 vel
909 618 996 702 lupis
1017 619 1136 685 laniari
1189 638 1256 686 non
1285 618 1458 700 discernis,
1488 622 1641 705 quamvis
1667 623 1706 687 in
1735 623 1845 690 Adam
1872 624 1977 692 odiosi
2004 627 2072 695 sint
2092 629 2166 695 Dec

164 709 339 791 vererique
367 705 475 775 sinat?
502 727 545 771 an
569 705 646 789 quia
673 704 803 770 brevior
829 711 880 770 est
905 704 976 770 eius
1005 725 1135 783 manus,
1189 724 1316 784 omnes,
1350 706 1385 771 in
1416 707 1580 774 creatione
1608 715 1721 775 tammr
1741 709 1877 794 wfulgere
1907 711 1979 778 eius
2006 733 2163 780 amorem.

163 816 263 879 quam
285 801 321 858 ut
343 813 413 860 sese
430 792 472 858 ad
494 813 550 858 eos
570 789 710 857 tuendos
730 789 897 874 porrigat?
1189 790 1279 874 Ergo
1301 790 1387 874 quod
1412 793 1536 875 putasti
1563 813 1637 860 esse
1665 792 1761 859 valde
1787 795 1977 879 plausibile,
2001 797 2164 865 frivolum

250 878 354 944 Vides
375 899 473 961 quam
492 878 579 944 lctus
601 877 683 941 mibi
704 896 841 959 campus
861 883 990 959 pateat,
1018 874 1047 941 si
1069 884 1136 940 tra·
1188 897 1261 941 esse
1282 885 1446 961 agnoscet,
1467 878 1615 962 quisquis
1636 877 1793 947 mediocri
1803 881 1923 949 indicio
1944 892 1980 948 et
1997 884 2164 967 aequitate
2206 920 2207 924 ¹

164 968 283 1034 ducere
303 964 404 1031 libeat
423 972 498 1030 tuas
519 963 674 1046 ineptias:
697 961 849 1028 sedmibi
867 961 929 1027 bec
947 981 1050 1026 unum
1069 960 1136 1027 sul·
1187 961 1253 1027 erit
1273 962 1449 1045 praeditus.
1500 962 1596 1045 Quod
1618 965 1768 1046 subiicit,
1796 988 1864 1032 uon
1885 975 1954 1033 tarn
1979 990 2090 1035 meum
2112 978 2164 1039 eet

163 1054 248 1131 ficit,
276 1063 406 1117 exstare
433 1071 512 1134 erga
540 1057 645 1115 totum
673 1048 856 1119 humanum
882 1068 986 1131 genus
1014 1046 1135 1112 amoris
1187 1046 1307 1130 scripto
1329 1048 1486 1127 refellere,
1512 1050 1766 1132 quamiudicnm
1776 1051 1887 1136 gladio
1904 1074 2019 1121 severe
2036 1055 2159 1124 ulcisci.

163 1139 229 1206 Dei
250 1136 453 1214 testimonia,
480 1156 562 1218 quae
591 1135 736 1201 emnium
759 1133 814 1218 qui
836 1142 976 1217 pereunt
995 1131 1135 1217 ingrati·
1186 1133 1347 1199 Homines
1369 1134 1411 1200 ad
1433 1134 1599 1200 miseriam
1622 1137 1712 1204 nasci
1733 1137 1845 1220 palam
1863 1147 1927 1205 est:
1950 1160 1992 1205 an
2012 1142 2097 1207 meis
2118 1142 2161 1207 li-

163 1225 313 1290 tudinem
335 1229 526 1306 coarguant:
552 1241 658 1304 neque
680 1229 791 1284 tamen
819 1218 880 1285 boe
902 1217 1031 1287 obstare
1052 1238 1134 1301 quo·
1186 1217 1255 1284 bris
1276 1220 1634 1303 causaimputabiturl
1688 1221 1787 1289 Unde
1807 1222 1890 1291 baec
1911 1225 2063 1304 conditio,
2085 1231 2161 1307 [erg.

162 1312 273 1376 minus
293 1307 490 1391 peculiarem
511 1327 610 1372 suum
631 1325 774 1371 amorem
797 1302 839 1371 ad
855 1325 977 1388 paucos
997 1303 1134 1369 restrin·
1187 1309 1242 1383 37]
1260 1312 1298 1370 ut
1318 1326 1384 1370 nen
1411 1305 1515 1371 solum
1542 1308 1778 1390 temporalibus
1798 1309 1954 1389 miseriis,
1983 1309 2041 1378 aed
2063 1313 2162 1379 morti

163 1404 235 1480 gat,
267 1415 349 1479 quos
377 1414 418 1458 ex
445 1391 559 1457 multis
584 1391 707 1475 eligere
733 1390 886 1475 dignatus
914 1399 977 1456 est.
1032 1387 1131 1456 Certe
1185 1409 1313 1473 quoque
1334 1400 1487 1457 aeternae
1507 1391 1611 1458 simus
1629 1392 1772 1474 obnoxii,
1794 1395 1858 1462 uisi
1879 1395 1958 1479 qnia
1979 1397 2078 1463 nnius
2100 1398 2160 1465 bo-

163 1481 248 1565 qncd
269 1479 332 1555 sibi
353 1479 430 1545 olim
452 1477 620 1560 adoptavit
641 1496 744 1560 genus
766 1476 935 1560 Abrahae,
964 1495 1002 1543 eo
1024 1475 1132 1557 palam
1184 1476 1284 1540 minis
1304 1476 1401 1560 eulpa
1417 1475 1510 1543 Dens
1531 1478 1567 1542 in
1589 1498 1797 1544 communem
1818 1487 1946 1548 reatum
1967 1503 2028 1548 nos
2047 1484 2159 1550 cenis·

162 1575 302 1633 testatus
322 1573 373 1630 est
394 1564 530 1631 minime
551 1562 678 1646 aequali
702 1585 746 1627 se>
760 1583 870 1627 amore
890 1561 1059 1644 complecti
1082 1570 1132 1625 ιο-
1185 1561 1251 1625 eitl
1285 1562 1411 1628 Inbue
1432 1563 1554 1628 misera
1571 1563 1716 1630 humaui:
1726 1567 1857 1649 generis
1878 1568 1978 1633 ruina
1998 1590 2065 1634 nen
2081 1591 2158 1635 sen-

164 1663 234 1718 tum
255 1651 438 1719 humanum
459 1671 572 1734 genus.
623 1653 697 1727 [pag.
717 1653 771 1727 34]
794 1647 890 1729 Quod
913 1648 1013 1712 etiam
1034 1668 1130 1729 repu-
1185 1648 1291 1717 tentia
1322 1669 1396 1728 inea
1426 1648 1556 1733 legitur,
1590 1649 1648 1714 sed
1677 1651 1878 1733 conspicitur
1910 1661 2060 1736 apertum
2093 1655 2157 1721 Dei

162 1738 251 1804 dieto
276 1738 382 1816 Esau,
408 1735 508 1802 Iacob
535 1742 617 1800 natu
644 1734 803 1799 minorem
832 1732 1001 1816 praetulit,
1029 1732 1064 1796 in
1094 1753 1131 1797 eo
1184 1753 1274 1815 opus.
1326 1733 1377 1798 Tu
1398 1733 1590 1818 sacrilegam
1612 1754 1727 1802 vocem
1748 1757 1902 1804 evomere
1923 1761 1990 1805 non
2011 1738 2156 1807 dubitus:

162 1824 298 1890 delectu·
311 1823 434 1891 clarum
446 1820 677 1896 documentum
688 1817 839 1902 praebuit
860 1819 954 1884 liberi
972 1819 1021 1883 sui
1040 1838 1129 1883 ame·
1182 1818 1292 1884 Deum
1313 1820 1428 1901 quevis
1449 1820 1526 1904 lupo
1546 1818 1849 1903 esse-deteriorem,
1874 1824 1904 1890 si
1925 1824 1967 1890 ad
1989 1827 2155 1893 miseriam

160 1911 216 1985 ris,
237 1930 300 1992 que
321 1928 387 1975 non
410 1907 489 1972 alios
510 1906 718 1990 prosequitur
739 1905 803 1969 nisi
825 1926 905 1986 ques
927 1904 1009 1968 vult
1055 1902 1131 1969 Olc·
1182 1904 1264 1969 velit
1284 1925 1396 1970 creare
1417 1904 1576 1972 homines
1619 1905 1810 1975 Nascuntur
1825 1909 1915 1975 caeci
1935 1908 2078 1993 qnidam,
2097 1911 2157 1978 elii

161 2005 231 2061 mat
263 1995 373 2060 Moses
404 2001 538 2077 gentem
571 2011 672 2056 unam
705 1990 779 2056 aliis
816 1991 945 2056 reiectis
978 1988 1131 2055 dilectam
1181 1989 1282 2069 surdi,
1302 1989 1357 2054 alii
1379 1989 1563 2075 prodigiosa
1585 1990 1799 2058 deformitate
1833 1995 1881 2060 Te
1892 1995 2023 2077 quidem
2040 1996 2157 2079 indica,

159 2083 262 2148 fcisse
284 2080 402 2145 aDeo.
435 2079 565 2162 Ubique
586 2077 754 2144 affirmant
774 2075 961 2160 prophetae,
984 2097 1050 2141 nen
1067 2075 1132 2140 alia
1183 2072 1324 2141 crudelis
1348 2085 1436 2142 esset
1455 2077 1563 2156 Deus,
1592 2078 1647 2161 qui
1670 2077 1791 2144 talibus
1812 2079 2026 2147 incommodis
2049 2083 2156 2149 foebus

160 2167 201 2247 de
227 2186 326 2232 causa
353 2163 513 2230 excellere
535 2162 689 2241 Iudaeos,
718 2162 781 2227 nisi
809 2162 885 2244 quia
906 2160 1000 2228 Deua
1027 2161 1131 2245 gratis
1182 2181 1258 2226 suos
1280 2169 1454 2244 antequam
1476 2162 1512 2226 in
1532 2161 1639 2229 lucem
1656 2163 1816 2247 prodeant
1836 2166 1903 2231 affli
1928 2167 1968 2231 ἰε
1997 2166 2055 2232 sed
2076 2168 2156 2233 elim

159 2273 216 2318 eos
237 2250 360 2317 dilexit
405 2252 460 2316 An
482 2258 518 2316 tu
539 2249 677 2331 negabis
697 2269 769 2314 esse
780 2249 899 2326 Deum,
921 2247 998 2330 quia
1019 2246 1131 2331 tigridi
1182 2247 1303 2312 senties
1326 2255 1448 2329 quanto
1470 2247 1586 2314 melius
1613 2249 1674 2314 tibi
1700 2249 1818 2315 inisset
1838 2251 1909 2316 nihi
1944 2273 2087 2335 unquam
2106 2253 2156 2319 vi-

159 2336 213 2403 vel
246 2358 341 2404 ursae
373 2356 440 2401 non
479 2333 695 2418 deprehendis
730 2354 802 2399 esse
833 2332 996 2399 similem?
1057 2333 1131 2398 Iam
1182 2331 1284 2410 disse,
1311 2353 1410 2415 quam
1430 2333 1466 2399 in
1495 2333 1699 2400 excutiendis
1721 2333 1788 2400 Dei
1814 2338 1943 2402 arcanis
1966 2347 2034 2403 tam
2056 2338 2156 2406 tuisse

159 2423 314 2491 Ubristus
336 2444 401 2487 nen
423 2421 605 2487 humanum
626 2440 745 2504 genus,
773 2439 810 2485 ac
832 2440 875 2483 ne
896 2418 1037 2484 Iudmos
1058 2418 1129 2500 qui·
1181 2418 1409 2500 perspicacem.
1454 2419 1563 2484 Deum
1585 2417 1710 2486 scilieet
1726 2441 1862 2487 accusas
1878 2422 2067 2502 iniustitiae,
2089 2424 2158 2490 ime

159 2509 233 2575 dem
257 2509 388 2592 passim,
411 2505 468 2572 sed
490 2505 645 2589 pusillum
666 2525 800 2590 gregem
822 2504 1031 2587 compellans,
1062 2523 1130 2568 non
1182 2503 1323 2569 similem
1344 2511 1491 2569 monstro
1513 2525 1584 2570 esse
1606 2505 1700 2585 dieis,
1728 2507 1875 2573 sialiter
1903 2506 1944 2573 de
1966 2508 2155 2576 bominibus

156 2596 282 2661 frustra
304 2592 397 2660 dicit:
430 2591 540 2658 Nolite
563 2592 692 2671 timere,
721 2590 798 2674 quia
828 2590 1022 2673 complacuit
1042 2591 1129 2674 patri
1182 2596 1306 2654 statuet
1333 2610 1432 2673 quam
1461 2590 1606 2673 quisque.
1625 2602 1776 2657 nestrum
1802 2591 1844 2659 de
1869 2594 2010 2677 propriis
2031 2594 2154 2662 liberis.

158 2690 269 2747 vestro
290 2680 326 2744 in
349 2680 449 2747 vebis.
500 2678 628 2760 Nempe
646 2677 731 2759 ,quia
752 2683 925 2758 paternum
946 2675 1017 2741 eius
1038 2676 1128 2741 feve-
1182 2672 1252 2741 Our
1273 2695 1351 2758 ergo
1373 2675 1454 2745 alies
1476 2675 1603 2756 bardos,
1627 2674 1707 2742 alios
1729 2681 1803 2756 [pag.
1816 2683 1870 2760 aa]
1893 2678 2049 2763 stupidos,
2072 2681 2154 2748 alies

157 2788 228 2833 rem
252 2765 287 2831 in
310 2775 401 2849 spem
423 2773 576 2830 aeternae
598 2762 714 2827 salutis
736 2781 803 2827 non
825 2762 1041 2844 experiuntur
1062 2761 1127 2840 alii,
1180 2761 1342 2828 moriones
1373 2760 1485 2827 creat?
1540 2764 1596 2827 An
1623 2763 1721 2828 aienti
1749 2761 1790 2828 de
1811 2763 1954 2835 Faunis.
1967 2774 2002 2831 et
2021 2764 2153 2852 Satyris

156 2853 223 2918 nisi
269 2872 328 2917 uos
349 2850 412 2917 sibi
457 2858 543 2917 ratos
561 2847 669 2914 reddit
689 2848 724 2913 in
746 2847 813 2912 lilio
830 2847 1009 2931 unigenite.
1180 2845 1296 2911 Iudaei
1317 2845 1450 2931 quidam
1472 2847 1671 2925 fabulantur,
1694 2869 1738 2914 ne
1759 2869 1815 2923 ees
1836 2849 2031 2931 absolveret,
2053 2851 2153 2920 luisse

244 2873 341 3017 duod
367 2937 396 3001 si
422 2871 532 3001 ficum
561 2941 699 3000 naturae
726 2932 854 3016 legibus
882 2931 1040 3001 subiicere
1068 2933 1126 2998 tibi
1180 2930 1399 3014 interceptum
1426 2931 1480 2999 die
1503 2930 1718 3017 Sabbathi,¹)
1744 2933 1793 2999 ita
1819 2935 1998 3019 nngaberis
2019 2938 2154 3005 effluere

155 3024 360 3107 prepositum
383 3031 447 3098 est,
475 3020 655 3092 iniustitiae
677 3040 753 3087 eum
774 3017 953 3096 damnabis,
980 3016 1068 3101 quod
1087 3016 1127 3083 ob
1180 3019 1313 3084 cneius
1333 3017 1485 3084 manibus
1502 3018 1621 3085 mutila
1640 3017 1761 3103 opera?
1795 3020 1899 3107 Atqui
1916 3020 2066 3089 tristibus
2087 3023 2154 3093 illis

155 3110 258 3174 nnius
278 3107 418 3173 hominis
440 3103 693 3190 culpamomnes
715 3111 868 3170 aeternae
891 3108 963 3182 [pag.
976 3108 1029 3184 35]
1042 3124 1127 3169 mor·
1179 3103 1372 3186 spectaculis
1397 3125 1458 3170 nos
1483 3103 1525 3169 ad
1559 3105 1710 3186 timorem
1738 3112 1773 3170 et
1803 3104 1998 3172 modestiam
2029 3108 2155 3174 erudiri

155 3195 200 3260 tis
223 3200 315 3260 reatu
337 3201 488 3258 tenemur
507 3191 665 3275 impliciti.
709 3190 864 3256 Peccavit
884 3210 986 3268 uuus,
1014 3210 1128 3257 omnes
1179 3191 1288 3272 petius
1309 3187 1453 3267 decebat,
1475 3210 1574 3272 quam
1594 3211 1636 3255 cx
1658 3187 1783 3259 cerebri
1805 3193 1908 3258 nostri
1931 3213 2031 3260 seusu
2060 3194 2154 3263 litem

154 3279 199 3346 ad
220 3299 358 3362 poenam
370 3278 563 3350 trahuntur:
585 3298 691 3360 neque
711 3276 745 3341 id
766 3274 873 3353 mode,
895 3273 953 3340 sed
970 3296 1011 3340 ex
1029 3277 1128 3341 unius
1178 3273 1350 3357 intendere
1370 3274 1452 3341 coeli
1473 3284 1643 3358 terraeque
1671 3275 1788 3359 opiliei.
1837 3275 1879 3343 si
1904 3279 1977 3361 quis
2003 3286 2154 3351 occurrat

153 3366 238 3431 vitio
260 3365 486 3447 contagionem
508 3385 620 3438 omues
638 3361 847 3441 coenabunt,
870 3367 908 3426 ut
928 3362 1072 3445 corrupti
1094 3368 1128 3427 et
1179 3361 1300 3439 morie,
1329 3359 1398 3425 eins
1420 3368 1595 3443 conspectu
1615 3360 1794 3428 admoneor
1814 3362 1943 3445 qualem
1966 3385 2019 3428 me
2040 3386 2153 3432 creare

152 3450 326 3517 mortifero
347 3449 419 3516 labe
441 3450 553 3516 inlecti
574 3456 758 3515 nascantur.
804 3445 893 3528 Quid
921 3454 958 3510 tu
986 3445 1125 3524 adhoc,
1177 3445 1271 3511 Dens
1304 3445 1462 3537 potnerit:
1506 3453 1665 3544 quotquot
1705 3455 1784 3513 sunt
1814 3447 1939 3531 stupidi
1963 3457 2007 3513 et
2051 3449 2151 3525 bebe-

153 3537 240 3603 bone
262 3535 399 3602 censor?
418 3538 488 3602 *An
499 3534 608 3599 Deum
627 3533 829 3600 crudelitatis
850 3530 1028 3611 damnabis,
1050 3532 1127 3614 quia
1179 3537 1227 3596 tes
1249 3532 1285 3595 in
1306 3529 1440 3608 mundo,
1463 3531 1598 3597 tetidem
1617 3532 1699 3608 mibi
1722 3533 1855 3616 specula
1874 3535 2028 3617 proponit
2045 3532 2152 3616 Deus,

152 3642 366 3688 sues-omnes
388 3622 494 3688 lectus
515 3620 781 3702 praecipitaverit
801 3620 835 3684 in
857 3616 1004 3695 exitium,
1027 3619 1126 3684 unius
1178 3616 1213 3680 in
1235 3614 1353 3701 quibus
1369 3618 1518 3697 potentia
1538 3619 1798 3695 suanonminus
1818 3618 2032 3686 formidabilis
2049 3642 2150 3704 quam
2171 3640 2173 3647 ¹

153 3707 301 3773 bominis
322 3706 437 3789 lapsu?
470 3706 545 3771 Etsi
556 3706 642 3771 euim
655 3727 689 3770 sc
708 3714 741 3769 et
757 3726 834 3770 suos
847 3703 997 3788 perdidit
1007 3703 1124 3781 Adam,
1178 3702 1317 3767 mirifica
1337 3700 1418 3766 mihi
1446 3711 1610 3785 appareat
1662 3704 1714 3770 Τιι
1739 3725 1818 3770 vero
1845 3705 1879 3769 in
1909 3706 2018 3788 ipsum
2046 3705 2150 3774 blata-

147 3793 400 3876 oerruptienem
422 3802 533 3862 tamen
558 3800 593 3856 et
620 3800 748 3856 reatum
776 3810 893 3855 aream
914 3788 979 3853 Dei
1005 3788 1125 3855 iudicio
1178 3809 1252 3852 rare
1280 3787 1337 3852 tibi
1364 3789 1542 3869 permittis,
1573 3797 1609 3853 ut
1630 3788 1708 3871 lupo
1729 3790 1774 3854 sit
1794 3788 1952 3868 deterior,
1981 3792 2057 3874 qnia
2078 3802 2148 3860 tam

147 3878 340 3945 adscribere
363 3898 494 3947 neccsse
515 3885 579 3942 est:
597 3877 675 3959 >quia
694 3876 778 3940 nihil
800 3875 842 3941 ad
864 3874 1043 3941 nos'nnius
1066 3876 1124 3941 bo-
1178 3872 1351 3939 melesius
1373 3874 1529 3939 creaturis
1551 3873 1701 3940 consulit.
1844 3932 1847 3938 .
2143 3932 2144 3935 ,

142 3964 254 4029 minis
275 3962 388 4045 culpa,
417 3964 479 4028 nisi
502 3983 562 4028 nos
584 3961 731 4028 eoelestis
752 3961 850 4026 iudex
871 3970 1004 4025 aeterno
1025 3961 1124 4026 exitio
1264 3961 1452 4041 Antequam
1473 3968 1507 4024 te
1524 3956 1617 4024 iuvet
1628 3957 1754 4024 Christi
1774 3959 1916 4030 dictumt
1937 3960 2026 4043 Quia
2044 3963 2150 4033 οοιιιιι

145 4049 330 4116 addiceret.
365 4051 414 4114 Ac
435 4047 509 4112 vide
532 4067 630 4131 quam
651 4047 730 4112 scite
751 4046 859 4110 locum
876 4047 987 4112 ,Isaiae
1009 4045 1051 4110 ad
1074 4047 1123 4111 lu·
1177 4053 1227 4111 est
1249 4045 1351 4124 Deus,
1373 4044 1548 4128 benignius
1570 4066 1666 4129 agere
1687 4065 1763 4110 cum
1781 4045 1861 4112 ‚filiis
1883 4047 1951 4112 suis
1972 4068 2070 4129 quam
2090 4050 2150 4117 bo·

138 4133 298 4202 candum
320 4154 462 4199 errorem
485 4144 579 4202 tunm
605 4131 770 4204 obtendas.
822 4130 909 4213 Quia
937 4131 1124 4197 incredibile
1176 4132 1281 4196 mines
1309 4129 1364 4213 qui
1393 4129 1473 4194 mali
1506 4138 1598 4196 sunt:
1632 4135 1707 4210 [pag.
1727 4136 1780 4210 39]
1815 4130 2021 4215 probandum
2053 4144 2149 4216 esset,

141 4227 225 4287 erat
247 4219 415 4285 eeclesiam
434 4220 506 4296 Dei,
529 4240 611 4301 quae
630 4217 744 4288 exsilio
765 4217 966 4300 Babylonico
987 4238 1052 4281 non
1070 4238 1123 4282 so-
1175 4235 1288 4282 omnes
1320 4234 1481 4298 peraeque
1503 4236 1575 4281 esse
1592 4216 1656 4281 Dei
1678 4215 1773 4282 filios.
1819 4219 1921 4301 Atqui
1938 4240 2053 4285 omnes
2069 4242 2148 4286 eon·

136 4304 222 4372 lum
241 4304 352 4370 liberis
370 4304 493 4383 orbata,
517 4303 574 4370 sed
595 4304 693 4369 etiam
712 4303 831 4369 sterilis
849 4303 963 4373 luerat,
987 4301 1122 4369 collecto
1174 4310 1241 4366 stat
1262 4302 1295 4366 in
1317 4299 1424 4364 Adam
1446 4299 1612 4367 abdicatos
1636 4321 1708 4367 esse
1728 4301 1799 4366 vita
1818 4314 1968 4369 aeterna:
2001 4304 2149 4388 adoptio-

130 4411 237 4458 xrovo
261 4391 386 4474 vigore,
413 4391 482 4455 fere
504 4388 595 4457 brevi
619 4388 724 4474 magis
747 4409 843 4471 quam
871 4396 967 4453 autea
988 4388 1120 4454 foecun·
1173 4387 1226 4453 nis
1246 4407 1324 4452 vcro
1346 4385 1519 4469 specialem
1541 4407 1618 4461 esse,
1638 4385 1796 4470 gratiam,
1840 4387 1938 4455 Unde
1964 4391 2073 4472 petius
2095 4412 2148 4457 se·

130 4477 238 4551 dam,
262 4477 309 4542 sic
327 4474 476 4557 loquitur·
490 4477 594 4542 Deus:
629 4476 683 4539 An
705 4495 774 4558 ego,
797 4474 889 4539 ouius
911 4473 1033 4539 virtute
1054 4474 1121 4539 loe·
1195 4481 1291 4539 uetur
1312 4472 1509 4538 exosesDeo
1531 4492 1602 4538 esse
1622 4473 1807 4555 quicunque
1819 4474 1861 4539 ab
1882 4494 1922 4540 eo
1943 4474 2042 4540 alieni
2059 4483 2146 4543 sunt

124 4565 262 4629 lninae
283 4562 424 4645 pariunt,
446 4583 513 4627 non
523 4570 634 4645 potere
644 4561 744 4625 etiam
754 4559 896 4625 sobolem
918 4557 1119 4642 producere?
1173 4495 1265 4640 Quae
1287 4560 1370 4626 citas
1390 4558 1572 4642 scripturae
1582 4558 1780 4637 testimonia,
1803 4559 1912 4625 iacula
1929 4568 2006 4626 sunt
2024 4567 2148 4629 temere

130 4651 224 4730 [pag.
249 4652 304 4727 36]
327 4647 379 4712 uu
400 4647 463 4713 hoo
484 4654 657 4729 praetextu
673 4647 782 4712 Deum
803 4645 846 4710 ad
867 4642 1027 4727 quoslibet
1047 4646 1119 4710 ani·
1171 4651 1317 4709 contorta
1339 4664 1436 4708 manu
1459 4643 1602 4709 hominis
1625 4643 1823 4726 phrenetici:
1848 4644 1942 4710 Vidit
1952 4645 2045 4711 Deus
2062 4667 2147 4730 quae

124 4733 287 4801 :nulium
305 4733 441 4800 affectus
451 4731 632 4799 induendos
643 4732 740 4815 cogis.
771 4729 936 4796 Audacter
946 4729 1118 4796 ratiocina-
1170 4729 1305 4806 fecerat,
1336 4740 1369 4792 et
1391 4738 1486 4791 erant
1512 4728 1608 4796 valde
1636 4731 1730 4796 bona
1775 4731 1866 4796 Hinc
1887 4729 2015 4814 colligis
2039 4732 2144 4797 homi-

121 4821 202 4899 lis,
217 4819 299 4903 quia
308 4818 401 4883 Deus
411 4818 565 4883 animalia
576 4819 655 4884 facit
667 4837 776 4883 amare
788 4817 893 4882 foetus
910 4838 995 4896 suos,
1010 4817 1117 4898 ipsum
1169 4837 1245 4880 nem
1262 4816 1363 4880 fuisse
1374 4810 1469 4879 valde
1480 4812 1610 4881 bonnm.
1642 4814 1740 4882 Unde
1761 4837 1877 4882 rursus
1900 4816 2011 4894 infers,
2034 4815 2145 4883 Deum

118 4924 279 4991 qnoque
289 4905 435 4987 proprios
445 4904 550 4970 foetus
561 4924 679 4968 amare.
703 4902 800 4985 Quod
811 4911 850 4967 ιιι
862 4902 922 4968 tibi
933 4899 1117 4983 concedam,
1158 4918 1168 4932 ·

122 5007 213 5058 lion
226 4990 379 5073 sequitur
393 5001 513 5068 tamen,
530 4988 643 5055 eedem
658 5010 769 5056 amare
782 4987 886 5053 medo.
910 4987 1038 5053 Deinde
1055 4988 1116 5053 hoo

122 5073 1116 5176 ¹1⁰11⁰b⁸l²lil¹¹⁰mifflfflfi‘daliflpquflmiufllllflilldfflr‘llloe
1237 5107 1266 5172 1)
1284 5107 1301 5160 a
1318 5107 1423 5175 sqaroir
1439 5106 1517 5177 qnlla
1535 5115 1597 5163 sont
1613 5107 1665 5162 tela
1688 5118 1789 5173 pontes
1824 5119 1859 5159 ue
1875 5105 1945 5160 Dion
1961 5103 2005 5158 tet
2021 5122 2144 5174 prerenu

127 5181 262 5230 amore
284 5167 317 5226 Oi
328 5159 542 5245 mdlssffflnllfl,
564 5168 602 5225 ut
622 5169 878 5244 ⁰Pi¹m11⁸ll³t0b
899 5169 1115 5245 prosequitur.
1169 5183 1197 5234 et
1214 5174 1337 5245 surprius
1354 5175 1391 5231 du
1408 5176 1506 5233 sabath
1523 5176 1662 5233 tellement
1678 5174 1742 5242 qu'il
1759 5187 1793 5230 ue
1806 5120 1852 5228 ies
1869 5186 1937 5242 peut
1955 5173 2079 5231 aeberer.
2142 5238 2144 5243 ‚

254 5261 368 5318 Osirim
379 5276 471 5333 opere.
509 5263 566 5319 Vol.
582 5259 638 5317 ΙΧ.
1419 5328 1423 5338 ,
1907 5256 1941 5312 19
