4776 5844
219 256 278 317 155
433 266 437 282 ·
979 244 1161 313 curma
1183 238 1448 307 aououruo
1730 293 1734 301 .
2158 247 2216 329 ue
2254 312 2256 318 ,

217 437 321 520 Quasi
343 457 422 501 vero
450 437 544 502 nobis
571 455 697 519 quoque
722 433 758 498 in
788 455 849 500 usu
878 454 944 498 nen
971 433 1039 498 sint
1066 431 1190 498 similes
1241 429 1362 507 oculos,
1385 429 1736 503 veterum'testimonia
1749 429 1941 516 colligendo,
1953 431 2079 514 quoties
2090 429 2217 498 Christi

217 521 370 608 loquendi
410 521 544 588 formae.
606 521 653 585 Et
691 529 802 585 tamen
841 517 1081 585 inconsiderate
1114 516 1191 582 lacit
1241 535 1359 598 corpus
1392 535 1447 579 ore
1475 515 1576 597 accipi
1610 511 1759 593 tradunt,
1793 515 1890 582 sicuti
1923 516 2019 584 eorde
2050 517 2217 585 creditur:

217 598 446 691 westphalos,
472 607 558 673 loces
579 606 615 670 in
637 604 754 690 quibus
778 605 959 688 promiscue
981 603 1190 687 Augustinus
1241 598 1371 684 quando
1396 599 1481 667 satis
1510 607 1653 679 constat,
1681 603 1912 668 sacramentali
1939 602 2094 688 loquendi
2123 602 2218 672 modo

216 713 335 779 panem
362 715 507 771 sacrum,
536 713 625 757 nune
651 711 768 774 eorpus
790 690 930 771 Christi,
957 711 1047 755 nunc
1070 687 1191 754 encha-
1242 695 1389 752 assuetos
1417 685 1552 752 scivisse
1579 693 1690 752 tamen
1717 687 1795 770 quid
1821 709 1874 754 res
1903 690 1970 754 asi
2018 710 2037 754 o
2060 687 2217 756 differret

216 778 359 856 ristiam,
389 778 442 843 vel
470 784 712 844 sacramentum
739 778 905 856 nominat,
934 775 1031 840 simul
1052 774 1190 858 permis·
1241 771 1311 837 Nee
1337 793 1415 837 vero
1443 771 1537 837 nobis
1562 770 1735 856 displicent
1756 775 1929 859 magnifica
1950 776 2070 860 aegia,
2099 775 2219 858 quibus

216 884 303 932 oens.
348 861 500 942 Obsecro,
524 861 601 948 quid
624 862 769 931 hccsibi
791 862 872 941 vult,
896 859 1051 927 danobis
1074 859 1190 925 trium·
1242 857 1412 923 extollitur
1433 858 1582 942 mysterii
1610 857 1765 942 dignitas.
1816 862 1867 927 Ae
1894 882 1952 944 pro
1973 882 2033 933 suc
2054 882 2148 927 more
2171 861 2219 926 io·

217 949 320 1034 phum
342 950 410 1034 agi,
424 1020 427 1024 ,
440 950 518 1035 quia
547 969 614 1014 unc
637 948 672 1012 in
693 948 764 1014 loeo
787 951 860 1027 [pag.
880 952 933 1027 42]
957 947 1085 1031 erogari
1104 944 1191 1010 dicat
1242 944 1286 1009 eit
1313 942 1543 1026 Westpholus,
1573 944 1788 1027 contemptim
1813 945 1853 1012 de
1881 968 1917 1011 re
1949 954 2018 1012 tam
2049 947 2220 1031 praeclara

218 1035 343 1101 Christi
365 1056 491 1118 corpus,
514 1037 549 1100 in
571 1034 673 1100 altero
691 1034 761 1098 dori
783 1041 1024 1100 sacramentum
1047 1030 1191 1116 eorporis
1241 1049 1301 1094 nos
1320 1028 1410 1112 loqui
1426 1029 1637 1113 exprobrans.
1671 1030 1795 1104 Locum
1815 1052 1912 1115 quem
1930 1033 2010 1099 citat
2029 1055 2071 1098 ex
2081 1032 2219 1099 Psalmo

218 1131 251 1186 et
272 1143 308 1186 sa
376 1120 464 1187 inis?
509 1118 548 1186 si
569 1121 606 1184 in
628 1142 695 1185 una
715 1139 796 1185 voce
817 1118 968 1185 fiduciam
993 1139 1087 1184 suam
1106 1117 1191 1182 locat
1242 1113 1412 1203 XXXIII.
1436 1116 1528 1197 (uam
1551 1115 1639 1200 quod
1661 1137 1819 1183 numerus
1830 1118 2005 1189 mendosus
2016 1119 2218 1198 inscribitur,

217 1207 337 1290 Westp
362 1205 449 1285 alus,
484 1208 607 1289 quanto
639 1206 743 1271 maior
772 1206 835 1270 erit
863 1202 990 1270 Christi
1022 1203 1187 1284 autoritas,
1242 1200 1372 1285 eulpam
1394 1201 1480 1266 malo
1498 1200 1703 1287 typographo
1727 1205 1800 1282 [pag.
1813 1209 1867 1284 tt]
1891 1205 2106 1284 ascriberem
2126 1203 2220 1270 nullo

130 1286 132 1290 ⁴
217 1312 316 1376 qnam
345 1291 546 1376 Augustini?
600 1291 703 1376 Atqui
735 1290 796 1356 hcc
835 1290 1058 1357 controuersia
1091 1296 1188 1366 caret,
1242 1286 1373 1371 negotio
1396 1286 1520 1353 diluere
1542 1296 1731 1371 promptum
1749 1297 1808 1354 est.
1853 1289 2025 1356 Christum
2047 1289 2126 1355 dicit
2148 1293 2220 1356 Au·

217 1378 400 1444 Dominum
422 1377 530 1461 ipsum
542 1377 758 1461 pronunciare
780 1375 820 1457 de
842 1397 940 1460 pane:
964 1375 1036 1441 Hoc
1058 1384 1190 1440 estecr·
1242 1372 1404 1458 gostinus,
1427 1394 1525 1458 quum
1539 1394 1665 1439 sacram
1683 1395 1817 1440 coenam
1834 1375 2030 1468 institueret,
2052 1384 2221 1461 portatum

218 1486 280 1548 pus
303 1484 422 1528 mcum.
473 1463 617 1528 Tantum
639 1462 825 1545 quaeritur,
854 1463 1026 1545 propriene
1053 1470 1087 1525 et
1117 1460 1190 1526 abs-
1242 1459 1341 1524 fuisse
1373 1458 1527 1525 manibus
1561 1458 1638 1524 suis.
1694 1458 1759 1526 Sed
1795 1483 1838 1526 an
1865 1461 2059 1546 Westphalc
2094 1461 2221 1529 nullius

218 1569 280 1632 que
302 1550 409 1634 figura
431 1569 550 1632 panem
573 1547 737 1631 intelligat
765 1569 836 1614 esse
862 1569 979 1632 corpus
1004 1567 1114 1612 suum:
1149 1566 1191 1610 an
1242 1545 1400 1609 momenti
1422 1552 1473 1609 est
1494 1545 1650 1610 eorrectio
1660 1566 1738 1632 mox
1760 1545 1880 1625 addita,
1904 1548 1958 1613 ubi
1969 1548 2128 1623 inseritur
2145 1570 2222 1632 par·

218 1655 299 1699 vero
321 1656 442 1700 nomen
461 1635 508 1699 rei
536 1628 682 1719 signatae
709 1632 750 1699 ad
778 1633 962 1719 symbolum
991 1630 1190 1697 transierat?
1241 1630 1341 1696 tioula
1351 1628 1651 1715 quodammcdc,'*)
1663 1651 1728 1714 qua
1738 1632 2018 1716 improprietatem
2026 1634 2136 1701 notari
2147 1654 2220 1700 eer-

218 1720 436 1803 Westphalus
471 1721 557 1785 inter
581 1721 664 1785 osita
692 1718 870 1804 Augustini
906 1718 1070 1784 sententia
1098 1717 1192 1787 litem
1243 1726 1314 1781 tum
1333 1715 1404 1782 est?
1439 1714 1477 1783 si
1499 1715 1570 1800 ipse
1590 1718 1935 1801 tanquamfamelicus
1956 1719 2047 1786 conis
2067 1721 2221 1787 umbram

219 1806 372 1874 dirimere
393 1742 707 1871 volensnihilaliud
727 1800 832 1885 affert,
854 1805 918 1870 nisi
938 1825 1054 1888 cerpus
1066 1802 1193 1869 Christi
1243 1801 1359 1885 arripit
1376 1822 1445 1886 pro
1458 1801 1533 1882 elia,
1554 1812 1708 1885 pascatur
1729 1825 1790 1870 sua
1810 1805 2053 1890 imaginatione.
2098 1807 2221 1873 Lecto·

220 1891 450 1958 communicari
481 1890 574 1956 nobis
601 1891 646 1956 in.
664 1911 773 1958 coena.
827 1890 900 1955 Hac
928 1890 1053 1956 ratione
1079 1888 1191 1967 frctus,
1243 1910 1295 1954 res
1318 1909 1398 1952 sano
1420 1887 1538 1953 iudicio
1561 1887 1723 1972 praeditos
1745 1911 1909 1957 neseoum
1931 1890 2080 1975 desipere
2103 1899 2219 1959 tentet

219 1999 285 2043 non
319 1976 444 2043 dubitat
460 1983 462 1986 ’
476 1976 656 2043 haereticos
690 1977 831 2042 clamare
864 1970 1047 2059 quicunque
1073 1992 1192 2059 panem
1243 1973 1398 2040 Christus
1419 1995 1497 2059 ergo
1517 1995 1552 2039 se
1565 1974 1810 2058 quodammodo
1820 1977 1945 2043 ferebat
1961 1977 2114 2051 manibus
2132 1977 2222 2047 suis:

219 2062 329 2129 vocari
347 2083 464 2146 corpus
485 2070 629 2140 censent,
653 2062 899 2193 quiafigurasit
916 2062 1067 2146 eorporis.
1102 2058 1192 2141 Quid
1244 2061 1320 2143 quia
1340 2079 1459 2143 panem
1481 2060 1668 2145 porrigens,
1697 2083 1815 2145 eorpus
1842 2084 1940 2128 suum
1966 2071 2000 2130 et
2021 2064 2220 2149 sanguinem

219 2157 329 2215 autem
352 2149 570 2233 Augustinus.
585 2147 671 2230 ipse.
728 2145 766 2214 Si
788 2158 1007 2226 sacramenta,
1035 2146 1153 2230 inquit,
1168 2146 1192 2228 ¹)
1244 2147 1277 2210 in
1301 2146 1457 2231 mysterio
1479 2144 1533 2211 vel
1555 2145 1770 2230 spiritualiter
1791 2147 1955 2227 offerebat.
1999 2149 2045 2214 Et
2066 2171 2129 2234 quo
2152 2151 2219 2216 foe·

219 2229 384 2318 quandam
401 2232 649 2300 similitudinem
671 2253 784 2299 earum
805 2254 1066 2316 rerumquarum
1086 2252 1192 2298 saera·
1244 2231 1346 2297 tidem
1368 2230 1510 2297 hominis
1531 2230 1767 2316 impudentiam
1794 2234 1900 2318 magis
1927 2243 2146 2318 aspernentur
2168 2237 2220 2302 in·

219 2331 331 2387 menta
351 2329 432 2386 sunt
453 2340 520 2384 non
543 2319 712 2397 haberent,
736 2319 869 2394 omnino
892 2331 1098 2385 sacramenta
1126 2338 1192 2382 nen
1244 2317 1344 2403 genui
1364 2317 1511 2403 lectores,
1534 2315 1709 2384 observent
1729 2317 1847 2403 amplis
1869 2319 2127 2410 characteribus,
2156 2343 2220 2406 quc

220 2414 339 2472 essent.
383 2404 524 2489 Exque
551 2405 648 2471 etiam
684 2402 897 2471 similitudine
928 2404 1119 2490 plerumque
1142 2425 1192 2468 re-
1244 2403 1406 2488 insignior
1433 2412 1519 2487 esset
1537 2413 1754 2487 conspectus,
1789 2406 1838 2471 bis
1866 2405 1954 2489 apud
1981 2407 2220 2490 Westphalum

220 2513 295 2557 rum
328 2491 474 2575 ipsarum
506 2496 580 2573 [pag.
610 2496 665 2570 te]
700 2490 833 2556 nomina
871 2490 1044 2575 accipiunt.
1099 2487 1194 2555 Sicut
1244 2489 1442 2556 sententiam
1464 2489 1549 2554 hanc
1571 2488 1736 2573 perscribi,
1759 2492 1937 2575 praeterita
1958 2491 2220 2575 voeeQnodam·

221 2598 298 2662 ergo
320 2574 500 2642 secundum
519 2572 681 2660 quendam
698 2574 841 2655 modum,
864 2585 1194 2643 smnmentumeor-
1245 2574 1357 2653 modo,
1384 2596 1448 2658 qua
1476 2574 1602 2641 tollitur
1630 2576 1736 2642 omnis
1767 2568 1972 2663 ambiguitas.
2021 2577 2107 2661 Quis
2129 2579 2220 2645 enim

220 2663 308 2747 peris
330 2660 472 2739 Christi,
500 2682 619 2744 cerpus
642 2660 767 2727 Christi
796 2671 863 2742 est,
891 2659 1063 2748 sanguinis
1085 2682 1192 2728 saera·
1244 2660 1461 2746 figuramvel
1484 2661 1733 2727 similitudinem
1751 2662 1872 2748 diserte
1899 2665 2040 2748 exprimi
2068 2663 2221 2745 audiam,

221 2756 371 2814 mentum
399 2746 534 2829 sanguis
558 2756 621 2832 est:
650 2748 696 2814 ita
720 2756 963 2814 sacramentum
990 2747 1083 2828 fidei,
1112 2746 1194 2828 fides
1246 2745 1406 2830 desensu
1429 2746 1492 2812 scri
1517 2746 1597 2812 toris
1619 2745 1765 2814 dubitet?
1801 2751 1907 2832 Atque
1928 2755 2005 2830 [pag
2025 2754 2079 2831 46]
2098 2761 2140 2815 ut
2156 2750 2221 2817 alio

221 2843 280 2901 est.
324 2830 413 2915 Quid
434 2833 469 2897 in
492 2831 544 2898 his
564 2832 674 2899 verbis
693 2833 888 2917 Westphalo
910 2834 1087 2918 significata
1111 2831 1194 2914 Qui·
1245 2844 1426 2922 transeam,
1455 2768 1554 2899 velim
1576 2834 1659 2901 scire
1681 2855 1723 2899 ex
1744 2835 1955 2918 Westphalo,
1985 2856 2107 2902 nomon
2130 2836 2221 2903 obla·

222 2919 298 2984 dam
319 2917 457 2985 modus?
492 2915 579 3000 Quid
602 2917 781 2984 similitudo
799 2919 888 3004 signi
908 2941 983 2987 eum
1001 2941 1037 2984 re
1055 2920 1193 3004 signata,
1246 2919 1352 2997 tionis,
1372 2917 1456 3002 quod
1478 2917 1597 2984 inillies
1614 2919 1757 3007 occurrit
1777 2921 1864 3005 apud
1886 2922 2122 3007 Augustinum,
2146 2921 2221 2988 nul·

221 3005 381 3090 cbquam
401 3024 522 3069 nomen
538 3003 754 3070 transfertur?
774 3001 884 3079 'Nune
905 3014 945 3069 ut
966 3005 1088 3071 centies
1108 3002 1195 3090 opud
1246 3004 1355 3078 lamna
1392 3002 1595 3070 commodam
1630 3005 1932 3088 interpretationem
1966 3006 2135 3073 admittat:
2177 3031 2221 3075 an

219 3090 444 3177 Augustinum
456 3097 606 3156 occurrat
627 3111 747 3157 nemen
768 3111 805 3156 ec
846 3091 1095 3169 oristenemus
1117 3088 1194 3174 qnid
1246 3112 1326 3157 vero
1348 3091 1376 3156 si
1397 3088 1551 3173 obiiciant
1572 3091 1734 3174 papistae,
1764 3092 1898 3166 musam
1925 3116 2002 3159 vere
2028 3103 2062 3158 et
2088 3115 2148 3177 pro
2172 3094 2221 3160 rie

220 3183 353 3245 sanctus
380 3175 435 3241 vir
466 3176 501 3240 in
533 3174 596 3243 hae
628 3174 782 3260 loquendi
827 3197 920 3241 orma
951 3186 1108 3261 sequutus
1141 3176 1196 3245 sit,
1246 3116 2182 3262 essesacrificium,nonsittempestivahaecsolutic,alibi
2195 3183 2220 3261 ¹)

219 3261 318 3329 Certe
340 3261 586 3346 metonymiam,
617 3283 714 3346 quam
738 3261 839 3337 semel
859 3263 1013 3343 asseruit,
1042 3271 1075 3327 et
1096 3281 1194 3346 quam
1246 3263 1471 3347 Augustinum
1488 3262 1618 3330 tradere
1636 3263 1770 3331 unicum
1788 3265 1990 3344 sacrificium,
2013 3265 2107 3354 euius
2130 3288 2221 3334 nune

219 3349 253 3415 in
276 3346 464 3432 quotidiano
475 3346 630 3414 ecelesiae
652 3369 715 3413 usu
738 3349 769 3413 vi
794 3370 849 3414 ere
871 3347 973 3427 docet,
996 3346 1114 3432 ubique
1136 3369 1194 3432 ag·
1246 3348 1437 3420 memoriam
1460 3347 1671 3430 celebramus,
1694 3348 1859 3426 veteribus
1880 3352 2093 3418 sacramentis
2119 3352 2222 3418 fuisse

220 3442 341 3501 noscet.
385 3431 455 3498 Noc
477 3433 598 3498 mirum
621 3442 672 3499 est
692 3370 841 3586 raedam
863 3433 949 3515 hane
970 3433 1012 3500 ab
1033 3456 1071 3500 eo
1100 3455 1194 3518 prae·
1246 3433 1436 3520 ostensum?
1480 3433 1572 3501 Huic,
1592 3436 1700 3500 autem
1723 3432 1808 3502 dicto
1826 3458 1924 3520 quam
1947 3437 2044 3503 affine
2067 3438 2111 3502 sit
2133 3435 2221 3521 quod

219 3519 328 3608 scribi,
350 3519 405 3603 qui
429 3526 540 3603 aperte
558 3519 709 3598 affirmat,
748 3518 900 3586 ¹hristum
924 3540 1055 3586 vocasse
1076 3539 1193 3604 corpus
1246 3520 1358 3586 statim
1380 3519 1545 3603 sequitur,
1573 3519 1747 3585 aestiment
1768 3521 1912 3587 lectores.
1957 3522 2077 3602 Huius,
2100 3525 2220 3613 inquit,

220 3626 331 3685 suum,
360 3600 461 3689 quum
490 3605 622 3692 signum
644 3603 739 3670 daret
760 3606 910 3690 corporis
935 3605 1033 3690 suist)
1076 3608 1123 3669 ‘At
1145 3602 1194 3669 di·
1245 3605 1404 3681 sacrificii,
1427 3626 1501 3670 carc
1523 3612 1558 3673 et
1579 3606 1714 3690 sanguis
1731 3617 1809 3671 ante
1826 3607 2005 3689 adventum
2016 3606 2143 3675 Christi
2160 3630 2222 3693 per

221 3700 307 3755 serta
340 3689 442 3755 tradit
469 3691 677 3774 Augustinus
706 3712 824 3775 corpus
854 3690 981 3757 Christi
1011 3690 1127 3756 cadere
1160 3691 1193 3772 in
1246 3692 1396 3758 victimas
1425 3690 1683 3775 similitudinum¹
1705 3694 1971 3776 promittebatur,
2001 3695 2035 3759 in
2067 3695 2221 3777 passione

221 3785 353 3853 terram,
376 3775 466 3840 etin
488 3797 523 3842 os
545 3773 689 3861 ingredi,
719 3796 837 3860 nempe
858 3775 971 3842 eodem
993 3797 1101 3854 sensu,
1130 3795 1193 3859 quo
1246 3776 1370 3844 Christi
1392 3776 1579 3860 peripsam
1601 3777 1775 3844 veritatem
1786 3777 1991 3859 reddebatur,
2015 3789 2087 3864 post
2105 3801 2222 3847 aseen-

222 3871 256 3926 et
277 3856 599 3927 consumiat'firmat.
645 3860 860 3928 Fatebiturne
881 3855 1098 3946 Westphalus
1120 3884 1194 3946 per·
1245 3861 1336 3941 sum,¹
1351 3882 1439 3928 vero.
1462 3883 1522 3945 per
1537 3874 1796 3933 ,sacramentum
1824 3866 1998 3931 memoriae
2026 3864 2229 3933 celebratur„

221 3953 295 4012 acta
316 3945 463 4032 mysterii
490 3945 705 4014 celebratione
733 3951 881 4024 consumi
903 3946 1029 4035 Christi
1049 3946 1198 4035 corpus‘l
1246 3949 1338 4016 Haec
1368 3948 1468 4013 verba
1500 3944 1621 4014 viderit
1648 3949 1835 4035 Ioaohimus
1862 3948 2021 4035 quomodo
2050 3973 2128 4018 eum
2152 3975 2222 4020 suc

222 4031 325 4115 Atqui
355 4050 414 4113 per
434 4032 680 4118 incogitantiam
709 4030 794 4100 haee'
820 4056 861 4098 ex
884 4032 1070 4119 Augustino
1093 4031 1197 4119 verba
1246 4034 1399 4120 dogmate
1422 4033 1586 4113 conciliet,
1615 4055 1733 4119 eorpus
1755 4035 1842 4120 quod
1861 4036 1961 4102 semel
1983 4037 2020 4102 in
2041 4058 2141 4105 cruce
2162 4061 2223 4123 per

223 4120 298 4198 [pag.
325 4122 379 4196 44]
416 4117 539 4182 recitat
596 4115 691 4185 Addo
727 4119 848 4203 etiam,
880 4118 944 4203 uod
978 4118 1091 4185 ecdem
1124 4119 1194 4185 loeo
1246 4121 1420 4186 veritatem
1441 4119 1625 4186 exhibitum
1647 4120 1718 4199 fuit,
1740 4144 1829 4189 nunc
1851 4122 2007 4204 celebrari
2029 4144 2089 4207 per
2110 4145 2231 4208 sacrae

222 4202 334 4268 statim
358 4203 513 4285 sequitur.
547 4204 728 4289 Postquam
744 4205 831 4271 enim
855 4141 940 4270 dixit
956 4201 1199 4293 peract'cmys·v
1246 4221 1394 4272 mentum
1427 4205 1613 4273 memoriae.
1669 4207 1795 4291 Atque,
1833 4219 1871 4273 ut
1901 4207 1963 4275 hcc
1995 4210 2223 4276 testimonium

220 4288 303 4366 terio
331 4308 448 4371 panem
477 4291 634 4367 consumi,
657 4292 734 4374 quia
756 4291 952 4370 hominibus,
975 4291 1091 4374 inquit,
1113 4290 1199 4369 haec,
1225 4292 1411 4370 omittam,
1440 4292 1599 4376 quianon
1622 4290 1945 4378 videtflquaeeunque
1973 4299 2046 4375 [pag
2065 4300 2120 4376 47]
2145 4317 2224 4380 pro·

221 4384 299 4440 noto
323 4380 416 4451 sunt,
450 4373 527 4455 quia
549 4396 607 4458 per
630 4374 780 4442 homines
803 4376 898 4462 fiunt,
932 4377 1090 4442 honorem
1122 4385 1194 4441 tau·
1246 4378 1332 4442 ierre
1353 4387 1489 4443 conatus
1511 4391 1569 4457 est,
1592 4377 1780 4463 plusquam
1799 4378 2224 4468 frivolaesseletAugus-

221 4481 319 4545 quam
353 4458 508 4543 religiosa
539 4470 676 4543 possunt
702 4461 841 4542 habere,
873 4471 1004 4546 stupore
1037 4472 1195 4547 tanquam
1247 4463 1360 4527 tinum-
1379 4464 1541 4551 quamuis¹
1559 4485 1602 4529 ex
1633 4463 1720 4531 illius
1753 4465 1914 4545 manibus,
1935 4487 2036 4540 nemo·
2063 4469 2222 4548 excutiat,

220 4546 307 4611 mira
327 4565 394 4610 non
416 4545 600 4645 possuntfl)
637 4543 674 4611 Si
693 4542 882 4632 Westphali
904 4558 1124 4614 commentum
1142 4569 1193 4612 re
1246 4557 1362 4632 sponte
1390 4558 1502 4615 tamen
1527 4571 1588 4615 sua
1615 4549 1720 4615 elabi?
1778 4549 1873 4624 Adde
1905 4550 1993 4635 quod
2023 4550 2154 4620 delectu
2187 4577 2224 4621 se

221 4632 389 4716 cipiamus,
410 4630 565 4696 latereet
586 4630 836 4699 lntlusumesse
858 4633 1036 4718 subponis
1057 4633 1195 4699 frustulo
1247 4655 1343 4701 usum
1370 4633 1471 4702 fuisse
1498 4635 1665 4714 iactitans,
1694 4636 1784 4701 omni
1811 4637 1847 4701 in
1873 4647 2043 4721 posterum
2071 4638 2225 4716 molestia

222 4739 339 4802 corpus
361 4716 495 4796 Christi,
516 4717 588 4800 quis
609 4716 716 4801 neget
730 4718 866 4818 dignum
887 4732 1021 4804 stupore
1041 4741 1112 4785 esse
1134 4721 1194 4784 mi·
1247 4742 1299 4786 me
1316 4719 1453 4787 ,liberat
1506 4719 1593 4789 Nam
1621 4742 1721 4806 quum
1750 4720 1880 4790 andus
1907 4722 1944 4804 iu
1974 4723 2061 4789 illius
2087 4726 2224 4810 scriptis

222 4801 391 4868 taculum?
442 4799 582 4869 Desinat
613 4803 721 4886 itaque
747 4805 945 4888 simplicium
972 4806 1194 4892 perstringere
1247 4816 1398 4871 versatus
1425 4805 1467 4872 ad
1495 4828 1640 4893 unguem
1659 4815 1775 4894 ‚mneat
1803 4816 1905 4874 totam
1932 4811 2002 4876 eius
2024 4808 2222 4894 doctrinam,

203 4924 205 4932 ¹
437 4935 439 4938 ,

222 4940 427 4955 m

294 5024 325 5093 1)
344 5025 385 5081 su
403 5024 525 5091 conisae,
543 5027 621 5097 epto
638 5022 683 5080 aa.
826 5006 828 5012 ⁴
912 5069 917 5081 .
1315 5028 1340 5094 *l
1361 5025 1425 5083 seu
1443 5046 1488 5098 ap.
1505 5028 1691 5098 uaesana
1707 5028 1933 5098 (erarem)
1992 4996 2231 5090 oxxxrrr'

290 5091 321 5161 ἱ)
340 5095 441 5150 Contra
456 5094 626 5151 Adimantum
644 5092 831 5149 Manichaeum'
848 5109 908 5169 cap.
924 5093 967 5150 12.
1316 5095 1363 5162 *’)
1381 5096 1421 5152 Cf.
1544 5098 1577 5151 'a
1586 5098 1615 5152 in
1628 5097 1728 5153 Praise.
1738 5098 1781 5155 33.
1801 5098 1884 5153 Seres.
1896 5098 1920 5170 1,
1934 5100 1957 5169 §.
1983 5098 2008 5154 0.
2029 5100 2220 5169 Commi.

291 5159 717 5242 8)Lib.iide'l'riu.eap.110.
1316 5163 1345 5230 1)
1365 5164 1464 5221 Contra
1506 5173 1612 5222 austum
1630 5167 1818 5224 Manichaeum
1835 5169 1880 5223 lib.
1897 5166 1923 5237 6,
1941 5185 1998 5237 cap.
2015 5167 2039 5222 b.
2104 5174 2107 5179 '
2135 5238 2137 5241 Ι
