4620 5828
129 237 132 242 '
215 231 274 294 531
534 298 535 301 Ἴ
1079 221 1341 291 RESPONSIO
2141 227 2199 288 532

214 415 315 481 cessit
335 412 511 479 moderatio
540 423 573 479 et
601 412 744 496 gravitas
770 411 963 494 plusquam
985 410 1104 477 virilis:
1137 411 1184 477 sic
1237 410 1300 488 bat,
1324 409 1451 493 piorum
1474 418 1608 475 conatus
1624 408 1849 475 discuteretur
1866 409 2046 493 dissiparet
2080 410 2201 497 Super·

215 519 332 565 exosas
353 519 436 582 quac
457 498 666 564 caeremoniis
686 497 850 563 admixtae
868 504 964 562 erant
983 496 1184 579 corruptelas
1236 496 1348 560 cilium
1376 495 1555 580 quamlibet
1584 495 1715 572 efferat,
1749 494 1913 561 serviliter
1945 494 2071 562 adulari
2102 497 2203 563 voluit
2242 543 2245 546 -

216 583 380 662 habuisse,
402 590 440 648 ut
456 583 600 667 politiam
613 583 774 661 ecclesiae,
798 601 881 665 qnae
902 581 953 647 his
974 581 1184 648 caeremoniis
1236 602 1319 646 novo
1347 589 1497 666 patrono,
1524 581 1578 646 cui
1604 581 1665 646 hoo
1687 590 1906 646 commentum
1933 581 2108 663 placuisse,
2138 604 2202 648 non

216 670 285 734 fere
306 677 446 746 constat,
475 690 542 733 non
564 668 726 734 sublatam
748 676 781 733 et
803 687 960 746 eversam,
989 668 1045 732 sed
1067 689 1182 833 reRur·
1236 675 1286 732 est
1308 666 1393 749 quod
1414 667 1579 731 miremur.
1635 664 1797 749 Coeperat
1822 668 1909 731 enim
1935 675 2090 733 sexanto
2112 690 2203 733 men·

218 763 328 839 getam
357 759 428 833 [pag.
455 758 506 833 10]
533 763 565 818 et
593 754 798 819 emendatam
834 774 904 818 esse
938 752 1044 835 vellet.
1132 752 1183 817 uis
1236 752 1325 818 sibus
1345 752 1386 816 ad
1407 752 1493 817 hanc
1513 751 1630 834 praxin
1651 752 1799 816 animum
1820 751 1968 830 adiicere,
1990 760 2022 818 et
2044 753 2203 836 quotidia-

217 850 364 905 maturae
385 840 500 904 aetatis
521 840 590 904 viro
611 859 697 905 nnnc
720 838 837 903 audeat
859 835 1060 921 obstrepere,
1090 838 1143 920 qui
1165 858 1184 900 a
1235 859 1298 902 nae
1318 838 1387 902 eius
1410 857 1504 902 voces
1525 837 1590 901 iam
1612 837 1678 902 fera
1706 840 1741 902 in
1766 837 1973 919 proverbium
1995 840 2203 917 transierant,

216 925 339 991 teneris
359 925 454 990 annis
475 924 620 1007 angelica
643 924 834 1004 dexteritate
856 923 1029 1006 praeditus,
1052 932 1085 987 et
1107 944 1183 1006 pru·
1235 921 1490 989 inconsideratos
1511 943 1581 988 esse
1604 923 1659 1005 qui
1688 943 1723 987 se
1750 921 1972 988 reformationi
1994 932 2202 1007 opponerent

218 1009 328 1075 dentia
348 1009 493 1074 imbutus
515 1009 606 1074 erat?
650 1010 738 1074 Hinc
759 1011 797 1074 fit
819 1017 856 1074 ut
877 1017 1028 1074 vereatur
1048 1016 1183 1074 naturae
1236 1008 1362 1091 Cupide
1390 1028 1467 1091 ergo
1496 1007 1637 1074 oblatam
1670 1012 1744 1086 [pag.
1770 1014 1819 1085 ιι]
1847 1008 2001 1074 turbandi
2033 1010 2203 1075 materiam

218 1094 399 1161 adscribere
421 1103 546 1160 tantam
568 1096 817 1176 praestantiam:
836 1094 1183 1177 quanquamdubitan·
1236 1094 1389 1176 arripuit,
1420 1101 1458 1158 ut
1484 1094 1612 1176 piorum
1638 1092 1746 1157 studia
1766 1093 1946 1177 frangeret:
1980 1094 2203 1178 quianullum

218 1189 267 1246 ter
290 1190 441 1245 naturam
468 1180 529 1244 sibi
556 1180 654 1245 fuisse
684 1180 798 1245 ducem
826 1180 992 1264 gloriatur.
1043 1178 1185 1244 'Pellitur
1236 1178 1448 1262 abrumpendi
1470 1200 1585 1245 cursus
1606 1177 1832 1267 compendium
1849 1178 1966 1245 melius
1987 1181 2039 1259 sit,
2062 1182 2203 1264 quamsi

217 1265 348 1349 quidem
371 1267 509 1348 suspicio
531 1265 585 1332 hio
602 1265 689 1348 loqui
700 1265 908 1343 Balduinum,
932 1265 1184 1348 quilongissime
1236 1265 1315 1330 haec
1337 1264 1456 1330 nebula
1478 1262 1736 1330 obtenebrandae
1758 1264 1823 1329 luci
1841 1273 2023 1349 spargatur.
2069 1264 2203 1332 Correo·

218 1372 346 1434 semper
368 1351 408 1415 ab
436 1353 523 1415 omni
552 1352 826 1416 caeremoniarum
855 1352 1038 1416 reverentia
1071 1349 1183 1415 abfuit
1236 1352 1324 1415 tione
1353 1349 1481 1431 quidem
1511 1370 1592 1431 opus
1625 1370 1709 1415 esse:
1744 1348 1801 1414 sed
1829 1351 1869 1416 ab
1898 1351 2026 1417 acribus
2053 1352 2204 1418 remediis

303 1436 458 1519 Iamque
481 1435 646 1501 decentius
668 1437 728 1503 sibi
747 1438 888 1502 censoris
910 1444 1019 1520 partes
1041 1441 1183 1517 usurpet,
1237 1456 1303 1500 non
1325 1437 1433 1500 minus
1455 1456 1525 1500 esse
1547 1434 1691 1517 periculi,
1713 1455 1809 1518 quarn
1832 1435 1872 1500 ab
1894 1436 1969 1519 ipsc
1982 1437 2109 1504 morbo:
2129 1439 2205 1521 quia

217 1521 281 1586 viri
314 1542 485 1604 personam
525 1521 638 1585 induit.
693 1520 758 1586 Ubf
796 1522 914 1585 iterum
953 1520 1185 1604 perspicaciam
1224 1520 1380 1586 exitialis
1402 1522 1445 1584 sit
1466 1521 1624 1585 severitas
1642 1541 1723 1602 quac
1746 1518 1987 1586 ad'extremum
2005 1538 2107 1606 usqne
2124 1523 2205 1588 vitia

218 1628 317 1672 suam
333 1607 412 1672 satis
434 1606 610 1671 liberaliter
632 1606 774 1671 extollit:
806 1604 891 1689 quod
912 1627 989 1670 mox
1011 1616 1184 1687 antequam
1235 1605 1452 1689 persequitur,
1472 1625 1531 1670 neo
1553 1604 1874 1671 modumsanationis
1891 1614 2060 1689 temperat
2091 1608 2204 1675 Unum

217 1714 258 1757 ex
280 1693 423 1774 professo
448 1696 520 1770 [pag.
547 1696 598 1771 11]
621 1691 661 1756 ad
689 1691 950 1774 cognoscendum
981 1712 1015 1756 se
1038 1693 1185 1774 accinge·
1237 1693 1298 1759 hcc
1320 1713 1407 1756 nnnc
1430 1691 1547 1775 agunt'
1561 1691 1617 1774 qui
1645 1691 1781 1773 cupiunt
1805 1691 1840 1755 in
1863 1692 1973 1758 Gallia
1994 1695 2124 1758 restitui
2146 1716 2204 1777 pu-

220 1786 279 1856 ret,
293 1776 559 1841 animadverterit
578 1799 631 1842 ecs
644 1778 697 1859 qui
716 1799 835 1860 pravas
847 1776 1013 1859 opiniones
1025 1778 1186 1860 corrigere
1238 1800 1310 1842 rum
1333 1777 1395 1841 Dei
1423 1776 1564 1853 cultum,
1594 1784 1631 1840 ut
1657 1776 1792 1842 ecclesia
1819 1775 1967 1843 sordibus
1995 1787 2029 1844 et
2055 1780 2204 1862 inquina-

219 1862 402 1939 studcbant,
425 1861 500 1945 ὑπὲρ
524 1861 557 1924 τὰ
576 1867 743 1943 ἐσκαμμένα
765 1862 921 1945 prosilire.
966 1863 1100 1940 Mirum,
1122 1862 1186 1927 nisi
1237 1863 1365 1938 mentis,
1388 1861 1504 1943 quibus
1526 1862 1644 1926 misere
1661 1860 1787 1926 foedata
1804 1870 1862 1940 est,
1885 1873 2051 1947 purgetur.
2085 1866 2204 1930 Erum·

220 1947 299 2012 haec
320 1956 388 2011 tam
413 1948 611 2013 admirabilis
638 1949 672 2011 in
700 1948 838 2013 obscuro
864 1948 942 2012 vitio
970 1946 1112 2011 notando
1136 1968 1185 2011 sc-
1237 1957 1292 2031 pet
1314 1947 1419 2012 subito
1441 1945 1657 2012 conductitius
1678 1947 1873 2013 intercessor
1883 1950 1937 2031 qui
1958 1949 2133 2015 admoneat
2151 1949 2204 2014 diu

219 2035 342 2097 veritas
363 2042 484 2098 terreat
514 2055 625 2098 omnes
654 2054 692 2097 ac
719 2044 915 2116 compescat,
943 2041 1101 2116 cogatque
1123 2032 1185 2097 lin·
1238 2043 1331 2098 tanta
1353 2037 1426 2111 [pag.
1448 2037 1499 2112 16]
1521 2030 1562 2096 de
1590 2054 1625 2096 rc
1653 2031 1898 2098 deliberandum
1921 2054 1999 2100 esse.
2044 2034 2206 2115 Quamvis

218 2138 301 2202 guas
322 2139 434 2182 omnes
456 2118 684 2184 obmutescere.
736 2118 880 2183 'landem
910 2120 1037 2201 scriptis
1064 2119 1185 2183 utrius·
1238 2119 1326 2184 enim
1347 2118 1497 2201 plurimis
1519 2118 1609 2182 vitiis
1631 2127 1783 2200 corrupta
1804 2119 1848 2182 sit
1868 2118 1995 2202 religio,
2025 2129 2058 2185 et
2079 2121 2204 2205 gravis

219 2225 280 2287 qne
302 2204 404 2287 partis
427 2203 597 2288 diligenter
624 2212 657 2269 et
679 2212 803 2268 attente
829 2204 1022 2269 examinatis
1045 2204 1087 2287 (si
1109 2223 1187 2268 vera
1238 2205 1328 2269 simis
1358 2203 1480 2268 morbis
1506 2201 1631 2267 laboret
1659 2203 1808 2281 ecelesia,
1837 2207 1884 2269 fas
1913 2217 2022 2270 tamen
2045 2227 2114 2270 non
2138 2226 2207 2272 esse

218 2290 347 2372 narrat)
376 2289 523 2370 ultroque
556 2301 589 2353 et
624 2291 705 2353 citro
731 2289 802 2372 pari
830 2290 991 2372 aequitate
1024 2290 1184 2370 expensis,
1238 2298 1367 2355 sacram
1393 2308 1547 2353 romanae
1589 2288 1741 2353 ecclcsiae
1774 2291 1981 2354 autoritatem
2011 2291 2205 2370 convellere,

219 2372 378 2439 arbitrum
408 2396 441 2439 se
465 2376 693 2458 interponens,
726 2375 861 2438 nimiam
888 2375 1130 2440 vehementiam
1153 2383 1186 2439 et
1236 2376 1401 2456 totiusque
1433 2372 1640 2439 occidentalis
1677 2374 1832 2440 ecclesiae
1867 2384 2004 2454 statum,
2043 2378 2099 2459 qui
2132 2375 2206 2442 inde

218 2479 385 2524 excessum
414 2460 447 2522 in
476 2469 612 2542 utraque
641 2468 732 2542 parte
760 2460 915 2524 damnat:
957 2460 1084 2543 Nempe
1111 2460 1195 2541 quia.
1237 2459 1365 2544 pendet,
1388 2458 1592 2525 labefactare:
1617 2459 1692 2541 quia
1713 2460 1784 2525 sine
1805 2461 1940 2527 crimine
1962 2461 2154 2528 defectionis
2174 2471 2207 2528 et

218 2544 344 2609 audivit
365 2552 403 2607 ut
424 2544 601 2627 plurimum
624 2546 659 2608 in
678 2552 768 2610 aestu
787 2545 1026 2611 contentionum
1050 2544 1091 2609 id·
1105 2545 1185 2610 acci·
1237 2545 1420 2610 schismatis
1448 2553 1612 2628 perpetua,
1642 2566 1722 2626 quae
1745 2544 1785 2609 ab
1806 2546 1886 2629 ipsis
1909 2547 2064 2629 apostolis
2085 2547 2205 2615 hucus-

218 2628 304 2706 dere,
326 2629 470 2694 facturus
492 2629 552 2695 sibi
575 2651 691 2713 operae
713 2630 853 2713 pretium
872 2631 961 2695 visus
980 2638 1038 2709 est,
1061 2629 1185 2709 si‘[pag.
1236 2652 1298 2714 qne
1320 2630 1451 2696 duravit
1472 2630 1642 2708 successio,
1666 2630 1945 2714 violari-nequeat.
1978 2632 2048 2699 Nec
2068 2632 2207 2698 deerunt

222 2718 273 2793 12]
296 2714 415 2797 integri
438 2715 527 2778 etad
550 2735 709 2780 summam
736 2715 988 2781 moderationem
1017 2716 1184 2799 compositi
1236 2716 1466 2799 suffragatores
1488 2715 1530 2780 ad
1551 2716 1692 2799 reliquas
1713 2716 1842 2782 fabulae
1864 2726 1971 2800 partes
1992 2718 2204 2785 subordinate

218 2798 359 2864 hominis
388 2800 657 2866 existimationem
692 2800 753 2865 sibi
780 2801 969 2884 acquireret.
1024 2801 1113 2884 Ergo
1147 2809 1185 2865 nt
1236 2804 1288 2867 lta
1312 2822 1396 2867 vana
1417 2801 1567 2866 utilitatis
1592 2802 1698 2884 specie
1716 2820 1828 2868 omnes
1851 2803 1978 2884 piorum
2001 2812 2139 2870 conatus
2160 2806 2206 2869 fa·

217 2883 328 2950 sedate
361 2886 479 2950 animo
503 2883 543 2950 ad
571 2906 738 2951 censuram
772 2885 932 2970 agendam
964 2909 998 2953 se
1032 2885 1185 2952 accedere
1236 2895 1305 2954 cete
1327 2886 1467 2952 eludent.
1511 2886 1584 2951 Hac
1606 2887 1735 2952 vafritie
1755 2887 1901 2953 libellum
1922 2889 2021 2955 fuisse
2043 2911 2064 2954 a
2081 2889 2206 2955 larvata

216 2970 345 3053 probet,
373 2969 520 3037 consulto
547 2971 582 3036 se
609 2973 649 3038 ab
677 2973 766 3036 omni
787 2973 932 3055 partium
953 2972 1063 3038 studio
1085 2971 1184 3039 absti-
1235 2973 1438 3057 pacificatore
1465 2979 1670 3050 contextum,
1698 2973 1792 3037 facile
1813 2993 1854 3038 ex
1877 2979 1950 3052 [pag.
1977 2979 2027 3054 17]
2049 2984 2205 3041 contextu

216 3055 326 3121 nuisse
347 3052 433 3121 dicit.
477 3054 544 3121 Sed
563 3078 662 3139 quum
684 3065 811 3123 certum
832 3057 874 3123 sit
891 3079 966 3123 eum
989 3077 1055 3123 non
1075 3059 1185 3124 minus
1236 3057 1481 3143 deprehendent
1496 3057 1624 3123 oculati.

215 3141 352 3206 fervoris
373 3141 450 3206 olim
472 3161 548 3224 prae
575 3165 610 3208 sc
631 3142 759 3221 tulisse,
787 3163 885 3226 quam
913 3164 992 3226 quos
1018 3165 1106 3207 nunc
1134 3145 1184 3208 in·
1322 3142 1409 3207 Hace
1429 3163 1526 3226 porro
1548 3143 1646 3208 totins
1663 3143 1838 3227 farraginis
1848 3164 1977 3209 summa
1997 3157 2056 3225 est,
2078 3146 2206 3211 nullum

216 3226 450 3309 temperantiae
472 3236 609 3306 accusat,
638 3227 715 3311 quid
737 3228 829 3293 iuvat
851 3236 1016 3312 spectrum
1037 3228 1111 3295 altis
1133 3251 1184 3294 co-
1235 3250 1329 3313 posse
1351 3229 1470 3293 certius
1492 3229 1649 3293 iudicium
1670 3229 1821 3307 inveniri,
1846 3250 1943 3313 quarn
1966 3230 1995 3295 si
2015 3232 2089 3313 ipsa
2106 3232 2205 3314 scrip·

216 3312 346 3377 thnrnis
368 3311 518 3377 indutum
540 3314 574 3377 in
595 3335 724 3379 scenam
746 3313 907 3393 inducere,
936 3322 974 3378 ut
994 3335 1029 3379 se
1051 3315 1184 3397 genium
1236 3323 1319 3392 tura,
1353 3315 1485 3397 eiusque
1519 3334 1599 3379 vera
1628 3313 1845 3399 intelligentia
1885 3314 2086 3381 adhibeatur.
2142 3317 2206 3382 Hic

216 3397 324 3462 nescio
354 3417 449 3480 quem
478 3419 496 3462 e
529 3399 618 3464 coelo
646 3399 816 3482 delapsum
843 3399 1060 3482 persuadeat?
1110 3400 1185 3464 Hoc
1236 3401 1341 3483 primo
1372 3397 1546 3465 observent
1582 3399 1734 3478 lectores,
1774 3401 1971 3484 scripturam
2001 3401 2039 3465 in
2079 3423 2205 3467 summo

215 3482 410 3547 refellendae
431 3483 565 3566 putidae
586 3491 619 3548 et
640 3483 741 3549 futilis
763 3486 967 3570 arrogantiae
990 3505 1090 3551 eausa
1111 3486 1183 3551 bre·
1297 3484 1341 3550 du
1363 3485 1409 3549 ita
1430 3484 1538 3562 locari,
1557 3493 1594 3549 ut
1615 3505 1691 3568 pars
1712 3494 1823 3550 tamen
1840 3485 1949 3551 indicii
1972 3485 2106 3552 aliunde
2127 3509 2205 3570 pen·

214 3569 298 3633 viter
320 3567 441 3633 dictum
463 3569 613 3650 oportuit.
1236 3506 1319 3636 lile.
1364 3569 1460 3650 Quod
1483 3569 1524 3634 ad
1546 3569 1796 3655 intelligentiam
1818 3572 1967 3654 pertinet,
1994 3572 2100 3636 fateor
2127 3594 2204 3638 sane

303 3654 349 3718 Ac
378 3674 419 3718 ne
457 3654 510 3719 cui
532 3653 644 3720 vidcar
676 3654 773 3720 nimis
800 3656 945 3738 praecise
971 3662 1030 3720 aut
1057 3676 1184 3723 morose
1236 3678 1301 3720 non
1322 3654 1395 3720 ideo
1417 3653 1570 3720 traditam
1598 3675 1668 3721 esse
1696 3657 1890 3740 scripturam
1919 3664 1957 3721 ut
1981 3656 2111 3723 aboleat
2130 3679 2203 3742 pro·

217 3736 383 3802 hominem
406 3740 586 3821 aspernari,
618 3744 692 3820 [pag.
717 3744 769 3819 13]
793 3741 857 3822 qui,
880 3748 919 3806 ιιι
940 3740 1052 3824 vigeat
1072 3742 1184 3825 purior
1235 3740 1363 3825 photiae
1380 3738 1516 3806 donum:
1549 3740 1684 3823 ideoque
1705 3741 1878 3807 tenendam
1895 3753 1973 3807 'esse
1994 3743 2088 3808 Petri
2110 3765 2204 3828 regn·

216 3821 339 3905 religio,
368 3833 489 3889 certam
511 3824 652 3908 aliquam
673 3825 940 3901 reformationem
961 3834 1112 3909 expetere
1136 3829 1183 3893 vi·
1234 3827 1309 3904 lam,
1333 3847 1399 3891 non
1420 3847 1490 3891 esse
1512 3826 1659 3909 privatae
1682 3827 1749 3891 inte
1790 3827 1959 3892 retationis
1980 3849 2063 3911 quae
2086 3831 2205 3912 scripta
2296 3874 2308 3891 .

217 3904 325 3971 detur:
349 3917 523 3991 antequam
540 3909 880 3995 longiusprcgrsdiar,
902 3910 1093 3977 insidiosam
1112 3912 1183 3976 vul·
1235 3920 1312 3978 sunt
1331 3912 1395 3977 Dei
1417 3911 1560 3976 oracula:
1589 3912 1665 3995 quia
1688 3848 1916 3977 ncnrhominis
1939 3914 2106 3981 voluntate
2128 3915 2203 3980 olim
2293 3968 2308 3977 .

216 3991 266 4074 pis
286 3993 439 4057 astutiam
457 3995 598 4060 breviter
614 3995 765 4079 detegere
785 4005 990 4062 neeesseest
1025 3996 1089 4062 Oui
1108 4018 1182 4081 gra·
1235 3997 1333 4062 allata
1354 4004 1403 4061 est
1426 3996 1610 4080 prophetia,
1638 3997 1696 4063 sed
1722 4018 1742 4061 a
1770 3999 1893 4080 spiritu·
1913 4007 2024 4065 sancto
2054 4003 2128 4079 [pag.
2154 4005 2202 4080 la]
2288 4006 2308 4076 Ι

215 4077 365 4154 tifieetur,
388 4086 504 4162 etqua
525 4101 581 4163 spe
602 4080 780 4150 conductus
801 4082 1001 4165 provinciam
1022 4082 1183 4168 hancap-
1233 4082 1365 4165 impulsi
1386 4083 1490 4148 saneti
1512 4082 1661 4149 homines
1682 4083 1808 4166 loquuti
1819 4093 1898 4149 sunt
1915 4085 1959 4168 (2.
1972 4085 2042 4150 Pet
2062 4090 2087 4162 1,
2104 4089 2201 4166 las).
2288 4135 2303 4146 .

214 4161 376 4246 petiverit,
389 4163 432 4226 in
455 4169 637 4245 praesentia
659 4187 725 4231 non
743 4166 883 4250 disputo.
919 4167 1016 4234 Certe
1033 4188 1096 4250 qna
1113 4188 1182 4232 am·
1234 4170 1280 4233 At
1301 4189 1380 4232 vero
1401 4168 1497 4252 longe
1524 4168 1588 4233 alio
1618 4189 1677 4233 nos
1700 4169 1804 4233 trahit
1830 4190 1942 4235 censor
1969 4171 2037 4236 suis
2059 4170 2202 4256 ambagi-
2262 4203 2301 4216 ⁶

215 4248 336 4314 biticne
363 4257 397 4311 ct
425 4250 563 4314 avaritia
590 4254 721 4336 flagrat,
752 4251 868 4318 deinde
897 4270 961 4336 qua
988 4252 1183 4319 confidentia
1233 4254 1304 4331 bus,
1327 4275 1368 4319 ne
1390 4253 1466 4336 quid
1489 4255 1645 4318 momenti
1657 4255 1692 4318 in
1708 4276 1742 4318 se
1755 4256 1925 4319 contineat
1946 4256 2118 4339 scriptura,
2142 4257 2204 4322 nisi
2224 4251 2299 4317 j'

214 4341 264 4399 est
284 4334 427 4411 inflatus,
449 4355 516 4398 non
535 4336 705 4420 vulgarem
727 4335 791 4404 sibi
799 4337 982 4404 mercedem
1004 4340 1179 4424 proposuit.
1234 4337 1344 4404 adiuta
1365 4338 1536 4405 hominum
1559 4338 1706 4404 decretis.
1741 4340 2021 4423 Ergo‘postqnam
2046 4344 2138 4408 visua
2155 4346 2296 4408 esta

213 4419 289 4485 Non
301 4426 377 4483 utar
388 4419 580 4485 coniecturis
597 4433 752 4505 tanquam
771 4424 805 4489 in
823 4446 859 4489 re
873 4424 1033 4507 ambigua.
1066 4423 1182 4489 Sciunt
1233 4423 1354 4506 aliquid
1377 4423 1702 4508 seripturaedeferre,
1724 4427 1758 4490 in
1780 4427 1850 4491 eius
1867 4425 1973 4492 locum
1991 4426 2112 4493 ‘callido
2129 4428 2293 4494 sub-

215 4504 303 4569 milla
325 4511 424 4569 testes
445 4504 480 4568 in
502 4506 593 4569 cuius
615 4507 798 4575 clientelam
821 4532 855 4575 se
873 4530 978 4594 nuper
999 4509 1180 4587 contulerit,
1233 4510 1340 4575 stituit
1359 4507 1528 4574 hominurn
1555 4509 1695 4593 placita,
1716 4532 1799 4594 quae
1821 4511 1998 4577 catholicae
2019 4512 2289 4579 traditionim

213 4591 265 4656 cui
288 4589 384 4656 fidem
403 4609 497 4655 suam
510 4590 728 4672 obstrinxerit,
750 4594 803 4659 cui
820 4616 854 4660 se
875 4595 1052 4672 devoverit,
1075 4605 1108 4658 et
1124 4595 1181 4660 ad·
1233 4595 1337 4679 elogio
1356 4594 1507 4678 insignit:
1535 4604 1572 4661 ut
1592 4597 1712 4662 veritas
1733 4617 1800 4661 non
1822 4597 1951 4681 scripta,
1974 4617 2072 4680 quam
2095 4599 2281 4683 appel-

213 4675 334 4741 dixerit
355 4696 415 4740 sua
436 4674 597 4759 obsequia,
620 4679 671 4742 cni
688 4678 827 4762 denique
848 4680 995 4745 libellum
1013 4701 1106 4745 suum
1126 4678 1181 4745 cb
1232 4680 1288 4755 lat,
1310 4678 1352 4745 ad
1374 4680 1572 4746 dirimendas
1595 4703 1707 4746 omnes
1735 4685 1970 4748 controversias
1998 4704 2066 4748 una
2086 4684 2272 4750 valeat-

212 4761 333 4839 tulerit,
357 4783 432 4843 non,
445 4761 566 4844 absque
589 4762 807 4829 condimento·
833 4771 906 4845 [pag.
934 4771 983 4846 ιι]
1004 4766 1090 4830 Nam
1107 4767 1182 4849 quia
1233 4766 1346 4848 Neque
1365 4773 1476 4831 tamen
1498 4788 1550 4831 me
1571 4765 1650 4831 latet·
1667 4767 1753 4833 hanc
1774 4789 1846 4834 csse
1867 4777 2013 4833 veterem
2035 4780 2077 4833 et
2090 4771 2269 4835 tritm·

213 4845 305 4912 labra
333 4854 445 4912 nactus
475 4856 545 4912 erat
571 4847 690 4912 similia
717 4851 785 4914 suis
815 4850 964 4930 lactucis,
993 4872 1059 4916 non
1087 4872 1181 4935 posse
1233 4852 1439 4929 cantilenam,
1462 4872 1526 4934 qua
1546 4853 1612 4916 iam
1635 4855 1729 4917 annis
1750 4853 1971 4937 quadraginta>
1985 4865 2127 4939 papatus
2143 4858 2252 4920 im.-

214 4931 309 4996 aliter
336 4933 485 5016 componi
513 4939 546 4998 et
572 4934 680 5016 pacari
707 4934 836 4999 Galbae
866 4935 980 5002 turbas
1006 4939 1181 5020 praefatus,
1233 4938 1338 5020 pietas
1360 4937 1492 5002 defensa
1512 4937 1610 5002 fnita
1632 4939 1698 5003 suis
1715 4940 1870 5022 patronis.
1904 4937 1971 5004 Sed
1993 4942 2070 5022 quia
2092 4951 2241 5006 noster

214 5035 310 5097 quam
333 5017 468 5083 sublatis
490 5018 682 5102 quibusdam
706 5019 915 5086 crassioribus
937 5022 1035 5101 vitiis,
1058 5022 1130 5088 sibi
1147 5022 1182 5086 in
1234 5021 1460 5098 Aenobarbus,
1489 5033 1526 5086 ut
1554 5030 1604 5087 est
1627 5023 1736 5088 fronte
1761 5025 1867 5089 ferrea
1889 5032 1922 5089 et
1939 5035 2069 5107 pectore
2090 5025 2222 5108 chaly-

214 5119 313 5165 manu
331 5104 500 5168 artificium
525 5125 595 5171 esse
613 5105 826 5187 iactavitque
847 5106 1012 5187 violentos,
1035 5118 1072 5173 ut
1086 5127 1182 5174 voca·
1232 5106 1301 5187 beo,
1324 5109 1388 5174 nisi
1410 5107 1598 5191 plumbeum
1621 5113 1694 5189 [pag.
1716 5115 1767 5188 19]
1789 5111 1862 5193 quis
1883 5109 1985 5190 malit,
2008 5120 2045 5176 ut
2067 5110 2144 5177 olim
2160 5109 2208 5174 de
