4776 5844
261 231 326 318 ’00
1043 246 1515 318 0000000000Μο
2208 252 2274 315 aas

263 443 380 527 procul
401 441 561 522 reiiciunt,
583 442 688 507 fateor
708 439 840 524 quidem
863 440 1055 504 umbrarum
1076 447 1110 504 et
1127 459 1240 521 corpo-
1292 438 1328 502 in
1351 437 1421 503 sola
1443 437 1805 505 definitionelisrestat
1828 439 1897 504 ‘Et
1914 439 2070 522 quoniam
2085 437 2276 523 ingratiam

263 528 310 593 ris
333 525 511 592 tenendum
534 549 605 593 esse
625 527 810 606 discrimen,
833 526 930 591 modo
952 547 995 591 00
1012 532 1126 609 pereat
1147 522 1241 589 nobis
1292 523 1482 606 Westphali
1500 531 1590 589 recta
1605 543 1660 589 me
1677 531 1803 608 petunt,
1821 545 1956 592 causam*
1971 545 2080 590 meam
2097 523 2275 592 defendere

263 612 452 690 similitudo,
475 635 574 697 quam
595 612 729 695 spiritus
746 616 878 678 sanctus
896 611 983 678 01000
1000 612 1125 677 0000010.
1170 612 1242 675 An·
1294 610 1441 675 sufficiet
1485 610 1668 676 Facessant
1688 610 1801 677 odiosa
1822 621 1986 677 sectarum
2007 610 2150 676 nomina.
2198 608 2277 691 Qus

261 698 373 782 tiques
402 708 436 762 et
462 700 649 764 recentioris
687 697 840 765 ecclesiae
865 697 1053 764 testimonia
1080 716 1143 780 quo
1170 697 1242 761 iure
1293 696 1401 761 fronte
1423 716 1476 761 me
1495 695 1578 760 nihil
1605 701 1679 776 [pag.
1698 702 1784 776 ¹305]
1806 697 1966 781 mysterii,
1989 696 2072 762 nihil
2091 696 2276 780 spiritualis

263 783 443 850 obtendant
464 805 565 871 supra
586 784 713 867 copiose
735 784 871 850 ostendi.
916 784 986 849 Nec
1013 803 1099 848 0000
1119 781 1240 847 refuta·
1293 783 1420 847 fructus
1442 781 1627 865 relinquero
1653 784 1689 846 in
1716 802 1818 848 coena
1840 783 1962 861 dicunt,
1989 783 2067 866 quia
2093 780 2186 848 nuda
2207 782 2275 848 ele·

262 869 352 934 tione
374 890 454 955 opus
477 868 672 953 habetquod
695 870 735 935 de
744 870 979 952 omnipotentia
990 868 1115 935 Christi
1126 889 1243 933 rursus
1295 876 1407 932 menta
1429 876 1547 946 statuo,
1570 887 1653 950 quae
1674 868 1757 933 nihil
1778 890 1799 933 a
1817 869 1942 952 reliquo
1959 889 2045 951 pane
2063 878 2097 933 00
2112 868 2193 934 0100
2211 867 2275 933 dit·

261 956 391 1020 iactant.
436 955 532 1036 Quod
554 976 631 1040 ergo
642 953 803 1022 mendacii
814 955 985 1021 Christum
1006 975 1144 1039 arguere
1165 972 1243 1019 eon·
1294 952 1424 1017 ferant?
1469 955 1572 1037 Atqui
1594 953 1714 1037 ubique
1736 955 1900 1034 testificor,
1923 955 2000 1038 quia
2016 953 2153 1019 minime
2170 954 2275 1020 tullax

263 1042 406 1108 tendunt
416 1042 599 1125 quicunque
610 1041 846 1128 metonymiam
858 1061 928 1106 esse
940 1041 1058 1105 docent
1073 1041 1107 1105 in
1117 1038 1243 1105 Christi
1295 1045 1346 1103 est
1368 1038 1521 1104 Christus
1542 1040 1576 1103 in
1600 1041 1670 1106 suis
1692 1040 1805 1124 signis,
1834 1041 1954 1107 visibili
1977 1041 2139 1105 elemento
2169 1059 2274 1106 anne·

264 1127 381 1207 verbis,
404 1149 469 1210 qua
490 1128 538 1192 rei
564 1129 713 1210 signatae
739 1146 860 1193 nomen
887 1127 980 1276 siquo
1014 1124 1181 1203 tribuitur,
1204 1134 1244 1190 ut
1294 1145 1464 1191 ramesse
1486 1125 1669 1205 vamtatem,
1690 1146 1832 1210 vereque
1852 1127 2013 1210 praestari
2039 1126 2130 1192 intus
2151 1145 2277 1193 000000

198 1278 202 1294 ,
262 1215 358 1298 00010
379 1212 556 1297 symbolice
568 1213 693 1279 Christi
711 1213 755 1279 sit
774 1229 902 1296 corpus,
936 1211 1241 1277 arbariemomnem
1294 1211 1430 1294 spiritus
1452 1211 1575 1276 virtute
1597 1212 1682 1294 quod
1700 1212 1848 1296 figurant
1868 1213 1964 1296 panis
1992 1218 2026 1277 00
2053 1212 2180 1277 vinum.
2225 1211 2274 1276 Et

264 1306 409 1383 superat:
432 1299 627 1381 praesertim
648 1321 748 1382 quum
771 1300 929 1364 furiosum
951 1298 1048 1363 simul
1065 1296 1241 1362 anathema
1292 1296 1390 1379 paulo
1412 1307 1485 1380 post
1505 1296 1599 1362 fateri
1621 1305 1784 1382 coguntur
1804 1299 1908 1363 multa
1928 1318 1990 1364 nos
2011 1319 2078 1363 non
2104 1296 2193 1363 male
2215 1295 2274 1362 do-

264 1393 430 1463 evomant,
452 1406 487 1449 se
509 1385 639 1468 penitus
656 1385 770 1451 inferis
786 1384 1024 1463 commendare,
1047 1383 1103 1467 qui
1121 1383 1241 1449 0100000
1293 1403 1366 1447 0000
1388 1380 1428 1447 de
1450 1382 1703 1449 manducatione
1725 1383 1898 1466 spirituali,
1921 1384 1975 1449 cui
1996 1385 2025 1449 si
2051 1382 2136 1448 nihil
2157 1404 2274 1450 conso-

266 1470 401 1555 spiritus
424 1472 528 1534 sancti
551 1470 674 1549 dicunt,
693 1470 819 1536 animos
842 1478 972 1536 nostras
990 1470 1096 1535 carnis
1114 1468 1240 1535 Christi
1292 1467 1424 1534 lationis
1445 1470 1532 1533 inest
1552 1469 1608 1534 001
1629 1471 1764 1548 fructus,
1784 1471 1839 1536 ubi
1865 1470 2048 1553 reperietur
2069 1467 2273 1535 consolatio?

265 1555 449 1622 substantia
471 1556 559 1639 00001
582 1557 804 1638 spiritualiter,
827 1564 924 1640 00000
946 1563 985 1621 00
1013 1557 1116 1621 simus
1141 1555 1241 1620 huius
1293 1555 1378 1618 Eam
1401 1575 1478 1620 0000
1500 1555 1617 1621 01000
1636 1558 1791 1634 sentiunt,
1814 1577 1913 1639 quam
1940 1553 2113 1639 pudendus
2134 1553 2278 1638 stupori

265 1641 568 1707 communicationis
602 1643 790 1727 participes,
819 1642 938 1709 volunt
966 1642 1087 1707 00010
1114 1641 1240 1707 coelum
1293 1637 1360 1706 Sed
1382 1641 1429 1705 ita
1451 1640 1542 1706 vario
1563 1644 1687 1724 raptari
1708 1662 1840 1708 necesse
1867 1651 1917 1707 000
1944 1641 2051 1706 malae
2072 1661 2191 1707 000000
2213 1660 2272 1724 00-

266 1748 445 1813 assurgere.
489 1727 662 1795 Hoccerte
680 1726 890 1793 modototam
911 1736 1058 1793 veterem
1071 1727 1240 1794 ecclesiam
1293 1735 1412 1803 tronos,
1435 1725 1554 1809 quibus
1577 1735 1646 1791 tota
1663 1728 1699 1791 in
1717 1727 1889 1792 calumniis
1906 1726 2027 1793 fiducia
2043 1728 2105 1792 sita
2126 1734 2186 1794 est
2232 1724 2272 1791 Si

265 1811 307 1878 ad
328 1813 452 1879 inferos
473 1819 546 1893 [pag.
571 1820 644 1891 303]
669 1814 859 1891 detrudunt,
882 1834 966 1898 quae
987 1814 1023 1878 in
1045 1811 1240 1879 celebrando
1291 1820 1329 1877 ut
1350 1819 1464 1877 mutuo
1487 1833 1522 1877 00
1543 1813 1706 1878 oblectent
1727 1813 1843 1880 iocosis
1871 1813 1997 1879 fabellis
2025 1813 2176 1879 certatim
2204 1810 2271 1877 illis

264 1899 326 1964 hoc
346 1921 380 1963 m
404 1901 501 1964 sterio
522 1899 648 1965 solenni
669 1899 869 1983 praefatione
897 1898 939 1964 ad
960 1906 1088 1964 mentes
1109 1919 1240 1965 sursum
1291 1898 1494 1980 propositum
1517 1907 1568 1963 est
1589 1914 1703 1964 contra
1721 1918 1782 1966 000
1804 1900 1948 1977 mentiri,
1971 1898 2033 1963 hac
2054 1920 2134 1964 0000
2152 1897 2270 1980 00100-

266 1922 426 2050 0011000100
447 1985 577 2050 hort-ata
600 1992 658 2050 000.
702 1984 742 2051 Si
770 2005 837 2050 non
865 1984 961 2050 modo
987 1984 1162 2051 maledicta
1191 1991 1241 2049 est
1292 1992 1359 2048 tate
1380 1982 1423 2047 ad
1442 1985 1624 2049 satietatem
1648 1985 1811 2050 fruantur.
1857 1983 1925 2050 Sed
1944 1993 2085 2068 quantae
2103 1983 2271 2050 0000100110

265 2071 466 2158 metonymia
488 2069 545 2136 sed
567 2069 771 2153 blasphemia
793 2078 906 2150 scatet,
929 2071 1006 2154 quid
1028 2072 1148 2136 misero
1170 2072 1240 2135 Au·
1293 2077 1429 2147 estnon
1449 2069 1559 2135 videre
1577 2070 1748 2136 mendacia
1764 2091 1824 2136 sua
1841 2070 2025 2155 spargendo
2043 2081 2076 2136 et
2102 2068 2272 2154 vulgando

265 2157 398 2243 gustinc
421 2157 592 2235 betasius
614 2156 715 2222 verba
737 2164 814 2222 ante
836 2156 1069 2224 recitavimus?
1112 2156 1240 2222 Panem
1293 2155 1354 2221 hoc
1376 2163 1505 2220 tantum
1527 2156 1615 2238 ipsos
1638 2158 1800 2239 consequi,
1822 2168 1862 2221 ut
1882 2155 2014 2234 invidia,
2033 2175 2176 2240 000000
2195 2175 2271 2239 gra·

265 2263 383 2309 coenae
405 2241 643 2326 quodammodo
665 2263 735 2308 esse
763 2242 890 2308 Christi
917 2264 1043 2325 corpus,
1071 2243 1149 2326 quia
1176 2242 1240 2307 nisi
1292 2261 1371 2307 0000
1402 2240 1527 2320 001000,
1561 2252 1631 2306 tota
1663 2246 1735 2321 [pag.
1760 2247 1834 2321 306]
1865 2243 1902 2308 10
1929 2250 2065 2308 autores
2094 2239 2272 2308 redundet.

265 2337 470 2395 sacramenta
497 2349 611 2393 earum
638 2349 751 2393 rerum
778 2349 859 2412 quas
892 2331 1038 2413 figurant
1072 2327 1241 2393 obtineant
1293 2324 1406 2393 Scitur
1426 2329 1549 2410 passim
1569 2348 1631 2393 nos
1649 2329 1775 2393 Christi
1790 2328 2030 2394 institutionem
2048 2349 2111 2393 sua
2126 2327 2272 2395 00010000

263 2435 392 2492 nomen,
415 2420 620 2479 sacramenta
641 2433 708 2478 non
730 2421 837 2479 erunt.
880 2414 966 2478 Nam
987 2434 1050 2497 quo
1068 2434 1167 2480 sensu
1189 2414 1240 2478 in·
1293 2433 1360 2477 000
1389 2413 1525 2491 000000,
1555 2436 1614 2480 000
1643 2415 1823 2497 simplicem
1851 2434 1969 2480 vocare
1996 2434 2126 2497 panem,
2153 2413 2270 2496 quiin

265 2499 392 2564 tardum
415 2512 543 2564 veteres
565 2498 689 2564 carnali
711 2519 766 2565 ore
789 2500 876 2566 sumi
900 2499 1026 2566 Christi
1052 2521 1169 2582 000000
1192 2500 1240 2564 di·
1292 2499 1489 2581 peculiarem
1513 2521 1610 2565 usum
1632 2502 1855 2566 sanctificatus
1876 2508 1936 2565 est
1980 2500 2078 2566 Clare
2099 2500 2190 2564 enim
2213 2498 2276 2564 do·

262 2590 348 2665 eant,
369 2583 449 2651 alibi
467 2584 684 2668 exposuimus,
706 2602 825 2670 nempe
846 2606 908 2669 quo
930 2585 1029 2651 simul
1055 2585 1155 2651 etiam
1182 2583 1239 2650 ad·
1291 2606 1411 2663 cemus,
1432 2587 1577 2669 quisquis
1595 2607 1724 2650 sacrum
1743 2607 1863 2669 panem
1880 2606 1958 2651 0000
1975 2584 2039 2650 fide
2055 2585 2184 2668 recipit,
2203 2606 2270 2650 000

268 2673 411 2755 iungunt
439 2671 595 2736 consumi.
645 2670 773 2751 Quibus
796 2672 905 2738 verbis
931 2672 1007 2737 freti
1034 2671 1238 2750 Cremenses,
1291 2691 1384 2736 secus
1406 2671 1440 2736 in
1463 2672 1667 2755 spiritualem
1688 2673 1792 2737 vitam
1814 2672 1858 2737 ali
1880 2672 2006 2737 Christi
2026 2693 2140 2750 carne,
2169 2692 2270 2754 quam

263 2758 292 2822 01
313 2758 530 2823 excrementis
552 2764 770 2823 annumerent
791 2756 919 2823 Christi
936 2778 1062 2841 corpus,
1081 2759 1154 2840 quis
1172 2778 1239 2822 000
1291 2764 1423 2822 terreno
1448 2779 1535 2841 0000
1564 2779 1681 2841 corpus
1697 2794 1699 2802 ι
1715 2759 1905 2824 sustinetur.
1967 2756 2132 2839 Quorsum
2166 2757 2271 2842 igitur

262 2843 363 2908 atali
384 2842 532 2927 prodigio
554 2841 750 2907 abhorreat?
794 2841 842 2909 Ut
864 2842 1038 2927 aliquando
1064 2844 1186 2922 finiam,
1209 2843 1238 2909 01
1289 2843 1385 2909 10000
1407 2843 1539 2909 00100010
1561 2844 1660 2908 100010
1682 2844 1857 2911 obscurare
1884 2863 2031 2922 oausam,
2059 2843 2179 2926 quibus
2202 2841 2269 2907 dis-

263 2948 305 2993 ex
326 2927 452 2994 Christi
474 2929 596 2994 verbis:
618 2928 727 3008 Edite,
749 2927 812 2995 hcc
833 2935 884 2995 est
906 2950 1022 3013 corpus
1044 2951 1164 3008 meum,
1186 2931 1237 2994 10·
1288 2929 1451 2994 cutiendis
1472 2929 1555 2993 nihil
1576 2929 1782 3014 estnegotii?
1827 2929 1897 2995 Cur
1919 2951 1984 2995 non
1995 2929 2138 3013 ingenue
2160 2929 2272 3012 000100

262 3014 375 3091 tertam,
394 3035 451 3079 ore
468 3013 591 3080 carnali
608 3015 732 3098 percipi
749 3015 963 3081 substantiale
973 3014 1095 3081 Christi
1109 3034 1236 3098 corpus,
1288 3013 1482 3099 disceptant,
1504 3025 1543 3081 ut
1562 3015 1672 3099 palam
1689 3016 1777 3081 inter
1793 3035 1830 3081 00
1847 3017 2025 3100 confligant
2040 3023 2175 3087 nostrae
2193 3034 2269 3081 sen-

261 3101 365 3165 nihilo
387 3101 550 3166 infirmius
572 3099 636 3165 erit
656 3106 900 3186 argumentum,
929 3101 1075 3168 divinam
1103 3102 1236 3184 spiritus
1286 3101 1418 3167 tentiae.

261 3187 436 3252 essentiam
459 3185 646 3250 carnalibus
668 3186 769 3252 oculis
789 3187 890 3253 fuisse
917 3196 1137 3270 conspectam:
1161 3188 1237 3270 quia
1373 3188 1535 3252 Fctemur
1562 3188 1718 3271 utrinque
1744 3207 1857 3254 veram
1892 3188 2001 3253 000010
2030 3196 2064 3251 00
2096 3185 2269 3252 sanouinis

261 3271 471 3339 dictumest:
498 3270 608 3355 Super
629 3294 726 3355 quem
748 3271 870 3340 videris
898 3273 1054 3356 spiritum
1075 3283 1235 3340 sanctum.
1287 3272 1412 3340 Christi
1435 3274 1762 3339 communicationem
1784 3274 1921 3358 proponi
1941 3273 2104 3339 1000000
2150 3239 2268 3338 Caete-

260 3357 313 3423 Ita
335 3359 401 3438 fiet,
429 3367 467 3423 ut
493 3366 647 3424 aeternus
675 3359 738 3424 Dei
767 3359 903 3442 spiritus
928 3359 1097 3425 transierit
1124 3360 1161 3425 10
1183 3381 1236 3425 00-
1288 3381 1372 3438 rum,
1394 3358 1449 3424 ubi
1471 3358 1559 3423 modi
1579 3359 1753 3444 explicatio
1775 3380 1795 3423 0
1816 3359 1910 3426 00010
1939 3358 2079 3437 additur,
2112 3358 2188 3424 fieri
2215 3377 2268 3422 ar·

260 3442 405 3510 lumbam
426 3443 598 3510 visibilem.
1287 3467 1370 3511 cana
1390 3454 1424 3510 et
1443 3443 1761 3528 incomprehensibili
1782 3447 1916 3528 spiritus
1943 3445 2078 3523 0100000,
2101 3452 2142 3509 00
2169 3442 2267 3508 Chri·

1289 3539 1357 3597 stus
1379 3551 1456 3597 vere
1476 3533 1584 3598 carnis
1606 3539 1640 3596 00
1661 3531 1831 3616 sanguinis
1853 3531 1906 3598 sui
1932 3529 2118 3599 substantia
2139 3530 2268 3596 animas

348 3620 424 3695 [pag.
457 3621 533 3696 304]
570 3614 764 3699 Sequuntur
795 3615 1087 3684 Hildeshemenses
1106 3617 1147 3701 ¹),
1181 3619 1237 3701 qui
1289 3624 1418 3682 nostras
1445 3638 1464 3682 0
1494 3616 1584 3683 00010
1611 3625 1739 3700 pascat,
1768 3625 1802 3683 et
1828 3638 1948 3703 panem
1976 3638 2014 3684 ae
2041 3617 2161 3682 010000
2187 3635 2267 3682 vers

226 3713 227 3716 ’
261 3720 383 3785 magna
404 3701 524 3767 fiducia
545 3700 784 3768 causam’hanc
801 3721 836 3768 se
854 3702 989 3788 aggredi
1006 3703 1143 3769 iactant:
1161 3704 1238 3786 quia
1291 3724 1362 3768 esse
1383 3702 1523 3786 pignora
1544 3723 1655 3766 rerum
1677 3703 1865 3768 coelestium
1893 3724 1975 3787 quas
2000 3703 2161 3787 figurant:
2190 3700 2268 3785 quia

263 3786 395 3853 Christo
428 3789 683 3870 patrocinentur,
717 3793 752 3852 et
783 3786 877 3853 nobis
909 3789 1081 3853 interitum
1112 3789 1238 3856 instare
1289 3786 1448 3872 quidquid
1470 3809 1511 3853 ex
1533 3787 1659 3854 Christi
1680 3787 1836 3854 mandato
1858 3789 2020 3872 promittit
2041 3786 2204 3867 minister,
2226 3785 2267 3851 ab

243 3877 252 3879 ”
263 3871 470 3952 (1000001000,
494 3895 634 3956 quorum
655 3881 782 3939 mentes
802 3874 855 3939 sui
878 3873 1093 3941 admiratione
1120 3876 1166 3942 sic
1185 3884 1238 3940 tu·
1288 3874 1360 3957 1000
1388 3881 1500 3940 autore
1529 3872 1684 3957 impletur
1713 3879 1787 3954 [pag.
1812 3881 1896 3955 300]
1947 3873 2009 3941 Η10
2041 3875 2107 3939 iam
2141 3872 2267 3939 resilire
2306 3899 2324 3931 ι

261 3978 351 4023 mere
372 3957 492 4035 dicunt,
514 3966 553 4024 ut
573 3959 724 4043 superbia
741 3958 889 4025 diffluere
910 3958 1091 4026 videantur.
1141 3962 1238 4046 Mag·
1288 3960 1452 4043 incipiunt
1473 3959 1774 4027 Hildeshemenses.
1819 3962 1866 4026 Et
1886 3960 1963 4044 quic
1988 3959 2127 4026 10100100
2154 3958 2267 4024 000011-
2287 3991 2324 4003 -

261 4044 397 4109 nificum
417 4044 596 4125 exordium,
617 4045 715 4110 modo
736 4068 779 4111 ne
801 4045 959 4129 amphora
975 4048 1011 4113 iu
1029 4056 1163 4113 urceum
1181 4045 1237 4112 de·
1289 4067 1345 4112 are
1372 4067 1485 4111 meum
1509 4064 1579 4111 000
1605 4052 1666 4125 est,
1694 4046 1873 4114 modestius
1904 4067 1959 4113 eos
1984 4055 2019 4112 et
2046 4043 2324 4111 0000000011οε

263 4129 408 4215 0110001).
453 4130 525 4195 Imo
547 4153 623 4196 0000
645 4131 742 4216 00010
762 4139 836 4215 0000
853 4130 1037 4199 videbimus
1054 4140 1123 4198 tam
1141 4152 1238 4198 sono-
1289 4132 1379 4216 loqui
1398 4132 1510 4212 fateor,
1532 4153 1630 4216 quam
1657 4132 1739 4199 alios
1767 4134 1926 4199 hactenus
1952 4131 2163 4199 audierimus.
2215 4131 2324 4196 Ab«

262 4236 316 4282 ras
336 4215 509 4281 iactantiae
530 4217 564 4279 in
587 4215 729 4282 nihilum
746 4239 879 4301 prorsus
896 4217 1049 4284 recidere.
1093 4220 1140 4284 Et
1161 4240 1238 4284 con·
1289 4218 1371 4302 ipsis
1393 4225 1506 4302 aperte
1528 4218 1704 4284 damnatur
1726 4219 1921 4286 sacrmenti
1949 4217 2095 4284 adoratio
2123 4223 2158 4283 00
2179 4234 2324 4301 gemt

213 4331 215 4335 ⁴
262 4300 361 4367 fessio
383 4299 514 4384 quidem
536 4302 576 4366 ab
598 4302 679 4388 ipsis
700 4323 777 4368 mox
800 4303 911 4368 addita
936 4303 1019 4369 mihi
1046 4313 1133 4371 esset
1157 4305 1237 4371 tole·
1289 4304 1405 4384 flexio;
1428 4304 1719 4388 periculisterreri
1741 4305 1957 4372 conscientias
1979 4303 2083 4371 01001
2111 4303 2211 4387 00010
2234 4301 2324 4368 im:

262 4387 383 4467 rabilis,
409 4386 473 4451 nisi
501 4406 573 4450 eam
600 4386 796 4472 paulopost
822 4389 924 4455 foedis
950 4390 1143 4457 commentis
1167 4412 1237 4456 cor·
1289 4397 1413 4455 terrem
1435 4389 1530 4455 cadat
1550 4391 1604 4459 001
1625 4389 1748 4474 ahquid
1776 4391 1882 4457 simile
1904 4391 2039 4469 accidat,
2062 4388 2324 4473 superstitio-

261 4483 461 4557 rumperent,
485 4471 656 4538 Christum
676 4495 811 4540 coenam
836 4475 1029 4556 inst‘tuisse,
1057 4483 1096 4540 00
1121 4497 1238 4559 perpe·
1290 4496 1364 4541 sum
1384 4494 1458 4541 esse
1478 4476 1605 4557 dicunt;
1627 4479 1775 4562 mysterii
1793 4486 1827 4543 et
1842 4478 2067 4561 symbolorum
2084 4494 2186 4542 voces
2202 4490 2324 4541 uon

261 4567 337 4626 tuus
372 4567 458 4624 esset
490 4557 587 4623 huius
617 4561 765 4644 mysterii
797 4560 833 4625 in
867 4561 1003 4628 00010010
1032 4583 1119 4628 usus.
1164 4563 1238 4629 Illic
1289 4561 1475 4639 formidant,
1492 4561 1954 4647 Megdeburgensiuminstar.
1988 4563 2141 4646 Denique
2151 4562 2324 4628 multat

260 4644 452 4710 mandatum
473 4652 507 4709 ct
525 4645 775 4728 promissionem
793 4647 963 4726 contineri,
979 4649 1118 4732 proponi
1136 4648 1239 4714 oeulis
1288 4648 1395 4713 velint
1414 4648 1528 4729 nolint,
1550 4649 1735 4715 communia
1755 4649 1927 4715 nobiscum
1944 4648 2074 4715 habent
2121 4649 2324 4714 amaon:-

261 4730 505 4815 corruptibilem
549 4730 621 4796 anis
643 4740 676 4795 et
692 4732 762 4797 0101
780 4735 959 4812 materiam,
980 4756 1092 4800 000000
1112 4732 1239 4800 Christi
1289 4734 1325 4798 in
1353 4734 1406 4799 his
1434 4733 1560 4800 duobus
1583 4733 1681 4801 00010
1714 4743 1848 4800 nostrae
1880 4735 2082 4820 quaestionis
2115 4736 2324 4802 vertitu&

260 4839 377 4902 corpus
399 4816 499 4882 simul
520 4752 600 4896 11001,
624 4825 719 4882 extra
737 4822 994 4885 controversiam
1015 4826 1079 4886 est:
1101 4819 1238 4905 ideoque
1289 4819 1374 4904 quod
1396 4840 1464 4886 non
1481 4821 1697 4902 spiritualiter
1713 4819 1810 4887 modo
1827 4825 1862 4886 iu
1880 4842 1981 4888 00000
1997 4819 2324 4889 000001110οῐ0,ν

1288 4918 1416 4990 eorpus,
1440 4905 1497 4972 sed
1519 4907 1619 5007 etiam
1641 4907 1899 4982 substantialiter
1920 4908 2083 4991 0000000
2101 4906 2324 4975 melmun:

290 5039 518 5120 Ι,00000000
536 5039 600 5094 000
622 5040 656 5095 ce
679 5039 979 5120 caesenatenses
1002 5059 1020 5097 s
1054 5044 1195 5100 cccmus
1208 5051 1237 5099 e
1288 5011 1373 5094 ⁰.⁸⁸⁰²
1394 4992 1597 5092 ¹¹⁰⁰.³.⁸⁰¹¹⁸
1610 4991 1777 5074 fidehbus,
1799 4991 1858 5059 ⁸⁰³
1880 4995 2064 5077 promiscue
2090 5015 2113 5060 ⁸
2134 4995 2324 5078 quibua

262 5107 896 5177 00000ιο00010οι0000000οΗ0101000000000.
933 5111 963 5176 (l.
982 5126 1004 5166 0.
1068 5110 1136 5166 a-
1155 5111 1235 5179 0.6].
1287 5078 1368 5144 1111111
1388 5098 1512 5180 P⁶F⁰¹P¹
1527 5081 1710 5180 ·⁸sfl¹fmfl¹²¹?·
1754 5080 1848 5181 ,ῙΠῘΝ
1869 5080 1931 5145 1108
1952 5078 2121 5180 01111001Ῑο8,
2132 5079 2324 5164 110Βιὶιβ

328 5173 359 5242 0)
377 5181 445 5233 mare
463 5177 490 5232 la
508 5193 594 5246 queue
612 5194 645 5232 ne
665 5175 803 5234 s’accorde
821 5191 919 5247 gueres
938 5177 998 5233 bien
1017 5179 1033 5232 e
1050 5179 1076 5234 la
1094 5186 1173 5236 teste
1287 5187 1323 5232 se
1352 5172 1549 5243 contineant,
1578 5173 1837 5250 s1·propos1tum
1865 5174 1915 5233 est
1935 5186 2066 5233 mecum
2087 5165 2324 5251 draqu
