4584 5902
118 306 178 372 861
927 299 1288 370 rememorans.
2037 303 2102 368 862

116 510 226 556 meum
248 488 390 570 elevans,
410 490 539 573 quando
556 509 609 555 me
625 491 697 573 ipsa
714 489 1081 556 damnatconscientia?
1134 496 1314 573 sparserat,
1341 511 1409 555 nou
1435 490 1534 556 luisse
1562 490 1750 557 ullomodo
1778 487 1952 557 dicendum
1974 489 2100 569 melius,

116 575 203 642 Mihi
224 583 312 642 certe
332 576 369 640 in
390 576 452 643 hoc
472 576 592 642 Buceri
613 575 793 657 patrocinio
811 576 1012 660 acquiescere
1032 584 1083 640 tu·
1135 573 1220 659 quod
1245 575 1332 641 idem
1360 585 1453 641 esset.
1497 575 1537 640 Id
1564 577 1651 642 iuter
1677 577 1797 642 multos
1817 583 1974 659 vagatum
1994 576 2103 641 fuerat

116 671 187 727 tum
210 667 268 727 est.
313 660 421 742 Quam
446 682 524 728 vero
551 681 680 745 semper
701 661 879 727 honorifice
900 661 941 726 de
961 683 1014 727 me
1035 660 1083 727 lo·
1135 668 1310 744 autequam
1342 662 1436 727 nobis
1466 662 1692 728 innotesceret.
1752 662 1946 743 Promptum
1979 661 2102 728 scilicet

116 755 238 831 quutus
266 747 311 812 sit
336 767 374 813 ac
399 747 578 829 scripserit,
613 746 736 829 pudore
766 744 926 829 impedior
951 747 1082 811 referre.
1134 746 1195 810 fuit
1221 744 1377 829 producto
1405 746 1540 829 apostoli
1568 749 1753 814 testimonio
1780 747 1945 813 hominem
1966 744 2100 830 pudefa-

116 832 260 898 'l'autum
284 833 377 899 abest
403 842 440 897 ut
465 831 622 896 Balduini
654 833 794 915 ineptias
825 833 946 897 imitari
973 832 1082 910 libeat,
1134 852 1216 898 cere.
1259 833 1351 917 Ergo
1376 832 1520 898 levitatis
1545 835 1712 900 convictus
1738 832 1868 899 veniam
1893 854 1913 898 a
1934 853 1987 897 me
2007 832 2102 933 petiit

116 919 174 1001 qui
199 917 311 984 literas
337 916 466 983 blandis
494 918 768 983 assentationibus
796 917 989 1001 aPhilippo
1010 919 1083 983 Me·
1135 924 1168 981 et
1201 917 1299 983 simul
1330 918 1525 1001 impetrarit.
1578 916 1668 999 Quin
1701 919 1799 984 etiam
1831 917 2021 1002 deprecator
2053 918 2099 983 lm

114 1002 293 1069 lanothone
330 1003 472 1080 elicitas,
507 1003 619 1085 quales
656 1003 870 1087 ignotissimis
904 1003 1083 1086 quibusque
1135 1001 1221 1085 apud
1242 1012 1391 1068 senatum
1413 1003 1552 1087 nequid
1574 1005 1719 1070 severius
1740 1004 1781 1069 de
1801 1006 1871 1087 ipso
1893 1010 2100 1070 statueretur.

114 1089 256 1156 scribere
284 1087 408 1154 solebat
433 1089 486 1153 vir
511 1088 583 1166 ille,
606 1090 776 1173 magnifiee
797 1090 903 1154 iactat
947 1089 1084 1153 Dictum
1134 1085 1187 1152 Ab
1214 1109 1251 1153 eo
1277 1095 1422 1172 tempore
1449 1110 1517 1154 non
1544 1088 1639 1154 aliter
1663 1088 1796 1154 domum
1822 1109 1928 1154 meam
1951 1089 2102 1172 frequen-

114 1174 177 1240 hoo
198 1175 384 1257 frequenter
406 1173 521 1239 habuit
541 1175 577 1238 iu
599 1194 670 1252 ore,
698 1175 774 1258 quia
799 1175 920 1257 passim
941 1173 1083 1240 invaluit
1134 1173 1219 1238 tavit
1244 1194 1342 1256 quam
1369 1174 1500 1240 solebat.
1553 1174 1607 1239 Ex
1630 1175 1753 1252 Gallia,
1785 1175 1841 1240 ubi
1868 1181 2016 1240 mortuus
2041 1181 2101 1253 eat,

114 1280 206 1338 usus,
235 1270 273 1324 ut
299 1258 477 1326 doctissimi
504 1258 674 1326 clarissimi
701 1261 900 1326 ornatissimi
929 1267 1084 1326 vocentur
1134 1258 1261 1341 quoties
1282 1258 1324 1325 ad
1343 1280 1397 1324 me
1419 1259 1557 1343 scripsit,
1584 1267 1654 1324 erat
1674 1258 1985 1342 obsequentissimus
2004 1259 2101 1338 filius,

112 1345 169 1429 qui
194 1344 281 1410 infra
301 1343 557 1410 mediocritatem
579 1343 766 1423 subsidunt,
794 1366 829 1411 se
850 1345 886 1409 in
905 1344 957 1410 his
978 1344 1084 1410 titulis
1135 1364 1195 1427 ego
1228 1344 1427 1412 reverendus
1470 1355 1570 1428 pater.
1639 1344 1712 1410 Hoc
1744 1353 1832 1411 certe
1864 1344 1987 1410 nitatur
2019 1352 2102 1410 teste

114 1451 184 1497 csse
210 1429 392 1508 liberalem,
424 1439 457 1496 et
488 1451 566 1496 vero
594 1452 713 1496 nomen
746 1432 809 1495 viri
835 1430 914 1496 boui
941 1451 1009 1495 non
1036 1431 1088 1495 ita·
1134 1426 1291 1494 Balduini
1316 1430 1532 1513 impudentia,
1565 1452 1625 1514 ego
1652 1439 1762 1495 autem
1787 1428 1952 1495 laborem?
1995 1430 2103 1496 Multo

113 1517 317 1598 prostituere.
374 1514 462 1596 Quid
494 1517 523 1581 si
553 1537 606 1580 me
637 1536 705 1580 non
733 1516 829 1582 modo
856 1514 1082 1593 reverendum,
1136 1535 1213 1579 vero
1232 1514 1344 1579 minus
1365 1519 1399 1579 iu
1420 1515 1545 1581 frivolis
1563 1535 1643 1599 quas
1665 1515 1753 1580 efflat
1774 1516 1938 1583 iaetantiis
1959 1537 2012 1580 me
2032 1536 2104 1580 mo·

113 1600 169 1667 sed
198 1601 356 1684 optimum
386 1602 491 1667 virum
524 1602 560 1665 in
588 1600 692 1667 literis
724 1602 792 1668 suis
818 1601 970 1668 vocavit?
1015 1599 1082 1668 Sed
1134 1607 1190 1666 vet
1211 1600 1281 1665 eius
1302 1599 1472 1667 stoliditas.

112 1687 274 1753 lacessant
293 1687 378 1752 istae
399 1707 516 1770 nugae.
1219 1686 1338 1764 Porro,
1368 1688 1497 1752 tametsi
1520 1686 1750 1770 quiescendum
1771 1687 1853 1752 mihi
1875 1685 1970 1765 duxi,
1997 1687 2102 1754 consi-

197 1773 293 1837 Meae
320 1772 491 1855 superbiae
518 1784 614 1854 atque
640 1772 737 1837 etiam
765 1770 951 1857 tyrannidis
972 1792 1082 1837 exem·
1134 1770 1214 1836 lium
1242 1772 1355 1854 optimi
1383 1780 1417 1836 et
1442 1773 1644 1857 integerrimi
1670 1773 1782 1838 fratris
1809 1773 1874 1837 mei
1895 1773 2001 1838 Besae
2022 1771 2102 1837 adeo

112 1857 204 1942 plum
223 1856 435 1923 memorabile
455 1857 587 1922 adducit
606 1855 799 1935 Balduinus,
821 1856 907 1940 quod
929 1857 1082 1941 implaca·
1134 1878 1202 1922 non
1220 1856 1432 1939 reprehendo,
1453 1870 1492 1922 ut
1508 1879 1561 1922 me
1578 1879 1645 1923 non
1661 1878 1777 1941 parum
1795 1858 2006 1924 oblectaverit
2025 1878 2102 1923 oon-

114 1943 172 2010 bili
192 1944 259 2008 fere
281 1945 418 2008 saevitia
442 1944 590 2008 invectus
617 1952 730 2008 eontra
756 1943 920 2025 quendam
942 1943 1083 2008 amicum
1133 1943 1231 2009 cinna
1253 1950 1287 2007 et
1307 1943 1405 2007 simul
1426 1944 1514 2008 omui
1537 1943 1609 2009 fuco
1631 1964 1713 2027 pura
1734 1944 1802 2008 eius
1820 1944 1995 2027 responsio.
2028 1942 2105 2008 Uti-

114 2049 224 2094 meum
255 2029 381 2107 fuerim,
415 2028 499 2112 quod
526 2037 655 2093 tantum
686 2050 726 2093 ex
759 2028 898 2110 publicis
929 2027 1082 2094 ecclesiae
1133 2048 1209 2092 nam
1231 2028 1367 2094 celerius
1387 2028 1585 2094 inchoasset:
1611 2030 1686 2112 quia
1708 2028 1907 2094 incredibilis
1928 2029 2106 2108 festinatio,
2166 2096 2167 2099 ,

114 2113 263 2198 precibus
288 2135 402 2180 vocem
435 2134 534 2179 unam
560 2115 660 2179 litura
689 2113 801 2178 induci
833 2122 992 2196 optasset,
1024 2114 1082 2179 ubi
1132 2123 1171 2179 ut
1198 2123 1300 2178 totam
1328 2133 1457 2179 causam
1485 2135 1544 2197 pro
1570 2136 1629 2180 suo
1658 2114 1793 2179 arbitrio
1820 2122 2005 2199 perageret,
2033 2135 2100 2178 non

114 2200 226 2274 foedus
263 2221 386 2265 novum
426 2199 547 2265 dicitur
585 2200 688 2265 veteri
726 2200 823 2283 longe
854 2200 1081 2282 praestantius.
1132 2199 1217 2264 tulit.
1262 2197 1351 2264 Satis
1383 2211 1495 2264 tamen
1521 2202 1597 2278 erit,
1628 2201 1799 2266 veritatem
1825 2201 1861 2264 in
1888 2199 1950 2265 hac
1976 2200 2107 2264 sincera

113 2287 216 2368 Atqui
237 2285 318 2352 actis
338 2293 405 2351 tam
428 2286 611 2352 consistorii
638 2304 734 2367 quam
763 2292 897 2350 senatus
918 2283 1083 2350 refelletur
1131 2286 1340 2368 ingenueque
1359 2285 1545 2351 defensione
1554 2287 1603 2350 ita
1611 2283 1790 2368 splendere,
1812 2293 1852 2350 ut
1867 2286 1986 2352 victrix
2002 2303 2107 2368 supra

110 2392 257 2437 crassum
285 2371 500 2437 mendacium.
546 2371 608 2436 Ille
634 2372 721 2435 enim
747 2381 881 2435 temere·
900 2391 939 2436 ao
965 2370 1082 2436 inscite
1133 2391 1247 2437 omnes
1268 2371 1424 2437 Balduini
1445 2370 1579 2437 nebulas
1600 2374 1750 2437 emineat
