4748 5798
129 136 190 199 431
980 125 1282 194 GRA'PULA'PIO

129 320 253 388 cleram
275 319 391 385 salutis
408 318 514 384 lucem
527 319 561 382 in
583 316 665 403 lega,
687 315 856 401 prophetis
877 323 911 382 et
931 315 1100 400 evangelio
1152 313 1203 378 Ne
1220 313 1422 379 misceamini
1441 319 1515 396 [pag.
1532 323 1583 397 14]
1601 337 1676 383 oum
1688 317 1866 384 idololatris
1883 319 1916 398 (1
1931 318 2006 385 Gor.
2019 322 2048 398 5,
2063 321 2125 402 10).

128 404 275 490 fulgere?
320 404 358 471 Si
386 415 515 471 tentum
530 411 724 487 suspectam
751 402 888 468 reddere
919 401 1101 467 doctrinam
1152 398 1222 464 Nos
1243 419 1323 463 vero
1341 421 1406 464 non
1424 400 1598 486 allegorico
1608 404 1662 469 vel
1674 403 1828 487 perplexe
1847 411 1948 488 eaput
1968 404 2031 470 hoo
2040 413 2126 473 trec·

129 491 263 556 molitus
291 498 391 568 esset,
426 489 672 572 tergiversando
700 490 783 554 forte
810 496 1005 553 extenuaret
1031 486 1101 553 cnl·
1153 495 1276 550 temus:
1307 483 1366 551 sed
1385 484 1486 551 libore
1508 487 1690 573 detegimus
1713 509 1751 555 ac
1772 488 1973 556 traducimus
1986 491 2011 572 ¹)
2032 512 2126 557 vesa-

129 598 216 661 pem,
235 576 297 641 sibi
318 596 385 640 non
407 574 495 640 aliud
514 575 615 640 fuisse
636 575 901 657 inanimoquem
923 573 1101 638 multorum
1153 591 1234 634 num
1252 570 1396 634 furorem
1418 593 1483 653 quo
1504 572 1621 639 ardent
1641 575 1789 658 papistae
1809 575 1999 642 incolendis
2020 576 2125 643 idolis.

130 662 297 729 levitatem
318 661 488 744 corrigere.
519 660 618 726 Nunc
639 681 718 725 vero
739 681 840 743 quum
861 679 975 724 omnes
995 657 1102 724 aditus
1152 654 1295 719 Fcederi
1316 654 1519 723 ostendimus
1540 657 1605 724 Dei
1627 660 1780 743 gloriam,
1806 681 1908 743 quum
1939 662 1999 727 sub
2026 661 2125 746 ligno,

131 748 312 832 scripturae
322 745 479 824 occludat,
502 767 540 812 eo
561 744 717 830 quidquid
729 768 771 810 ex
790 766 829 810 ea
839 745 1033 827 proferimus
1051 766 1101 809 se·
1153 741 1208 805 vel
1235 739 1357 824 lapide,
1391 743 1445 807 vel
1473 744 1601 825 picture
1632 755 1906 829 repraesentatur.
1956 748 2127 831 Duplioeri

127 854 210 900 ¹cure
227 833 348 915 absque
361 831 488 897 delectu
501 831 667 914 repudiari
678 831 774 910 velit,
789 828 866 912 quid
878 827 1040 914 agendum
1052 837 1103 894 est
1154 825 1362 910 sacrilegium
1389 827 1512 910 liquido
1540 841 1776 910 monstramus,
1806 853 1907 914 quum
1927 835 2127 899 transfertur

131 941 206 987 oum
239 927 307 983 tam
339 918 476 983 effraeni
514 916 728 983 temulentia?
790 913 843 980 Ad
883 914 1100 997 spernendam
1154 912 1225 976 eius
1254 912 1362 978 cubus
1389 912 1430 978 ad
1464 914 1595 981 fictitias
1624 918 1832 1000 imagines.²)
1880 918 2126 985 Invocationem

132 1007 326 1088 scripturam
353 1023 428 1068 suos
455 1003 621 1067 hortatur:
653 1003 730 1085 quia
756 1001 975 1085 periculosum
997 1001 1041 1064 sit
1061 998 1103 1064 ad
1153 994 1218 1060 Dei
1251 1018 1397 1062 eversam
1437 1020 1509 1065 esse
1540 1004 1782 1084 conquerimur,
1815 1024 1916 1085 quum
1948 1003 2126 1072 diabolicae

132 1112 206 1157 eam
228 1088 405 1155 attendere.
459 1088 571 1154 Velim
597 1109 675 1172 ergo
695 1087 776 1152 mihi
799 1087 1008 1170 respondeat,
1032 1085 1102 1169 qui·
1153 1081 1282 1148 scholae
1311 1082 1498 1150 dubitanter
1519 1107 1630 1168 preces
1652 1090 1820 1171 concipere
1841 1089 1970 1162 iubent.
1993 1097 2030 1154 ct
2051 1091 2127 1156 abo·

133 1178 194 1243 bus
216 1176 315 1241 armis
333 1193 368 1239 se
388 1171 571 1239 defenderit
591 1173 751 1251 Christus,
774 1193 812 1238 ac
834 1171 978 1238 Satanae
999 1171 1102 1235 insul·
1153 1168 1212 1232 lico
1235 1167 1361 1234 Christi
1388 1172 1567 1252 patrocinio
1595 1174 1768 1238 innumera
1792 1176 1888 1241 turbe
1917 1174 2128 1242 substituitur

131 1273 204 1328 tum
224 1260 409 1344 repulerit.
440 1259 637 1325 Vibraverat
658 1258 714 1324 ille
740 1257 842 1322 telum
871 1280 913 1324 ex
942 1260 1104 1340 scriptura
1153 1254 1190 1317 in
1218 1254 1423 1334 eiuslocum,
1448 1255 1609 1327 dumsibi
1631 1260 1766 1342 quisque
1788 1260 1877 1326 hunc
1899 1260 2048 1326 stillum
2071 1263 2128 1327 de-

133 1359 310 1431 sumptum.
355 1346 476 1409 Annon
504 1345 683 1426 scripturae
705 1345 857 1428 elypeum
881 1343 1024 1408 vicissim
1046 1364 1101 1425 op·
1155 1349 1357 1423 precatorem
1384 1343 1519 1408 asciscit
1570 1344 1753 1410 Probamus
1782 1345 1906 1410 exitiali
1928 1347 2128 1413 confidentia

133 1433 241 1518 posuit
251 1430 425 1510 Christus?
456 1430 612 1495 Plurisne
624 1430 687 1496 erit
708 1429 799 1496 nobis
821 1430 1026 1495 semisomnis
1047 1449 1103 1512 ge-
1154 1427 1347 1509 praeeipites
1368 1428 1421 1511 agi
1449 1430 1586 1494 miseros
1608 1430 1766 1509 homines,
1792 1431 1871 1501 ,dum
1893 1432 2032 1514 spiritus
2054 1455 2127 1513 gre·

133 1540 210 1598 neo,
238 1537 335 1601 quem
358 1515 425 1581 dux
448 1538 485 1582 eo
507 1516 642 1599 signifer
666 1516 780 1581 salutis
802 1524 942 1593 nostrae,
973 1515 1102 1580 unicus·
1155 1511 1235 1574 tiam
1258 1512 1388 1578 nonnisi
1415 1516 1680 1596 cooperatricem,
1709 1524 1742 1581 et
1767 1518 1859 1599 quasi
1888 1516 2123 1601 pedissequam,

133 1627 196 1690 que
216 1603 386 1685 magister,
414 1603 500 1666 filius
521 1600 605 1667 Dei?
655 1601 724 1666 Neo
750 1622 830 1665 vero
849 1600 988 1680 Paulus,
1014 1609 1103 1683 post
1155 1597 1190 1659 in
1212 1595 1392 1662 subsidium
1420 1599 1514 1663 liberi
1540 1602 1591 1665 sui
1615 1602 1744 1666 arbitrii
1765 1603 1935 1668 advocant
1980 1603 2124 1670 Conten-

133 1711 230 1775 quam
252 1687 442 1754 certandum
464 1689 557 1752 nobis
579 1686 714 1765 indixit,
742 1687 814 1752 aliis
843 1687 943 1756 ermis
972 1708 1031 1751 nos
1052 1686 1102 1749 in·
1155 1681 1263 1747 dimus
1285 1684 1452 1749 mortifero
1479 1686 1580 1750 etiam
1603 1709 1727 1753 veneno
1749 1687 1926 1754 diabolicae
1955 1691 2124 1773 superbiae

134 1776 246 1852 struit,
272 1795 370 1857 quam
400 1794 472 1855 spe,
501 1772 574 1851 fide,
603 1772 765 1856 evangelii
787 1772 949 1838 doctrine:
979 1792 1039 1837 neo
1067 1772 1103 1835 in
1155 1767 1324 1846 inebriari,
1352 1767 1431 1833 dum
1458 1771 1598 1836 salutem
1624 1783 1735 1856 petere
1763 1796 1804 1838 ex
1832 1795 1967 1857 operum
2000 1777 2123 1842 meritis

133 1883 268 1927 manum
292 1860 430 1943 porrigit
456 1858 557 1923 elium
585 1857 730 1941 gladium
759 1879 857 1940 quam
879 1856 1018 1922 verbum
1043 1857 1104 1921 Dei
1156 1853 1317 1932 iubentur,
1344 1875 1425 1937 quae
1447 1878 1512 1920 non
1535 1856 1612 1922 alibi
1633 1879 1730 1941 quam
1753 1860 1788 1923 in
1810 1861 1956 1943 gratuita
1978 1861 2044 1925 Dei
2065 1862 2123 1926 mi·

133 1947 269 2034 (Ephes.
289 1950 318 2023 6,
343 1949 404 2017 13).
438 1945 523 2009 Nam
544 1944 572 2009 si
594 1943 666 2009 ideo
688 1952 861 2027 emergunt
883 1943 1043 2020 haereses,
1067 1951 1105 2006 ut
1156 1939 1331 2004 sericordie
1351 1943 1487 2023 reperiri
1505 1951 1622 2024 potest:
1646 1942 1725 2009 dum
1746 1956 1877 2027 peecata
1898 1947 2125 2012 satisfactioni·

133 2035 188 2117 qui
214 2031 342 2116 pmbeti
372 2039 451 2095 snnt
474 2031 638 2094 manifesti
664 2031 763 2109 fient,
793 2050 961 2113 nunquam
987 2029 1105 2113 spiritu
1155 2023 1216 2087 bus
1238 2047 1377 2106 pensare
1397 2025 1561 2108 docentur,
1584 2037 1622 2094 ut
1642 2052 1677 2095 se
1699 2052 1719 2095 a
1740 2040 1835 2096 reatu
1851 2031 2006 2095 eximant.
2040 2031 2125 2098 (lon-

133 2117 337 2185 discretionis
357 2116 476 2182 electos
495 2136 570 2181 suos
593 2113 747 2182 destituet
766 2113 873 2180 Deus.»
1156 2110 1317 2176 vincimus
1344 2112 1409 2179 Dei
1435 2113 1561 2179 cultum
1588 2117 1754 2181 extraneis
1780 2126 1815 2181 et
1845 2115 2041 2184 adulterinis
2069 2120 2127 2202 fig·

220 2204 324 2286 Atqui
337 2204 361 2283 ¹)
384 2200 488 2267 Satan
509 2202 642 2283 eiusque
659 2201 802 2266 ministri
824 2201 1106 2284 setransfigurent
1153 2197 1275 2262 mentis
1301 2209 1490 2280 corruptum
1517 2202 1565 2265 ita
1592 2221 1679 2277 esse,
1713 2209 1750 2266 ut
1783 2202 1867 2267 nihil
1901 2201 1992 2267 eliud
2027 2222 2123 2287 quam

136 2290 171 2355 in
193 2288 326 2371 angelos
348 2287 438 2353 lucis.
471 2286 597 2368 Nempe
618 2287 693 2370 ipso
712 2286 855 2351 dictante
874 2285 939 2350 tibi·
956 2291 1030 2365 [pag.
1052 2290 1103 2365 13]
1156 2302 1246 2346 mera
1277 2286 1465 2366 superstitio
1496 2285 1616 2369 ubique
1649 2297 1812 2369 appareat
1867 2286 2026 2354 (lominus
2054 2310 2128 2355 cum

136 2374 324 2458 impositum
346 2374 409 2438 fuit
430 2370 594 2440 Gabrielis
614 2393 749 2449 nomen,
776 2393 841 2454 quo
861 2373 983 2437 maiore
1003 2370 1103 2437 licen·
1156 2366 1228 2432 dira
1250 2376 1283 2432 et
1304 2368 1428 2434 crudeli
1449 2371 1624 2455 tyrannide
1646 2373 1861 2456 confligimus,
1883 2384 2128 2456 quaenonten·

135 2461 183 2525 tia
203 2467 367 2541 satageres
398 2458 468 2522 eius
495 2465 528 2522 te
555 2457 708 2541 angelum
736 2466 950 2523 monstrare«
976 2457 1103 2520 Verum
1156 2462 1226 2517 tum
1248 2455 1402 2537 opprimit
1421 2457 1557 2522 miseras
1579 2458 1801 2534 conscientias,
1828 2457 1885 2524 sed
1907 2461 2127 2526 excarnificat

137 2554 175 2611 ut
195 2545 340 2611 breviter
358 2543 587 2627 transigamus,
616 2541 693 2626 quid
708 2544 807 2608 iuvet
824 2543 947 2608 multas
968 2544 1104 2626 paginas
1156 2537 1370 2605 Ostendimus
1390 2561 1488 2623 quam
1510 2542 1639 2608 foedum
1661 2554 1695 2608 et
1721 2543 1926 2609 intolerabile
1947 2543 2128 2611 ludibrium

135 2632 251 2698 farcire
278 2630 387 2695 ieiuna
419 2637 453 2693 et
484 2626 603 2712 frigida
630 2630 807 2694 sententie:
840 2629 916 2712 quie
942 2629 1105 2711 scriptura
1155 2625 1199 2689 sit
1219 2625 1423 2691 hierarchiae
1445 2627 1576 2693 titulum
1604 2629 1771 2712 imponere
1792 2630 1949 2695 barbarae
1972 2634 2048 2709 [pag.
2075 2637 2126 2711 ιδ]

136 2716 316 2782 abutuntur
336 2714 500 2792 haeretici,
523 2715 774 2797 genuinamque·
787 2714 857 2780 eius
879 2735 1013 2780 sensum
1030 2735 1104 2798 per·
1155 2708 1378 2788 dominationi,
1400 2713 1435 2777 in
1456 2733 1521 2796 que
1542 2715 1624 2779 nihil
1645 2716 1742 2780 affine
1753 2728 1888 2797 apparet
1908 2714 2128 2782 ecclesiastico

136 2811 285 2877 vertunt,
310 2799 504 2866 metuendas
525 2821 596 2865 esse
615 2800 773 2865 insidias?
821 2800 995 2884 Frigidum
1016 2821 1103 2877 voeo,
1156 2795 1271 2861 ordini.
1315 2797 1569 2864 Docemusnon
1597 2799 1727 2884 longius
1753 2800 1879 2870 coelum
1902 2810 2033 2866 eterra
2062 2802 2128 2867 dis-

135 2886 222 2972 quod
244 2886 285 2951 ad
306 2894 512 2968 praesentom
530 2905 662 2951 oausam
691 2907 759 2950 non
780 2894 925 2968 aptetur:
947 2886 1104 2963 ieiunum,
1156 2889 1234 2960 tare,
1258 2903 1356 2966 quam
1378 2884 1504 2950 foedam
1526 2885 1650 2970 papalis
1672 2886 1750 2952 oleri
1771 2885 1943 2952 colluviem
1952 2887 1981 2971 ⁸)
2004 2909 2026 2952 a
2045 2887 2128 2972 legi·

135 2972 222 3058 quod
242 2972 380 3038 futiliter
399 2972 435 3036 in
457 2992 566 3036 acrem
584 2972 821 3037 iactatumsine
842 2972 952 3037 fructu
970 2992 1104 3036 evenes-
1157 2968 1245 3032 timis
1267 2967 1390 3034 Christi
1412 2971 1580 3036 ministris.
1629 2971 1762 3038 Acriter
1788 2972 1975 3036 invehimur
2002 2973 2039 3037 in
2068 2996 2128 3059 pu·

129 3062 190 3127 cit.
233 3057 421 3144 Prudenter
447 3057 553 3123 multe
579 3057 619 3122 de
646 3057 818 3123 haereticis
839 3055 1010 3123 orthodoxi
1031 3055 1105 3121 doc·
1157 3051 1296 3118 dandam
1319 3076 1357 3119 ao
1377 3055 1551 3121 nefandam
1573 3076 1739 3123 sacrorum
1760 3057 1908 3122 omnium
1928 3059 2127 3141 profanatio-

137 3155 239 3223 tores,
265 3142 389 3208 insulse
410 3164 489 3208 vero
510 3143 722 3220 Prasccntor,
751 3143 806 3225 qui
835 3142 876 3207 ad
898 3141 1105 3209 mallandum
1157 3159 1242 3204 nem.
1288 3137 1442 3224 Quinque
1468 3142 1583 3207 inanes
1610 3143 1885 3209 caeremoniarum
1912 3164 2050 3227 pompas
2072 3144 2127 3210 do-

134 3231 227 3297 nobis
248 3229 359 3295 odium
379 3248 589 3311 quaeeunque
610 3250 650 3294 ex
673 3227 831 3293 librorum
851 3227 1013 3294 indicibus
1034 3248 1104 3293 cor-
1156 3244 1268 3290 cemus
1288 3226 1368 3290 falso
1390 3228 1514 3293 censeri
1536 3229 1622 3292 inter
1643 3241 1856 3305 sacramente,
1880 3250 1980 3311 quum
2002 3252 2044 3295 ex
2067 3230 2125 3295 ho·

134 3313 250 3383 radere
271 3315 574 3398 potuittestimonie
594 3314 885 3397 reeensuit'quum
905 3334 948 3378 ne
971 3313 1105 3380 verbulo
1154 3310 1283 3374 minum
1305 3311 1436 3377 cerebro
1458 3315 1632 3378 manarint
1666 3314 1872 3396 Baptismnm
1894 3313 2054 3382 deflemus
2071 3314 2126 3380 ad·

135 3402 267 3486 quidem
289 3400 394 3465 ullum
416 3400 452 3464 in
477 3398 627 3465 doctrina
653 3408 767 3464 nostre
788 3420 933 3464 errorem
955 3401 1103 3483 attinget.
1157 3396 1302 3463 ventitiis
1317 3399 1444 3463 ,multis
1475 3399 1667 3464 commentis
1696 3421 1766 3465 esso
1787 3400 1952 3465 infectum.
1998 3400 2126 3467 Coenee

2308 2562 2325 2599 J

2297 2627 2325 2780 l

2245 3102 2312 3205 ῑ.

2271 3348 2347 3391 l:

2209 3391 2345 3476 mi

137 3487 253 3571 Longe
275 3486 340 3551 alia
359 3495 472 3551 nostre
493 3494 544 3550 est
565 3483 683 3568 agendi
704 3485 834 3567 ratiost)
881 3485 996 3567 Neque
1018 3485 1105 3550 enim
1157 3502 1234 3546 vero
1254 3483 1324 3548 loco
1352 3482 1539 3549 detestabile
1568 3485 1775 3568 sacrilegium
1802 3495 1946 3550 erectum
1969 3506 2058 3552 esse:
2092 3487 2125 3552 in
2195 3516 2286 3562 un

137 3573 267 3656 linguas
290 3582 349 3637 aut
369 3571 510 3637 calamos
531 3591 720 3636 exercemus
743 3569 905 3652 agitandis
924 3572 1105 3637 communi·
1157 3587 1221 3651 quo
1244 3569 1387 3635 furciferi
1409 3570 1523 3634 fictitia
1542 3591 1601 3635 sua
1621 3571 1843 3635 immolatione
1854 3571 2126 3638 Christumassi·
2181 3583 2283 3646 -Ᾱ,

136 3658 198 3723 bus
225 3657 350 3740 loaisa)
383 3677 492 3740 neque
519 3677 614 3727 euros
640 3653 851 3722 obtundimus
877 3656 1105 3721 umbratilibus
1158 3653 1221 3718 due
1242 3656 1446 3737 crucifigunt,
1469 3654 1688 3721 sacerdotium
1710 3657 1781 3722 eius
1799 3656 1934 3721 scelesto
1955 3657 2126 3725 latrocinio
2169 3668 2278 3732 oio
2323 3659 2326 3704 l

131 3743 309 3808 verborum
331 3742 524 3825 praeludiis:
553 3741 610 3807 sed
633 3763 752 3806 manus
775 3742 985 3820 conserimus,
1008 3762 1105 3825 urge·
1158 3739 1199 3803 ed
1222 3763 1256 3806 se
1278 3741 1418 3823 rapiunt,
1448 3740 1672 3807 histrionicum
1696 3741 1810 3806 ludum
1832 3743 1963 3825 fingunt
1985 3744 2126 3810 reconci-
2151 3750 2275 3815 -ii

137 3849 221 3905 mus,
234 3829 463 3910 aopremimus
472 3827 685 3904 adversarios,
697 3827 990 3909 protrahimnseos‚
1003 3849 1105 3910 quen·
1157 3826 1326 3891 liationem
1347 3826 1461 3891 mnndi
1483 3847 1567 3892 esse:
1591 3849 1629 3893 ao
1648 3829 1675 3891 si
1693 3828 1779 3892 filius
1800 3826 1866 3891 Dei
1888 3849 1947 3893 sno
1969 3831 2125 3895 sacrificio
2140 3837 2270 3902 oio
2313 3806 2316 3851 ἶ

137 3912 260 3978 tumvis
282 3912 567 3996 subterfugiente
594 3912 735 3979 tenebris
757 3914 791 3976 in
812 3913 934 3979 lucem:
968 3912 1106 3996 denique
1159 3921 1285 3977 tantum
1308 3920 1524 3978 monstrasset
1544 3913 1704 3995 quomodo
1715 3913 1878 3995 expianda
1899 3915 1965 3979 sint
1987 3923 2262 3997 peccate-na
2303 3915 2309 4001 )

138 4006 250 4081 aperte
271 4005 304 4062 et
329 3999 412 4063 serio
435 3999 525 4081 quod
547 3999 640 4065 nobis
661 3998 831 4063 mandavit
848 3998 944 4064 Deus
972 3997 1107 4065 docendi
1158 3999 1260 4063 Panis
1281 3997 1466 4065 frustulum
1481 3998 1545 4069 Dei
1567 3998 1640 4063 loco
1662 4005 1841 4077 ostentant,
1870 4019 1907 4064 eo
1929 3999 1957 4064 si
1991 4000 2059 4067 illio
2079 4001 2260 4072 ιιι-α.
2296 4050 2300 4075 ,

137 4104 260 4149 munus
281 4094 315 4148 et
340 4082 553 4149 illustrandae
580 4086 730 4154 veritatis
757 4086 974 4167 exsequimur.
1018 4083 1107 4165 Quid
1158 4083 1268 4149 clusus
1290 4082 1505 4149 delitesceret:
1528 4084 1616 4148 unde
1638 4085 1783 4149 nescitur
1803 4103 1914 4150 cresse
1923 4084 1951 4168 ⁴)
1975 4084 2252 4158 adoreticojo,
2293 4078 2298 4148 l

139 4168 296 4236 Gabriel?
339 4169 519 4251 Postquam
537 4170 634 4253 longo
654 4170 827 4237 verborum
845 4171 984 4246 circuitu
1006 4192 1042 4236 se
1059 4173 1106 4235 fa·
1157 4169 1309 4251 Denique
1330 4178 1456 4235 vestras
1482 4190 1597 4235 omnes
1625 4170 1842 4252 corruptelas,
1875 4191 2015 4252 quarum
2043 4172 2249 4245 deci-izi-
2286 4190 2290 4228 ι’

138 4255 267 4339 tigavit,
276 4259 306 4330 ⁴)
333 4273 370 4318 eo
398 4255 426 4318 si
447 4275 556 4319 raram
580 4255 763 4322 coronidem
785 4255 905 4320 addere
929 4256 1034 4333 vellet,
1056 4257 1125 4321 fu·v
1158 4276 1246 4326 mem
1267 4262 1394 4337 partem
1422 4256 1479 4320 vix
1501 4256 1658 4334 recensui,
1680 4255 1863 4320 evolvimus
1881 4265 1918 4319 et
1939 4265 2052 4339 aperte
2072 4279 2243 4327 cxxx·
2283 4227 2288 4297 l

138 4340 275 4426 giendos
292 4339 472 4405 haereticos
493 4361 563 4405 esse
579 4341 762 4420 denunciat,
784 4341 926 4425 quievel
946 4341 1107 4408 idolorum
1156 4341 1331 4423 plicemus,
1359 4348 1398 4404 nt
1419 4341 1522 4407 caecis
1543 4342 1610 4406 fere
1633 4340 1805 4424 palpabilis
1827 4342 1869 4405 sit
1891 4361 2007 4407 aarum
2028 4336 2234 4413 focd‘ili·
2272 4358 2279 4445 t

139 4428 206 4494 sint
227 4424 383 4503 cultores,
411 4425 464 4490 vel
490 4424 552 4491 ooli
572 4414 736 4510 ¹appetant
756 4427 850 4510 quasi
871 4426 979 4492 idola:
1000 4449 1106 4509 quum
1158 4436 1222 4490 tas:
1257 4446 1317 4490 neo
1338 4426 1372 4489 in
1400 4435 1449 4491 tot
1476 4428 1705 4498 controversiis
1725 4426 1829 4490 ullum
1850 4435 1901 4492 est
1923 4438 2021 4512 caput
2041 4435 2227 4512 quand
2268 4471 2272 4496 ι

139 4514 297 4596 scriptum
318 4511 375 4577 sit:
397 4510 522 4594 Fugite
539 4511 626 4577 idola
643 4513 675 4596 (l
695 4513 810 4579 Ioann.
829 4520 858 4592 5,
878 4515 948 4597 21):
972 4512 1105 4578 deinde:
1158 4533 1224 4575 non
1247 4511 1366 4576 diserte
1388 4524 1421 4578 et
1441 4515 1584 4596 ingenue
1606 4513 1855 4591 excesserimus,
1884 4513 2051 4579 adimam
2071 4533 2219 4583 itt-ns·
2262 4487 2270 4593 l

1157 4618 1220 4680 que
1241 4606 1457 4680 penetrantes.
1508 4596 1642 4662 Gabriel
1668 4605 1777 4662 autem
1800 4598 1841 4664 eb
1863 4599 1953 4664 omni
1975 4601 2211 4671 condiet-:ta
2253 4631 2260 4740 p

208 4769 238 4834 1)
255 4769 365 4825 Gabriel
381 4768 434 4824 elle
472 4783 496 4820 e.
704 4801 708 4808 ·

207 4837 238 4904 2)
255 4837 331 4894 Nous
353 4785 520 4894 usonsglrien
545 4834 579 4890 de
602 4842 694 4890 nostre
717 4844 779 4904 part
801 4838 863 4893 d'un
886 4845 963 4894 autre
987 4839 1055 4910 style
1079 4847 1107 4894 et
1227 4837 1257 4899 1)
1274 4853 1343 4891 nous
1360 4837 1572 4893 eschaliaudons.

140 4905 218 4974 ieqou
237 4914 329 4961 contm
346 4908 374 4961 le
391 4906 520 4976 Pepaute.
1226 4905 1256 4967 2)
1275 4906 1322 4961 dos
1340 4914 1516 4960 marmousets
1533 4905 1597 4959 faita
1616 4908 1633 4960 a
1650 4905 1751 4974 plaisir.

208 4973 239 5039 3)
256 4975 304 5030 des
321 4991 422 5045 propos
441 4974 535 5029 conius
552 4973 598 5042 qui
615 4988 649 5026 ne
666 4971 727 5026 font
742 4989 776 5028 ne
795 4989 863 5043 pour
880 4991 913 5030 na
932 4983 1033 5031 contre.
1227 4974 1257 5037 3)
1276 4975 1303 5027 la
1320 4975 1430 5029 racailla
1448 4974 1484 5029 do
1502 4974 1591 5044 clerge
1608 4974 1700 5042 papst.

207 5042 238 5109 4)
256 5058 336 5113 apres
354 5045 429 5099 avoir
445 5045 585 5113 beaucoup
602 5041 717 5097 menni·
1226 5042 1257 5110 4)
1276 5042 1411 5097 chamelle
1429 5051 1457 5099 ct
1473 5049 1610 5098 temestra

2241 4768 2251 4897 l
