4590 5858
221 213 283 284 ‚ter
1036 204 1403 316 emersurouus.
2157 173 2222 287 roo

131 416 134 421 ·
169 415 173 420 ·
217 406 330 465 oentre
347 398 388 464 de
407 397 545 477 laterre,
566 398 838 482 pouvoientestre
851 395 1031 480 tesmoings
1049 403 1083 461 et
1104 416 1189 461 mes-
1241 414 1340 461 oones
1362 393 1505 461 humano
1527 396 1641 480 generi
1670 395 1848 462 immensae
1870 397 1992 481 gloriae
2007 396 2058 463 sui
2076 396 2222 463 autoris:

218 485 343 569 sagiers
364 485 404 551 de
426 505 464 549 sa
485 482 587 568 gleire
608 489 630 548 a
650 490 725 549 tous
744 482 910 548 hommes:
939 501 1023 564 pour
1044 480 1093 547 les
1113 479 1190 547 atti·
1242 500 1280 546 ae
1310 478 1446 563 proinde
1474 502 1516 546 ex
1543 480 1677 547 illarum
1704 503 1813 547 rorum
1843 483 2010 567 agnitione
2036 481 2078 547 ad
2105 483 2223 548 Deum

218 591 273 636 rer
294 576 315 635 a
336 569 367 637 le
388 570 536 646 oerober,
564 575 598 633 et
618 589 714 651 apres
734 567 849 635 l‘avoir
870 573 1001 644 trouve,
1024 566 1086 653 ‘luy
1108 566 1190 632 faire
1241 565 1350 650 ipsum
1373 566 1541 649 perveniri
1562 565 1684 646 debuit,
1706 578 1744 631 ut
1765 578 1799 632 et
1819 568 1882 651 ipsi
1894 569 2006 652 agnito
2017 567 2098 635 tides
2109 569 2223 633 omnis

218 654 338 723 reoueil
354 666 387 722 et
403 655 599 739 hommaige,
622 654 714 720 selon
729 652 900 738 ladignite
916 652 1019 736 d'ung
1036 652 1191 737 seigneur
1243 658 1339 734 atque
1361 649 1550 735 obsequium
1580 651 1775 731 deferretur,
1803 651 1890 737 quod
1915 654 2000 719 tanti
2027 653 2117 719 illius
2145 653 2223 719 heri

217 740 394 818 sibon,si
437 740 574 818 uissant,
598 740 626 805 si
648 760 743 823 sege,
771 747 805 804 et
826 738 965 817 eternel,
996 744 1029 804 et
1049 758 1190 805 mesmes
1241 736 1380 802 bonitati
1403 738 1580 821 sapientiae
1602 739 1766 821 potentiae
1797 739 1981 804 aeternitati
2009 750 2218 824 oongrueret

218 824 376 893 adoient
403 762 566 893 obasoune
592 847 634 891 en
662 847 722 891 son
744 824 892 891 endroiot
913 831 935 890 a
956 830 1044 889 oeste
1065 830 1188 907 queste.
1242 820 1330 904 Quid
1352 821 1438 921 quod
1466 824 1625 907 ipsaemet
1649 823 1770 921 alioqui
1798 847 1864 889 non
1886 826 2014 891 vooalee
2036 833 2221 902 ereaturae,

247 933 285 978 ar
305 912 354 979 les
375 934 395 978 o
417 910 516 978 soleta
532 911 694 978 ehantans
715 911 904 978 ohantoient
925 908 1023 989 Dieu,
1047 909 1094 974 les
1116 909 1189 976 bes-
1241 907 1367 972 bomim
1399 909 1461 992 ipsi
1484 910 1584 975 etiam
1605 909 1666 976 hae
1684 931 1723 974 ru
1750 918 1843 994 parte
1871 912 1964 995 quasi
1992 911 2093 976 verba
2145 932 2222 977 rae-

217 1006 269 1064 tos
289 997 321 1063 lo
409 999 560 1076 amoient,
583 998 631 1063 los
653 996 797 1063 elemens
816 995 847 1062 le
868 994 1112 1073 redoubtoient,
1140 995 1189 1060 les
1240 994 1341 1059 ivisse
1360 991 1569 1060 dioerentur?
1597 995 1724 1078 Nempe
1736 1004 1770 1061 et
1780 996 1953 1063 voluerum
1969 995 2095 1063 moduli
2141 1018 2223 1063 eum

218 1083 424 1168 montaignes
444 1082 476 1148 le
497 1083 719 1161 resonnoient‚
746 1081 794 1148 les
820 1082 943 1148 flenvas
971 1089 1005 1146 et
1026 1081 1188 1146 fontaines
1240 1080 1467 1178 personabant,
1489 1090 1522 1145 et
1543 1081 1641 1146 bruta
1663 1081 1736 1165 ipsa
1753 1082 1936 1166 mugientia
1952 1091 2102 1148 autorem
2121 1081 2218 1148 illum

219 1168 276 1254 luy
295 1167 616 1246 iettoientoeillades‚
635 1166 1036 1250 lesberbesetfleursluy
1048 1169 1186 1251 rioyent.
1240 1164 1470 1244 molamabant,
1494 1174 1528 1231 et
1548 1165 1783 1232 elementorum
1813 1168 1913 1234 series
1941 1167 1982 1233 ad
2010 1170 2121 1251 ipsum
2148 1179 2219 1234 stu·

122 1258 124 1270 '
219 1253 376 1320 Oombieu
398 1277 460 1338 que
482 1253 735 1320 veritablement
759 1252 783 1318 il
805 1275 847 1318 ne
868 1253 955 1319 feust
973 1273 1033 1336 pas
1055 1253 1188 1318 mestier
1240 1252 1347 1333 pebat,
1369 1261 1403 1316 et
1424 1260 1552 1318 montes
1569 1252 1663 1317 illum
1673 1253 1875 1331 intonabant,
1898 1263 1931 1319 et
1942 1255 2049 1320 fontes
2059 1254 2219 1338 fluviique

218 1338 259 1404 de
287 1339 317 1407 le
346 1341 481 1407 eerober
507 1340 573 1405 fort
594 1339 699 1423 loing:
722 1359 787 1406 ven
807 1359 871 1422 quo
892 1338 1037 1406 ohasoun
1057 1338 1089 1402 le
1109 1358 1188 1422 pou·
1240 1337 1371 1419 ipsimet
1392 1336 1495 1403 oeulis
1513 1339 1605 1421 quasi
1628 1339 1806 1416 niotabant,
1838 1347 1870 1404 et
1892 1339 2045 1424 gramina
2062 1350 2101 1406 ao
2119 1339 2217 1406 flores

217 1427 286 1491 voit
304 1434 438 1494 trouver
460 1448 501 1492 en
523 1445 715 1510 soymesme,
738 1445 780 1490 en
791 1431 1030 1508 tantquenous
1048 1444 1188 1489 sommes
1240 1421 1304 1506 ipsi
1327 1421 1629 1489 adblandiebantur.
1675 1423 1741 1489 Sed
1765 1446 1869 1508 neque
1891 1425 1991 1490 etiam
2018 1434 2114 1490 extra
2144 1447 2217 1490 sese

217 1526 290 1578 tous
311 1520 477 1580 sustentes
504 1519 538 1576 et
564 1531 736 1577 oonservea
765 1508 805 1576 de
837 1531 874 1576 sa
902 1512 997 1576 vertu
1019 1508 1188 1574 habitante
1241 1528 1401 1591 quemque
1413 1508 1493 1574 adeo
1514 1509 1609 1574 illum
1627 1530 1663 1575 re
1685 1511 1791 1576 uirere
1813 1521 1991 1594 opuserat:
2013 1513 2093 1595 quin
2117 1532 2216 1594 quum

215 1618 260 1663 en
277 1618 369 1663 nous.
1241 1594 1276 1658 iu
1309 1594 1485 1678 semetipso
1523 1596 1669 1678 auique.
1714 1596 1869 1661 nefioium
1907 1597 2008 1680 ipsius
2041 1608 2215 1674 constaret,

1241 1700 1323 1764 quae
1355 1678 1473 1746 deinde
1506 1681 1591 1746 iusta
1623 1681 1810 1748 cessationis
1849 1683 2029 1759 exeusatio,
2064 1684 2145 1766 quin
2177 1683 2216 1748 ad

1240 1766 1349 1848 ipsum
1371 1767 1525 1832 eontinuo
1546 1766 1712 1832 ferrentur
1732 1787 1855 1846 omnes,
1877 1769 1912 1833 in
1934 1789 1998 1852 qno
2019 1790 2086 1834 uno
2105 1790 2215 1835 omnes

431 1917 434 1923 .
510 1898 512 1905 ι
1240 1853 1386 1919 vivimus
1407 1860 1441 1916 et
1460 1872 1633 1917 movemur
1654 1860 1688 1917 at
1709 1852 1844 1919 sumus?

301 1939 350 2006 Oe
371 1937 517 2023 pendant
543 1958 660 2004 enoore
687 1958 769 2021 pour
793 1936 869 2021 plus
897 1937 1097 2020 amplement
1117 1957 1187 2003 ma·
1327 1940 1436 2021 Atque
1459 1946 1497 2002 nt
1517 1937 1636 2003 oertior
1660 1947 1805 2003 exstaret
1830 1939 1933 2022 ipsius
1957 1960 2038 2022 erge
2066 1939 2214 2005 homines

217 2026 351 2091 nifaster
373 2045 410 2091 sa
426 2023 525 2090 bonte
543 2032 577 2089 et
592 2024 755 2090 elomenoe
775 2022 890 2089 infinie
914 2033 1006 2087 entre
1027 2022 1076 2088 les
1093 2022 1187 2088 hom·
1239 2023 1466 2108 propensionis
1484 2021 1727 2102 demonstratio,
1757 2025 1836 2090 satis
1863 2024 1912 2089 illi
1941 2045 2009 2089 non
2039 2025 2104 2090 fuit
2130 2046 2214 2092 oom-

216 2133 296 2189 mes,
316 2110 342 2175 il
363 2114 416 2175 n’a
444 2131 503 2194 pas
529 2117 597 2174 este
623 2117 757 2176 oontent
784 2107 825 2175 de
856 2107 905 2173 les
931 2108 1087 2173 instruire
1115 2118 1187 2174 tous
1239 2129 1374 2176 munem
1392 2108 1485 2174 illam
1507 2131 1549 2174 ex
1571 2130 1682 2174 rerum
1700 2118 1818 2175 natura
1838 2109 2075 2195 paedagogiam
2097 2113 2213 2177 eonsti-

216 2217 276 2280 par
297 2195 360 2262 tela
382 2195 630 2280 enseignemens
653 2216 716 2279 que
737 2215 841 2261 avons
863 2193 1017 2260 deolaire:
1052 2195 1135 2260 mais
1162 2193 1186 2259 il
1240 2196 1343 2261 tuisse
1361 2195 1540 2262 universis:
1570 2195 1627 2261 sed
1648 2194 1734 2279 quod
1762 2195 1859 2280 longe
1886 2198 2212 2280 praestantissimum,

218 2305 238 2348 a
259 2282 490 2366 speeialemont
510 2281 588 2346 faint
605 2279 761 2347 entendre
783 2301 821 2346 sa
838 2280 913 2347 voix
935 2286 1043 2363 aung
1063 2280 1188 2346 certain
1237 2282 1376 2364 ipsomet
1395 2300 1452 2346 ore
1469 2301 1528 2346 euo
1550 2288 1676 2347 eertum
1698 2280 1860 2365 quendam
1881 2283 2046 2366 populum,
2058 2283 2213 2349 Israelem

217 2368 349 2452 peuple:
371 2366 479 2450 laquel
502 2366 542 2432 de
563 2389 625 2432 son
646 2367 711 2432 bon
734 2365 859 2431 vouloir
879 2374 913 2430 et
932 2363 1067 2429 liberale
1089 2386 1186 2514 {reae
1239 2388 1356 2450 nempe
1376 2366 1573 2449 oompellere
1591 2367 1746 2452 dignatus
1768 2376 1827 2443 est,
1849 2369 2110 2451 quamprimum
2127 2391 2213 2434 mera

215 2452 394 2520 ilaesleu
415 2460 449 2518 et
474 2451 588 2538 ohoisy
611 2460 704 2517 entre
729 2459 837 2517 toutes
866 2451 914 2516 les
941 2450 1071 2516 nations
1114 2450 1187 2517 ela
1238 2460 1271 2518 et
1303 2453 1448 2537 gratuita
1478 2453 1679 2536 benignitate
1712 2474 1817 2519 unum
1845 2474 1887 2518 ex
1915 2453 2065 2521 omnibus
2090 2454 2211 2538 populis

216 2550 311 2606 terre.
355 2537 402 2605 Oe
424 2546 499 2604 sont
525 2537 573 2602 les
595 2539 711 2603 enfans
736 2535 777 2603 de
798 2536 918 2614 Israel,
952 2535 1105 2618 ausquelz
1126 2557 1186 2620 par
1239 2537 1299 2604 sibi
1321 2538 1498 2622 selegisset.
1527 2538 1591 2604 His
1613 2536 1745 2604 demum
1767 2548 1838 2603 tum
1860 2539 1962 2605 verbo
1980 2561 2038 2604 suo
2060 2541 2209 2623 seipsum

216 2645 254 2691 sa
281 2624 403 2708 parolle
430 2623 503 2688 ila
531 2622 720 2689 eiairement
746 2629 890 2688 monstra
916 2621 991 2705 quel
1018 2621 1043 2685 il
1075 2621 1184 2687 estoit:
1237 2624 1449 2690 manifestum
1471 2622 1623 2703 reddidit,
1646 2637 1717 2689 tum
1740 2624 1838 2690 etiam
1866 2624 2018 2709 operibus
2044 2625 2209 2709 stupendis

215 2718 252 2775 et
301 2730 338 2775 ar·
365 2730 417 2776 ses
445 2729 583 2775 oeuvres
611 2708 855 2775 merveilleuses
882 2706 907 2771 il
935 2727 955 2772 a
984 2706 1122 2772 deolaire
1149 2729 1186 2774 oe
1237 2710 1403 2794 potentiae
1435 2708 1524 2775 illius
1546 2730 1624 2775 suae
1658 2709 1853 2776 dooumenta
1884 2711 2029 2794 protulit
2075 2712 2147 2778 Hos
2174 2734 2209 2777 ex

216 2732 300 2879 qu’il
314 2795 441 2880 sqavoit
461 2794 552 2859 faire.
600 2793 667 2861 Car
694 2793 830 2860 illesa
857 2794 974 2859 retirea
996 2791 1037 2857 de
1058 2792 1092 2859 la
1111 2793 1187 2859 sub-
1239 2796 1384 2880 Aegypti
1405 2796 1536 2862 fornaoe
1558 2797 1665 2861 ferrea
1687 2794 1830 2874 eduens,
1852 2797 1888 2861 in
1909 2818 1974 2880 qua
2000 2796 2073 2863 vivi
2101 2821 2140 2864 ao
2166 2799 2208 2861 vi·

217 2883 335 2948 ieotion
359 2878 399 2947 de
421 2880 575 2946 Pharaoh
597 2880 673 2964 Roy
700 2877 792 2945 dell
838 2885 894 2962 pte
917 2880 1027 2957 (souba
1047 2878 1186 2961 laquelle
1239 2879 1352 2947 dentes
1372 2881 1604 2959 atterebantur,
1624 2882 1659 2945 in
1681 2882 1918 2965 optatissimam
1945 2882 2133 2948 libertatem
2164 2905 2208 2949 as·

215 2967 258 3033 ila
281 2965 570 3034 estoientdetenua
587 2965 796 3048 etopprimea
834 2986 917 3049 pour
938 2965 985 3031 les
1007 2964 1187 3031 affranohir
1239 2967 1349 3032 seruit.
1404 2966 1469 3032 His
1502 2989 1536 3032 se
1570 2978 1726 3051 tanquam
1759 2967 1867 3033 exsilii
1905 2968 2068 3052 partioepe
2100 2968 2207 3036 duoem

214 3063 250 3120 et
270 3059 390 3119 mettre
411 3074 453 3118 en
469 3051 595 3118 liberte.
629 3050 661 3115 ΙΙ
680 3050 731 3116 les
752 3072 773 3116 a
793 3050 1022 3134 aooompaigne
1044 3050 1136 3116 nuiot
1152 3058 1187 3116 et
1238 3052 1382 3118 interdiu
1404 3061 1438 3117 et
1458 3073 1518 3136 per
1540 3063 1669 3118 noetem
1690 3053 1856 3136 praetulit.
1900 3054 2000 3122 Pavit
2013 3056 2049 3119 in
2073 3055 2207 3121 deserto:

215 3141 290 3205 iour
311 3160 351 3204 en
373 3139 447 3203 leur
467 3137 557 3214 luite,
578 3144 823 3203 estantoomme
840 3136 943 3202 luitifa
955 3138 980 3216 ¹)
1003 3157 1045 3202 au
1062 3135 1186 3203 millieu
1237 3138 1275 3202 in
1297 3141 1475 3221 promissae
1496 3139 1645 3224 regionis·
1655 3140 1893 3222 possessionem
1910 3140 2038 3206 intulit:
2064 3142 2206 3207 viatoria

216 3225 332 3292 d’eulx.
376 3223 477 3289 Illes
503 3245 523 3288 a
550 3243 673 3308 nourry
701 3245 744 3287 an
772 3221 890 3287 desert
939 3221 971 3286 Π
998 3222 1046 3287 les
1067 3242 1088 3287 a
1108 3222 1188 3288 iaiot
1239 3245 1277 3290 ae
1299 3224 1482 3308 triumphos
1504 3225 1596 3307 quasi
1617 3226 1651 3289 in
1675 3225 1784 3290 sinum
1806 3224 1931 3290 effudit.
1974 3227 2028 3291 Ex
2050 3225 2104 3292 his
2133 3227 2205 3302 unis

216 3331 421 3394 possesseurs
447 3307 492 3374 du
522 3308 685 3374 territoire
711 3309 848 3393 promis,
882 3307 907 3372 il
935 3308 1008 3372 leur
1034 3329 1055 3372 a
1080 3307 1187 3373 donne
1240 3311 1335 3392 quasi
1355 3308 1396 3376 ad
1418 3311 1529 3393 ipsum
1550 3310 1632 3376 aliae
1654 3318 1769 3394 gentes
1792 3311 1901 3377 minus
1923 3312 2137 3395 pertinerent,
2156 3332 2206 3376 no·

218 3397 368 3463 viotoires
385 3403 419 3461 et
436 3394 620 3479 triumphes
631 3401 723 3460 entre
744 3394 833 3459 leurs
851 3393 965 3458 mains.
999 3394 1045 3458 ut
1062 3412 1187 3459 oomme
1239 3417 1316 3462 rnen
1345 3396 1415 3479 ipse
1442 3396 1575 3475 dooere,
1608 3395 1681 3461 illos
1708 3397 1865 3480 populum
1894 3419 1932 3464 ao
1960 3407 2094 3482 gentem
2122 3418 2205 3463 suam

217 3481 269 3547 s’il
291 3486 398 3548 n'eust
422 3481 494 3546 rien
522 3487 590 3546 este
619 3501 686 3545 aux
705 3485 816 3544 autres
836 3479 975 3557 natione,
998 3479 1023 3543 il
1046 3501 1066 3544 a
1087 3479 1187 3544 voulu
1240 3481 1384 3548 vicissim
1406 3482 1575 3547 nominare
1610 3481 1722 3547 voluit
1766 3483 1877 3565 Atque
1906 3483 1987 3549 haee
2015 3486 2127 3550 omnia
2152 3482 2204 3549 snb

217 3576 303 3634 estre
325 3575 569 3651 expressement
590 3573 720 3630 nomme
742 3564 829 3630 Dieu
850 3563 996 3630 Disrael:
1029 3573 1063 3629 et
1081 3565 1187 3651 ioeluy
1238 3566 1297 3632 illa
1317 3575 1447 3632 tantum
1470 3566 1662 3645 oonditione,
1685 3577 1723 3632 ut
1745 3567 1873 3633 nullum
1894 3568 1982 3634 aliud
2012 3591 2138 3635 numen
2157 3567 2204 3633 ad·

216 3661 304 3719 estre
324 3652 455 3718 intitule
483 3672 542 3718 son
571 3649 698 3734 peupla.
748 3647 856 3716 Souba
884 3649 960 3714 telle
981 3671 1188 3717 eonvenanoe
1240 3652 1414 3731 mittendo,
1448 3653 1483 3717 in
1511 3654 1581 3737 ipso
1618 3675 1684 3718 uno
1717 3653 1931 3737 singulariter
1963 3657 2203 3737 aequieseerent

216 3760 281 3821 que
303 3737 365 3802 tela
387 3734 878 3822 nereeongnoistroientiamais
894 3734 1021 3801 d’autre
1036 3737 1189 3820 seigneur
1239 3739 1314 3804 Hoo
1333 3759 1429 3822 porro
1450 3737 1573 3817 foedus,
1597 3739 1752 3823 appositis
1763 3738 2011 3806 benevolentiae
2034 3764 2113 3808 suae
2124 3740 2203 3807 testi·

217 3833 320 3890 etue
349 3824 552 3889 reoevroient
579 3830 673 3887 autre
694 3821 790 3888 Dieu.
842 3821 889 3886 Et
911 3821 988 3886 tello
1009 3821 1189 3888 allianoea
1240 3824 1358 3891 moniis
1391 3823 1615 3908 amplissimis,
1647 3832 1719 3889 tum
1748 3823 1835 3910 apud
1863 3826 1949 3910 ipsos
1972 3828 2122 3906 sanoivit,
2142 3838 2203 3891 tum

216 3917 286 3976 este
314 3909 487 3975 oonfirmee
515 3917 549 3974 et
575 3915 690 3992 possea
717 3907 815 3973 soubz
843 3907 1045 3973 instrumens
1072 3918 1188 3972 auten·
1241 3908 1396 3977 oonfeotis
1419 3919 1452 3976 et
1473 3908 1570 3975 editis
1592 3930 1631 3975 ea
1652 3909 1693 3975 de
1715 3932 1751 3975 ra
1770 3910 1910 3994 publiois
1928 3912 2058 3991 tabulis,
2084 3915 2121 3978 in
2142 3934 2204 3996 per·

210 3996 338 4148 tbiqiples,
367 3992 411 4057 du
433 4000 608 4061 testament
629 4003 663 4059 et
685 3997 933 4077 tesmoingnage
955 3994 1010 4076 qui
1019 3992 1048 4070 ²)
1078 3992 1189 4059 leura
1241 4003 1375 4078 potuum
1396 3996 1444 4061 rei
1461 4007 1710 4067 monumentum
1732 3998 1946 4063 oonfirmavit.

304 4162 578 4230 Neantmoinsles
589 4165 736 4230 hommes
754 4171 887 4230 sentans
905 4174 979 4229 tous
1000 4163 1072 4230 leur
1083 4164 1188 4230 maul-
1275 4211 1279 4217 -
1328 4166 1529 4234 Seilioetilla
1549 4165 1679 4233 tasso
1699 4167 1902 4234 lateriletalis
1920 4171 2081 4253 musam)
2103 4170 2205 4237 nativa

218 4253 303 4320 dioto
325 4269 424 4326 rasse,
447 4257 536 4314 etse
553 4261 741 4315 monstrans
758 4249 1021 4335 vraysheritiers
1043 4247 1084 4316 de
1104 4249 1188 4315 l'ini-
1242 4253 1406 4336 eorruptio
1427 4273 1545 4336 nempe
1567 4253 1720 4337 pervinit:
1749 4274 1856 4337 neque
1883 4254 1989 4339 magis
2016 4256 2081 4340 ipsi
2109 4257 2204 4323 Israe

217 4339 307 4423 quite
328 4336 369 4401 de
390 4335 463 4399 leur
484 4355 562 4417 pere
584 4333 706 4414 Adam,
733 4356 817 4419 pour
843 4334 936 4400 telles
956 4336 1120 4402 manieros
1148 4335 1189 4403 de
1240 4338 1320 4404 litae
1354 4337 1418 4404 Dei
1451 4337 1587 4405 monitis
1618 4359 1734 4423 parere
1761 4339 2005 4418 sustinuerunt,
2038 4363 2143 4426 neque
2170 4338 2204 4406 ad

216 4432 480 4495 remonstranoas
512 4441 554 4485 ne
581 4440 617 4485 se
642 4427 718 4486 sont
744 4422 837 4505 point
863 4441 1008 4487 esmona:
1042 4429 1076 4487 et
1096 4426 1189 4487 n’ont
1241 4423 1333 4490 illam
1354 4423 1544 4503 doetrinam,
1568 4446 1650 4509 quae
1678 4433 1747 4490 tam
1777 4432 1958 4509 opportune
1986 4428 2202 4494 revooaretin

217 4516 362 4578 esooutte
382 4506 415 4572 la
437 4505 592 4583 doetrine,
616 4524 674 4588 par
696 4506 834 4590 laquelle
850 4507 938 4573 Dieu
959 4506 1008 4573 les
1029 4505 1190 4574 advertis·
1241 4510 1340 4589 viam,
1363 4509 1585 4576 attenderunt
1630 4511 1680 4576 Ao
1706 4509 1843 4594 proinde
1870 4512 1919 4576 uti
1946 4512 2064 4597 reliqui
2094 4515 2201 4598 passim

218 4597 291 4663 soit.
324 4596 391 4660 Les
413 4598 579 4658 oreatnres
600 4591 758 4673 esquelles
780 4593 877 4659 estoit
897 4593 1015 4659 esorite
1037 4591 1071 4657 la
1087 4594 1190 4678 gloire
1242 4596 1362 4681 populi,
1384 4596 1460 4680 vagi
1482 4616 1519 4662 ao
1540 4596 1688 4679 palantes
1709 4594 1751 4661 ad
1772 4617 1884 4662 rerum
1906 4605 2044 4665 naturae
2060 4601 2201 4685 magiste-

217 4692 253 4747 et
273 4679 506 4766 magnifioenee
528 4675 674 4754 deDieu,
697 4681 790 4742 n'ont
800 4678 872 4744 rien
892 4680 1010 4762 proiite
1027 4699 1092 4744 aux
1109 4701 1189 4765 gen·
1242 4683 1339 4760 rium,
1361 4682 1448 4750 oaaoi
1470 4702 1508 4747 ao
1529 4680 1623 4747 surdi
1633 4689 1822 4749 oonstanter
1831 4683 2038 4750 oberrarunt:
2060 4687 2108 4750 ita
2116 4686 2199 4750 etiam

218 4767 285 4846 tila,
307 4787 389 4850 pour
410 4764 482 4829 leur
502 4763 584 4830 faire
605 4760 749 4847 glorifier
759 4763 854 4848 oeiuy
871 4763 1080 4849 duquelellos
1096 4765 1190 4832 testi·
1242 4766 1383 4834 Iudaeos
1405 4767 1506 4833 nihilo
1528 4767 1644 4834 melius
1666 4774 1699 4834 et
1721 4766 2011 4852 lex'etprophetae
2021 4770 2195 4837 affeoenmt:

129 4879 133 4887 ·
1243 4863 1277 4919 et
1297 4874 1414 4920 servus
1433 4852 1499 4920 Dei
1521 4854 1645 4920 oaooior
1673 4852 1715 4919 ad
1740 4853 1846 4921 luoem
1869 4855 1949 4932 Dei,
1978 4865 2011 4922 et
2043 4855 2084 4921 ad
2108 4854 2196 4921 moni-

240 5053 267 5068 ..
289 4985 318 5052 1)
336 4983 416 5039 initii.
439 4982 514 5038 1548.
556 4983 611 5038 Les
630 4980 750 5038 &ditione
774 4983 836 5050 plau
858 4985 976 5041 dmm
998 4992 1120 5042 malent:
1149 4987 1192 5043 fu·
1247 5028 1443 5037 mm..-

289 5119 320 5187 2)
338 5120 401 5189 qu'il
418 5119 487 5176 15⁶4
504 5123 572 5177 sair.
669 5147 671 5151 ·
1314 5126 1343 5191 l)
1361 5127 1453 5183 Habet
1469 5127 1519 5183 bor
1535 5142 1567 5181 er
1592 5127 1701 5196 Virprlii
1717 5129 1785 5183 Aea.
1804 5127 1858 5184 IV.
1878 5127 1920 5183 tt.
