4776 5844
276 1481 533 1564 SECUNDA
559 1481 813 1564 DEFENSI(
821 1486 835 1559 l
859 1482 993 1563 PIAE
1017 1482 1083 1562 ET
1105 1482 1497 1564 ORTHODOXAE
1520 1482 1593 1562 DE
1616 1475 2008 1562 SAORAMENTIS
2031 1480 2200 1576 FlDEL

285 1731 290 1743 ι
322 1599 613 1682 abversus
636 1600 906 1684 IOAOHIMI
929 1598 1625 1800 WESTffissgthJUMNIAS.
1649 1599 1868 1682 lOANNE
1892 1600 2142 1684 CALVINO

314 1912 388 1986 [pag.
410 1913 461 1986 10]
485 1906 594 1987 Quam
616 1907 741 1972 invitus
764 1904 806 1969 ed
828 1904 890 1969 hoc
911 1912 1086 1979 certamen,
1119 1902 1207 1986 quod
1259 1913 1292 1968 et
1313 1905 1368 1986 qui
1397 1925 1469 1969 eam
1497 1904 1655 1970 acerrime
1676 1906 1775 1970 tutati
1802 1916 1895 1983 sunt,
1925 1907 2097 1972 familiaris
2120 1908 2247 1976 deinde

228 1992 268 2056 ab
292 1993 385 2056 initio
408 1991 576 2074 hucusque
599 1992 754 2075 defugere
775 1999 912 2056 conatus
935 2011 1019 2064 sum,
1041 2011 1128 2054 nuno
1146 1991 1207 2053 ite·
1259 2009 1339 2054 usus
1361 1990 1444 2054 mihi
1465 1991 1544 2054 fuit:
1578 1990 1633 2072 qui
1661 2009 1715 2053 me
1736 1992 1886 2055 certatim
1908 2012 2021 2056 omnes
2043 1995 2148 2059 amice
2170 2016 2246 2059 am·

227 2097 301 2146 rnm
319 2076 508 2159 pertrahar,
534 2078 648 2143 multis
677 2077 787 2142 verbis
809 2075 939 2151 testari,
970 2074 1053 2138 mihi
1075 2093 1206 2140 necesse
1259 2075 1348 2157 plexi
1371 2085 1457 2140 aunt.
1492 2075 1583 2155 Quin
1607 2075 1705 2140 etiam
1717 2075 1889 2141 Lutherus
1907 2078 1977 2160 ipse
1991 2098 2094 2161 qaum
2117 2082 2247 2163 scripta

227 2176 293 2227 non
317 2184 387 2227 esse
410 2163 560 2228 arbitror.
613 2162 777 2227 Omnibus
800 2162 889 2226 enim
909 2161 966 2242 qui
989 2161 1111 2241 scripta
1133 2179 1207 2223 mea
1258 2180 1333 2225 mea
1354 2161 1561 2243 inspexisset,
1585 2159 1683 2242 quale
1701 2160 1741 2225 de
1758 2182 1812 2226 me
1833 2161 1987 2227 iudicium
2011 2165 2132 2241 fecerit,
2155 2166 2245 2230 milri

227 2247 382 2331 legerunt
403 2270 468 2312 non
496 2248 673 2313 obscurum
696 2257 762 2323 est,
793 2265 889 2329 quam
913 2245 1080 2311 moderate
1107 2265 1206 2328 argu·
1258 2266 1317 2328 per
1350 2255 1451 2311 testes
1484 2244 1620 2310 idoneos
1655 2251 1729 2325 [pag.
1756 2252 1808 2325 12]
1839 2248 1978 2329 probare
2011 2270 2075 2314 non
2107 2251 2246 2317 difficile

227 2342 392 2411 mentum,
425 2333 511 2415 quod
541 2353 661 2417 graves
691 2334 779 2397 iuter
805 2334 878 2415 pios
909 2339 942 2395 et
975 2330 1085 2395 doctos
1118 2330 1206 2394 viros
1259 2332 1331 2396 erit.
1366 2328 1433 2396 Sed
1457 2331 1540 2396 mihi
1562 2353 1649 2397 unas
1666 2352 1725 2413 pro
1746 2331 1860 2398 multis
1883 2335 1947 2397 erit
1967 2334 2143 2418 Philippus
2165 2337 2245 2402 Me-

228 2438 357 2503 pugnas
376 2429 489 2482 nostro
511 2419 881 2494 saeculoexaitaverat,
912 2415 1135 2481 tractaverim:
1168 2423 1207 2480 ιιι
1258 2416 1447 2481 lanahthon.
1501 2415 1630 2483 Accidit
1657 2426 1770 2499 postea
1790 2418 1979 2498 infeliciter,
2007 2430 2044 2484 ut
2066 2420 2243 2488 Lutherus

228 2503 304 2568 inde
337 2503 430 2567 nulla
464 2503 590 2567 saltem·
621 2503 768 2569 acerbior
799 2503 936 2567 offensio
968 2502 1047 2566 oriri
1088 2509 1206 2584 posset.
1258 2503 1298 2566 ab
1324 2501 1441 2567 iisdem
1470 2522 1627 2567 accensus
1653 2501 1808 2579 flabellis,
1834 2504 1952 2587 quibus
1973 2526 2061 2570 nune
2082 2507 2245 2573 turbatur

228 2588 316 2653 Nem
347 2590 409 2653 etsi
438 2588 574 2653 docendi
602 2589 764 2654 rationem
793 2587 836 2653 ed
864 2588 1035 2652 hominum
1063 2588 1205 2670 gratiam
1259 2586 1413 2652 ecclesiae
1435 2587 1537 2670 quies,
1560 2589 1718 2670 privatim
1739 2588 1898 2655 adversus
1911 2591 2086 2674 ligur-ines
2103 2612 2244 2659 rursum

228 2693 295 2738 non
317 2674 445 2750 inflexi,
474 2674 559 2764 qnod
581 2683 694 2739 tamen
715 2675 860 2758 ingenue
882 2683 916 2737 et
937 2673 1064 2738 sincere
1087 2693 1128 2736 ex
1150 2692 1206 2756 ge-
1258 2671 1520 2739 exeandesceret
1570 2673 1657 2737 Nam
1684 2675 1744 2738 etsi
1774 2673 1905 2758 longius
1936 2676 2104 2740 interdum
2136 2698 2242 2760 quam

229 2760 331 2825 nuino
364 2760 465 2824 animi
497 2760 562 2824 mei
595 2779 693 2825 sensu
726 2759 890 2842 professus
922 2778 1013 2837 sum,
1047 2755 1206 2822 eiusmodi
1258 2778 1318 2841 par
1339 2765 1426 2824 esset
1436 2759 1563 2824 ferebat
1580 2778 1665 2822 eum·
1678 2759 1802 2843 ingenii
1826 2760 2042 2838 vehementia,
2066 2784 2242 2846 nunquam
2292 2763 2297 2768 ’

229 2853 316 2923 erat,
341 2853 380 2909 ut
402 2844 443 2909 ad
465 2844 640 2927 placandos
667 2844 794 2909 animos
821 2845 925 2928 magis
953 2863 1050 2926 quam
1078 2843 1119 2907 ad
1147 2862 1205 2907 an·
1258 2852 1367 2908 tamen
1391 2852 1507 2927 sponte
1530 2842 1572 2908 ad
1594 2844 1766 2926 pristinam
1788 2848 2028 2911 contentionem
2050 2856 2164 2930 raptus
2187 2869 2243 2913 es·

230 2929 338 3015 ganda
359 2930 494 2996 dissidia
515 2932 626 2996 valere
644 2931 802 2996 debuerit.
847 2930 932 2994 Nem
955 2936 989 2993 et
1009 2929 1074 2992 iam
1097 2927 1206 3012 aliqua
1258 2937 1317 3005 set,
1341 2929 1404 2994 nisi
1427 2949 1447 2993 a
1467 2929 1631 3011 pestiferis
1647 2927 1772 2995 facibus
1794 2940 1969 3015 suggestus
1986 2934 2110 2998 fuisset·
2124 2941 2244 3000 tantus

229 3038 271 3081 ex
294 3025 387 3099 parte
409 3015 541 3081 sedatus
563 3023 634 3081 erat
656 3015 727 3094 ille,
754 3035 850 3098 quem
874 3015 957 3093 dixi,
986 3014 1211 3079 contentionis·
1258 3013 1364 3079 ardor.
1415 3014 1516 3092 Mihi,
1549 3024 1586 3079 ut
1613 3014 1764 3097 plurimis
1793 3014 1867 3079 aliis
1894 3017 1959 3081 Dei
1992 3017 2172 3084 cultoribus
2206 3033 2242 3084 et

229 3105 354 3182 ferror,
382 3111 419 3166 ut
445 3103 480 3165 in
506 3101 643 3184 placidis
665 3121 779 3166 eorum
800 3100 1032 3183 scriptionibus
1054 3100 1168 3182 purior
1175 3098 1204 3181 ²)
1258 3099 1384 3165 Ohristi
1405 3100 1575 3177 ministris,
1598 3120 1665 3165 non
1682 3121 1799 3182 parum
1817 3109 1896 3167 tune
1919 3100 2032 3180 doluit,
2055 3125 2108 3169 res
2129 3103 2242 3170 denuo

230 3187 371 3270 liqueret
398 3188 447 3252 rei
474 3187 657 3270 explicatio.
705 3188 755 3253 Ac
777 3186 918 3252 libenter
941 3185 1072 3270 glorior,
1103 3204 1206 3269 quum
1258 3186 1305 3250 sie
1326 3207 1399 3250 esse
1421 3186 1635 3251 exulceratas.
1680 3184 1779 3266 Quod
1800 3193 1912 3253 tamen
1934 3209 2037 3253 unum
2059 3189 2142 3254 mihi
2167 3211 2242 3257 res-

231 3273 287 3338 alii
316 3273 357 3338 ad
392 3272 472 3338 alios
507 3274 640 3356 Propius
675 3272 828 3337 accedere
859 3273 1054 3353 coepissent,
1091 3290 1205 3334 eorum
1256 3272 1365 3351 tabat,
1393 3271 1515 3337 tacitus
1535 3271 1572 3335 in
1599 3272 1676 3351 sinu
1697 3292 1770 3336 meo
1788 3273 1907 3356 gemui.
1952 3274 2085 3340 Interea
2107 3298 2151 3341 ne
2172 3297 2242 3360 qua

229 3380 412 3445 consensu,
434 3359 510 3422 lieet
536 3359 683 3423 nondum
704 3357 802 3441 pleno
824 3365 859 3422 et
884 3355 1000 3433 solido,
1029 3376 1082 3420 me
1103 3356 1205 3421 fixisse
1257 3356 1471 3423 dissensionis
1494 3357 1618 3456 speeies
1640 3355 1793 3424 ecelesias
1814 3358 1851 3422 in
1870 3357 1922 3424 his
1944 3359 2091 3441 partibus
2108 3361 2241 3428 scinde-

228 3449 466 3532 noq[pag.11]
496 3443 702 3510 mediocriter
729 3443 888 3509 adiutum.
940 3441 1053 3523 Quum
1075 3442 1161 3506 enim
1187 3462 1206 3505 a
1258 3451 1323 3519 ret,
1352 3441 1404 3507 vel
1427 3442 1569 3524 suspicio
1592 3455 1679 3507 esset
1700 3441 1846 3508 diversas
1869 3445 2038 3528 opiniones
2061 3444 2242 3514 hincinde

228 3532 371 3596 tenebris
404 3539 545 3613 papatus
578 3548 746 3613 emergere
777 3529 951 3611 incipiens,
983 3528 1076 3592 tenui
1107 3546 1206 3592 mnae
1257 3528 1370 3606 foveri,
1393 3536 1427 3592 et
1448 3528 1525 3609 quia
1546 3528 1730 3592 fremebant
1751 3527 1892 3612 quidam,
1915 3529 1998 3594 mihi
2008 3552 2084 3596 oum
2106 3533 2241 3599 eximiis

230 3613 396 3681 docuisse
419 3624 518 3699 gustu
540 3625 705 3699 concepto,
732 3614 876 3698 legerem
899 3610 986 3696 apud
1007 3611 1206 3690 Lntherum,
1257 3614 1339 3677 viris
1365 3611 1504 3696 fidisque
1527 3612 1653 3678 (lhristi
1674 3614 1849 3692 ministris,
1879 3615 2034 3681 ecclesiae
2056 3617 2241 3700 ligurinae

230 3700 314 3765 nihil
343 3702 377 3765 in
405 3701 619 3766 sacramentis
650 3699 691 3764 ab
718 3697 972 3781 Oeoolampadio
999 3708 1032 3762 et
1053 3696 1205 3788 Zvinglic
1259 3697 1458 3777 doctoribus,
1491 3720 1558 3763 non
1587 3698 1669 3763 satis
1696 3702 1886 3778 convenire,
1919 3722 1986 3766 aon
2014 3702 2073 3767 abs
2103 3724 2140 3768 re
2168 3705 2241 3769 fore

230 3785 392 3867 reliquum
421 3787 492 3850 fieri
520 3796 650 3870 praeter
672 3784 780 3850 nudas
800 3793 834 3850 et
853 3785 971 3848 inanes
992 3784 1132 3866 figuras,
1158 3784 1207 3846 ita
1257 3785 1413 3866 utrinque
1435 3784 1543 3849 visum
1566 3792 1624 3862 eat,
1647 3785 1675 3850 si
1689 3785 1800 3849 mutui
1819 3788 1925 3851 nostri
1943 3807 2122 3853 consensus
2144 3792 2240 3855 testi·

229 3892 283 3936 me
304 3869 346 3935 ab
366 3873 513 3952 ipsorum
535 3872 628 3937 libris
646 3871 824 3936 alienatum
840 3871 941 3934 fuisse
958 3870 1072 3948 fateor,
1095 3876 1133 3932 ut
1150 3866 1206 3932 diu
1257 3870 1406 3934 monium
1427 3868 1589 3934 ederetur.
1623 3867 1797 3935 Summam
1815 3879 2046 3937 controversae
2069 3873 2241 3941 doctrinae

230 3978 251 4021 a
282 3956 420 4021 lectione
452 3957 676 4021 abstinuerim.
727 3956 832 4022 Porro
860 3963 1036 4036 antequam
1063 3951 1206 4019 seribere
1259 3975 1374 4021 sumus
1394 3956 1441 4020 ite
1462 3953 1609 4020 breviter
1630 3955 1807 4038 complexi,
1836 3963 1873 4021 ut
1893 3957 2033 4040 simplex
2055 3968 2090 4023 et
2110 3963 2241 4044 perspi·

230 4062 406 4126 aggressus
423 4062 506 4117 sum,
529 4042 702 4126 Marpurgi
719 4043 808 4107 inter
829 4061 864 4107 se
886 4039 1062 4123 colloquuti
1084 4036 1206 4120 aliquid
1258 4060 1320 4105 cua
1341 4048 1488 4106 exstaret
1506 4039 1583 4104 fidei
1605 4048 1737 4106 nostrae
1756 4042 1924 4107 confessio.
1969 4043 2239 4125 Hane[pag.13]

231 4148 273 4191 ex
304 4127 413 4210 priore
448 4125 656 4200 vehementia
683 4129 894 4203 remiserant,
928 4133 968 4190 ut
999 4124 1027 4189 si
1060 4123 1205 4188 nondum
1258 4126 1338 4191 nori
1360 4123 1502 4190 incendii
1519 4127 1810 4192 materiem·fuisse
1832 4128 1905 4210 quis
1927 4127 2033 4192 dicet?
2079 4130 2240 4196 Surrexit

231 4212 328 4296 plane
351 4220 437 4288 esset
458 4214 633 4290 serenitas,
661 4212 903 4296 aliquantulum
926 4220 1038 4275 tamen
1060 4208 1207 4274 discussa
1257 4210 1444 4277 Ioaehimus
1462 4209 1595 4293 quidam
1612 4211 1837 4293 Westphalus,
1859 4222 1894 4278 et
1915 4215 2008 4295 quasi
2031 4216 2238 4282 intolerabile

230 4308 316 4365 esset
325 4297 457 4363 densior
478 4297 589 4381 caligo.
622 4298 696 4364 Hoc
717 4298 849 4381 quidem
871 4296 953 4362 mihi
970 4297 1041 4361 iure
1059 4294 1205 4371 vendico,
1258 4297 1382 4363 crimen
1404 4304 1504 4375 esset,
1535 4319 1579 4361 ne
1607 4318 1671 4380 qua
1698 4298 1786 4363 inter
1812 4298 1930 4363 babes
1958 4299 2011 4364 vel
2031 4301 2170 4366 obseura
2192 4305 2237 4368 si-

229 4405 399 4468 nunquam
417 4404 470 4447 me
488 4383 643 4466 ambigua
659 4384 813 4466 loquendi
829 4385 935 4449 forma
955 4381 1098 4464 captiose
1115 4379 1207 4444 aliud
1257 4382 1378 4447 multas
1400 4381 1550 4460 resideat,
1573 4402 1705 4447 omnem
1722 4383 1941 4449 offensionum
1963 4385 2156 4450 memoriam
2180 4387 2238 4453 de·

229 4492 309 4554 prae
331 4491 384 4534 me
406 4469 520 4534 tulisse
540 4490 638 4551 quam
666 4471 831 4534 sentirem.
880 4469 1061 4550 Postquam
1085 4466 1206 4548 absque
1256 4469 1333 4545 lere,
1357 4465 1399 4533 ad
1426 4488 1518 4532 arma
1545 4468 1755 4534 conclamans
1783 4470 1928 4534 tumultu
1950 4472 2061 4534 omnia
2081 4472 2236 4554 replevit

230 4555 490 4622 dissimulatione
509 4555 556 4619 ita
577 4554 612 4617 in
624 4553 731 4619 lucem
748 4555 863 4638 prodii,
885 4554 996 4620 nullus
1018 4572 1060 4617 ex
1081 4551 1208 4616 dissen-
1257 4554 1406 4637 [regatur
1425 4554 1496 4618 eius
1507 4553 1670 4637 Farrago:
1685 4556 1709 4634 ι)
1727 4556 1894 4636 reperient
1910 4555 2056 4633 lectores,
2079 4576 2148 4621 non
2165 4565 2238 4623 tam

171 4674 174 4677 ·
231 4642 405 4719 tientibus,
433 4661 572 4723 quorum
600 4649 679 4706 tune
705 4641 838 4724 rigebat
870 4641 959 4705 fama
987 4647 1022 4704 et
1050 4638 1207 4703 autentas
1258 4640 1287 4704 ei
1314 4639 1415 4704 icisse
1443 4640 1661 4722 propositum,
1692 4638 1887 4718 doctrinam,
1921 4661 2005 4723 quae
2031 4643 2065 4705 in
2093 4643 2240 4709 formula

231 4727 382 4804 florebat,
418 4727 549 4810 signum
578 4726 694 4791 offensi
725 4725 826 4790 animi
855 4725 954 4791 dedit.
1009 4723 1097 4789 Nam
1129 4742 1207 4789 aum
1258 4724 1448 4791 (lensenses
1469 4747 1490 4790 a
1511 4724 1605 4790 nobis
1625 4724 1862 4808 comprehensa
1883 4732 1948 4805 est,
1978 4748 2076 4809 quam
2098 4749 2238 4795 consen·

231 4814 417 4897 praecipuis
450 4812 632 4895 quibusque
664 4812 847 4877 sententiae
874 4809 1016 4876 Lutheri
1051 4808 1206 4893 patronis,

1329 4962 1359 5024 1)
1377 4979 1407 5018 aa
1426 4963 1489 5032 qu’il
1511 4979 1528 5017 a
1550 4965 1721 5033 rappetasse.
1755 4964 1864 5019 Alladr't
1881 4963 1920 5018 cd
1942 4963 2096 5033 Wralpbcli
2118 4967 2239 5023 ὶῶάὶιιιιι

299 5034 330 5100 1)
349 5035 450 5088 Ioanne
469 5035 580 5089 Calvino
604 5041 708 5088 autore.
750 5032 828 5089 Hora
849 5033 933 5088 aerbo
954 5033 986 5086 ιἰι
1007 5031 1067 5087 eolo
1090 5029 1209 5085 editione
1259 5031 1307 5086 rua*
1323 5032 1419 5087 titulus
1436 5038 1489 5086 est:
1507 5031 1629 5101 Farrago
1648 5032 1874 5088 confusaneamm
1892 5040 1920 5088 et
1931 5034 2001 5087 inter
2011 5048 2040 5089 se
2050 5034 2239 5093 dissidentium

226 5103 727 5241 ''miii'‘piff’ssssuiffiffl‘lffl'
1107 5213 1112 5224 ι
1260 5101 1416 5224 pp'bupipnum
1425 5101 1459 5155 ds
1469 5115 1555 5155 coena
1567 5101 1673 5155 Domini
1682 5116 1717 5155 ex
1726 5100 2002 5158 Sacramentarmmm
2013 5101 2088 5159 libris
2098 5114 2239 5174 congesta
