<?xml version="1.0" encoding="UTF-8"?>
<!DOCTYPE html PUBLIC "-//W3C//DTD XHTML 1.0 Transitional//EN"
    "http://www.w3.org/TR/xhtml1/DTD/xhtml1-transitional.dtd">
<html xmlns="http://www.w3.org/1999/xhtml" xml:lang="en" lang="en">
 <head>
  <title>
</title>
<meta http-equiv="Content-Type" content="text/html;charset=utf-8" />
  <meta name='ocr-system' content='tesseract 3.04.00' />
  <meta name='ocr-capabilities' content='ocr_page ocr_carea ocr_par ocr_line ocrx_word'/>
</head>
<body>
  <div class='ocr_page' id='page_1' title='image "./ioanniscalvinio01reusgoog_0098.png"; bbox 0 0 4776 5844; ppageno 0'>
   <div class='ocr_carea' id='block_1_1' title="bbox 128 266 2150 354">
    <p class='ocr_par' dir='ltr' id='par_1_1' title="bbox 128 266 2150 354">
     <span class='ocr_line' id='line_1_1' title="bbox 128 266 2150 354; baseline 0.001 -2"><span class='ocrx_word' id='word_1_1' title='bbox 128 291 179 352; x_wconf 79' lang='lat'><strong>49</strong></span> <span class='ocrx_word' id='word_1_2' title='bbox 867 281 1057 353; x_wconf 70' lang='lat' dir='ltr'><strong>cortona</strong></span> <span class='ocrx_word' id='word_1_3' title='bbox 1079 281 1426 352; x_wconf 76' lang='lat' dir='ltr'><strong>waSrPHAnUta</strong></span> <span class='ocrx_word' id='word_1_4' title='bbox 1907 266 1908 270; x_wconf 62' lang='lat'><em>&#39;</em></span> <span class='ocrx_word' id='word_1_5' title='bbox 2109 291 2150 354; x_wconf 76' lang='lat' dir='ltr'><strong>te</strong></span> 
     </span>
    </p>
   </div>
   <div class='ocr_carea' id='block_1_2' title="bbox 140 470 2151 728">
    <p class='ocr_par' dir='ltr' id='par_1_2' title="bbox 140 470 2151 728">
     <span class='ocr_line' id='line_1_2' title="bbox 140 470 2151 558; baseline 0 -18"><span class='ocrx_word' id='word_1_6' title='bbox 140 472 290 540; x_wconf 77' lang='lat' dir='ltr'><strong>fidelium</strong></span> <span class='ocrx_word' id='word_1_7' title='bbox 311 472 433 552; x_wconf 76' lang='lat' dir='ltr'><strong>ocules,</strong></span> <span class='ocrx_word' id='word_1_8' title='bbox 455 473 511 558; x_wconf 88' lang='lat' dir='ltr'><strong>qui</strong></span> <span class='ocrx_word' id='word_1_9' title='bbox 528 470 659 557; x_wconf 82' lang='lat' dir='ltr'><strong>reipsa</strong></span> <span class='ocrx_word' id='word_1_10' title='bbox 676 473 859 539; x_wconf 90' lang='lat' dir='ltr'><strong>Dominum</strong></span> <span class='ocrx_word' id='word_1_11' title='bbox 897 471 964 539; x_wconf 89' lang='lat' dir='ltr'><strong>uod</strong></span> <span class='ocrx_word' id='word_1_12' title='bbox 981 478 1123 538; x_wconf 83' lang='lat' dir='ltr'><strong>testatur</strong></span> <span class='ocrx_word' id='word_1_13' title='bbox 1173 470 1327 537; x_wconf 88' lang='lat' dir='ltr'><strong>habenda</strong></span> <span class='ocrx_word' id='word_1_14' title='bbox 1352 472 1436 538; x_wconf 86' lang='lat' dir='ltr'><strong>ratio</strong></span> <span class='ocrx_word' id='word_1_15' title='bbox 1463 481 1523 537; x_wconf 88' lang='lat' dir='ltr'><strong>est</strong></span> <span class='ocrx_word' id='word_1_16' title='bbox 1574 471 1745 557; x_wconf 80' lang='lat' dir='ltr'><strong>Quidquid</strong></span> <span class='ocrx_word' id='word_1_17' title='bbox 1771 473 1860 540; x_wconf 89' lang='lat' dir='ltr'><strong>enim</strong></span> <span class='ocrx_word' id='word_1_18' title='bbox 1889 474 1926 540; x_wconf 93' lang='lat' dir='ltr'><strong>in</strong></span> <span class='ocrx_word' id='word_1_19' title='bbox 1953 476 2151 543; x_wconf 86' lang='lat' dir='ltr'><strong>eontrariam</strong></span> 
     </span>
     <span class='ocr_line' id='line_1_3' title="bbox 142 494 2151 711; baseline 0 -86"><span class='ocrx_word' id='word_1_20' title='bbox 142 565 311 711; x_wconf 54' lang='lat' dir='ltr'><strong>praestare</strong></span> <span class='ocrx_word' id='word_1_21' title='bbox 332 557 422 658; x_wconf 79' lang='lat' dir='ltr'><strong>olere</strong></span> <span class='ocrx_word' id='word_1_22' title='bbox 438 558 635 658; x_wconf 70' lang='lat' dir='ltr'><strong>asserimus:⁸</strong></span> <span class='ocrx_word' id='word_1_23' title='bbox 654 557 712 625; x_wconf 89' lang='lat' dir='ltr'><strong>aed</strong></span> <span class='ocrx_word' id='word_1_24' title='bbox 730 565 863 660; x_wconf 78' lang='lat' dir='ltr'><strong>tantum</strong></span> <span class='ocrx_word' id='word_1_25' title='bbox 876 494 1043 643; x_wconf 64' lang='lat' dir='ltr'><strong>distingui</strong></span> <span class='ocrx_word' id='word_1_26' title='bbox 1064 578 1122 658; x_wconf 62' lang='grc' dir='ltr'><strong>ιρ-</strong></span> <span class='ocrx_word' id='word_1_27' title='bbox 1174 565 1303 643; x_wconf 88' lang='lat' dir='ltr'><strong>partem</strong></span> <span class='ocrx_word' id='word_1_28' title='bbox 1331 557 1485 657; x_wconf 78' lang='lat' dir='ltr'><strong>blateret,</strong></span> <span class='ocrx_word' id='word_1_29' title='bbox 1503 559 1549 658; x_wconf 36' lang='lat' dir='ltr'><strong>&#39;in</strong></span> <span class='ocrx_word' id='word_1_30' title='bbox 1573 554 1664 659; x_wconf 61' lang='lat' dir='ltr'><strong>tune</strong></span> <span class='ocrx_word' id='word_1_31' title='bbox 1685 557 1764 624; x_wconf 88' lang='lat' dir='ltr'><strong>fidei</strong></span> <span class='ocrx_word' id='word_1_32' title='bbox 1785 580 1996 659; x_wconf 80' lang='lat' dir='ltr'><strong>eonsensum,</strong></span> <span class='ocrx_word' id='word_1_33' title='bbox 2025 581 2067 626; x_wconf 85' lang='lat' dir='ltr'><strong>er</strong></span> <span class='ocrx_word' id='word_1_34' title='bbox 2087 562 2151 626; x_wconf 91' lang='lat' dir='ltr'><strong>mi·</strong></span> 
     </span>
     <span class='ocr_line' id='line_1_4' title="bbox 154 641 2151 728; baseline 0 -16"><span class='ocrx_word' id='word_1_35' title='bbox 154 666 267 724; x_wconf 86' lang='lat' dir='ltr'><strong>umus,</strong></span> <span class='ocrx_word' id='word_1_36' title='bbox 295 649 333 709; x_wconf 86' lang='lat' dir='ltr'><strong>ut</strong></span> <span class='ocrx_word' id='word_1_37' title='bbox 354 663 375 709; x_wconf 86' lang='lat' dir='ltr'><strong>a</strong></span> <span class='ocrx_word' id='word_1_38' title='bbox 395 663 491 728; x_wconf 67' lang='lat' dir='ltr'><strong>arguo</strong></span> <span class='ocrx_word' id='word_1_39' title='bbox 517 656 552 710; x_wconf 91' lang='lat' dir='ltr'><strong>et</strong></span> <span class='ocrx_word' id='word_1_40' title='bbox 572 653 701 710; x_wconf 73' lang='lat' dir='ltr'><strong>aeteae</strong></span> <span class='ocrx_word' id='word_1_41' title='bbox 723 644 846 712; x_wconf 75' lang='lat' dir='ltr'><strong>varan</strong></span> <span class='ocrx_word' id='word_1_42' title='bbox 868 641 910 710; x_wconf 89' lang='lat' dir='ltr'><strong>ad</strong></span> <span class='ocrx_word' id='word_1_43' title='bbox 932 664 1004 710; x_wconf 89' lang='lat' dir='ltr'><strong>rem</strong></span> <span class='ocrx_word' id='word_1_44' title='bbox 1026 664 1123 727; x_wconf 81' lang='lat' dir='ltr'><strong>spuu-</strong></span> <span class='ocrx_word' id='word_1_45' title='bbox 1175 663 1249 711; x_wconf 83' lang='lat' dir='ltr'><strong>aare</strong></span> <span class='ocrx_word' id='word_1_46' title='bbox 1270 650 1410 726; x_wconf 88' lang='lat' dir='ltr'><strong>papatus</strong></span> <span class='ocrx_word' id='word_1_47' title='bbox 1433 642 1645 727; x_wconf 79' lang='lat' dir='ltr'><strong>dissipatione</strong></span> <span class='ocrx_word' id='word_1_48' title='bbox 1672 664 1741 709; x_wconf 91' lang='lat' dir='ltr'><strong>nen</strong></span> <span class='ocrx_word' id='word_1_49' title='bbox 1768 643 1961 713; x_wconf 88' lang='lat' dir='ltr'><strong>humamtus</strong></span> <span class='ocrx_word' id='word_1_50' title='bbox 1989 667 2049 713; x_wconf 87' lang='lat' dir='ltr'><strong>noe</strong></span> <span class='ocrx_word' id='word_1_51' title='bbox 2076 665 2151 712; x_wconf 89' lang='lat' dir='ltr'><strong>eoa·</strong></span> 
     </span>
    </p>
   </div>
   <div class='ocr_carea' id='block_1_3' title="bbox 144 728 2204 966">
    <p class='ocr_par' dir='ltr' id='par_1_3' title="bbox 144 728 2204 966">
     <span class='ocr_line' id='line_1_5' title="bbox 145 728 2204 818; baseline 0 -21"><span class='ocrx_word' id='word_1_52' title='bbox 145 729 267 797; x_wconf 91' lang='lat' dir='ltr'><strong>tualem</strong></span> <span class='ocrx_word' id='word_1_53' title='bbox 288 749 436 818; x_wconf 75' lang='lat' dir='ltr'><strong>anagoge</strong></span> <span class='ocrx_word' id='word_1_54' title='bbox 464 731 531 795; x_wconf 84' lang='lat' dir='ltr'><strong>fiat</strong></span> <span class='ocrx_word' id='word_1_55' title='bbox 582 728 749 811; x_wconf 76' lang='lat' dir='ltr'><strong>Quorsum</strong></span> <span class='ocrx_word' id='word_1_56' title='bbox 776 730 865 795; x_wconf 92' lang='lat' dir='ltr'><strong>enim</strong></span> <span class='ocrx_word' id='word_1_57' title='bbox 892 730 953 795; x_wconf 90' lang='lat' dir='ltr'><strong>sub</strong></span> <span class='ocrx_word' id='word_1_58' title='bbox 981 729 1123 795; x_wconf 86' lang='lat' dir='ltr'><strong>terrenis</strong></span> <span class='ocrx_word' id='word_1_59' title='bbox 1173 728 1275 795; x_wconf 76' lang='lat' dir='ltr'><strong>luisse</strong></span> <span class='ocrx_word' id='word_1_60' title='bbox 1324 735 1452 796; x_wconf 88' lang='lat' dir='ltr'><strong>eertum</strong></span> <span class='ocrx_word' id='word_1_61' title='bbox 1507 735 1567 796; x_wconf 85' lang='lat' dir='ltr'><strong>est</strong></span> <span class='ocrx_word' id='word_1_62' title='bbox 1638 729 1692 795; x_wconf 90' lang='lat' dir='ltr'><strong>De</strong></span> <span class='ocrx_word' id='word_1_63' title='bbox 1741 730 1839 796; x_wconf 90' lang='lat' dir='ltr'><strong>unieo</strong></span> <span class='ocrx_word' id='word_1_64' title='bbox 1888 730 1960 797; x_wconf 90' lang='lat' dir='ltr'><strong>Deo</strong></span> <span class='ocrx_word' id='word_1_65' title='bbox 2008 751 2152 815; x_wconf 75' lang='lat' dir='ltr'><strong>veroque</strong></span> <span class='ocrx_word' id='word_1_66' title='bbox 2203 780 2204 784; x_wconf 25' lang='grc' dir='ltr'>ι</span> 
     </span>
     <span class='ocr_line' id='line_1_6' title="bbox 144 813 2152 966; baseline 0 -84"><span class='ocrx_word' id='word_1_67' title='bbox 144 815 316 882; x_wconf 84' lang='lat' dir='ltr'><strong>elementis</strong></span> <span class='ocrx_word' id='word_1_68' title='bbox 343 816 453 882; x_wconf 82' lang='lat' dir='ltr'><strong>earnis</strong></span> <span class='ocrx_word' id='word_1_69' title='bbox 481 821 517 880; x_wconf 92' lang='lat' dir='ltr'><strong>et</strong></span> <span class='ocrx_word' id='word_1_70' title='bbox 544 815 718 900; x_wconf 77' lang='lat' dir='ltr'><strong>sanguinis</strong></span> <span class='ocrx_word' id='word_1_71' title='bbox 743 815 795 881; x_wconf 89' lang='lat' dir='ltr'><strong>sni</strong></span> <span class='ocrx_word' id='word_1_72' title='bbox 822 816 943 900; x_wconf 82' lang='lat' dir='ltr'><strong>pignus</strong></span> <span class='ocrx_word' id='word_1_73' title='bbox 971 814 1124 966; x_wconf 52' lang='lat' dir='ltr'><strong>{reponit</strong></span> <span class='ocrx_word' id='word_1_74' title='bbox 1175 821 1210 880; x_wconf 92' lang='lat' dir='ltr'><strong>et</strong></span> <span class='ocrx_word' id='word_1_75' title='bbox 1230 813 1376 899; x_wconf 76' lang='lat' dir='ltr'><strong>legitimo</strong></span> <span class='ocrx_word' id='word_1_76' title='bbox 1398 815 1469 881; x_wconf 88' lang='lat' dir='ltr'><strong>eius</strong></span> <span class='ocrx_word' id='word_1_77' title='bbox 1491 813 1599 894; x_wconf 89' lang='lat' dir='ltr'><strong>eultu,</strong></span> <span class='ocrx_word' id='word_1_78' title='bbox 1627 813 1667 879; x_wconf 91' lang='lat' dir='ltr'><strong>de</strong></span> <span class='ocrx_word' id='word_1_79' title='bbox 1695 815 1825 900; x_wconf 78' lang='lat' dir='ltr'><strong>generis</strong></span> <span class='ocrx_word' id='word_1_80' title='bbox 1851 816 1990 882; x_wconf 90' lang='lat' dir='ltr'><strong>humaui</strong></span> <span class='ocrx_word' id='word_1_81' title='bbox 2018 837 2152 901; x_wconf 88' lang='lat' dir='ltr'><strong>eorrup-</strong></span> 
     </span>
    </p>
   </div>
   <div class='ocr_carea' id='block_1_4' title="bbox 97 899 2158 3294">
    <p class='ocr_par' dir='ltr' id='par_1_4' title="bbox 97 899 2158 3294">
     <span class='ocr_line' id='line_1_7' title="bbox 145 899 2153 985; baseline 0 -17"><span class='ocrx_word' id='word_1_82' title='bbox 145 901 308 982; x_wconf 77' lang='lat' dir='ltr'><strong>Gbriatue,</strong></span> <span class='ocrx_word' id='word_1_83' title='bbox 330 899 397 967; x_wconf 85' lang='lat' dir='ltr'><strong>nisi</strong></span> <span class='ocrx_word' id='word_1_84' title='bbox 417 909 456 967; x_wconf 92' lang='lat' dir='ltr'><strong>ut</strong></span> <span class='ocrx_word' id='word_1_85' title='bbox 476 920 537 965; x_wconf 88' lang='lat' dir='ltr'><strong>nos</strong></span> <span class='ocrx_word' id='word_1_86' title='bbox 559 921 692 966; x_wconf 84' lang='lat' dir='ltr'><strong>sursum</strong></span> <span class='ocrx_word' id='word_1_87' title='bbox 710 900 861 967; x_wconf 80' lang='lat' dir='ltr'><strong>attollat?</strong></span> <span class='ocrx_word' id='word_1_88' title='bbox 896 899 971 982; x_wconf 82' lang='lat' dir='ltr'><strong>Quo</strong></span> <span class='ocrx_word' id='word_1_89' title='bbox 991 977 997 984; x_wconf 14' lang='grc' dir='ltr'><strong>ἱ</strong></span> <span class='ocrx_word' id='word_1_90' title='bbox 1015 922 1044 967; x_wconf 81' lang='lat' dir='ltr'><strong>ar</strong></span> <span class='ocrx_word' id='word_1_91' title='bbox 1066 920 1131 965; x_wconf 58' lang='lat' dir='ltr'><strong>rue</strong></span> <span class='ocrx_word' id='word_1_92' title='bbox 1175 900 1279 978; x_wconf 89' lang='lat' dir='ltr'><strong>tione,</strong></span> <span class='ocrx_word' id='word_1_93' title='bbox 1310 899 1351 965; x_wconf 92' lang='lat' dir='ltr'><strong>de</strong></span> <span class='ocrx_word' id='word_1_94' title='bbox 1384 899 1490 967; x_wconf 86' lang='lat' dir='ltr'><strong>salute</strong></span> <span class='ocrx_word' id='word_1_95' title='bbox 1523 900 1682 985; x_wconf 78' lang='lat' dir='ltr'><strong>gratuita,</strong></span> <span class='ocrx_word' id='word_1_96' title='bbox 1715 899 1755 966; x_wconf 92' lang='lat' dir='ltr'><strong>de</strong></span> <span class='ocrx_word' id='word_1_97' title='bbox 1782 901 1980 967; x_wconf 90' lang='lat' dir='ltr'><strong>obtinendae</strong></span> <span class='ocrx_word' id='word_1_98' title='bbox 2008 902 2153 970; x_wconf 90' lang='lat' dir='ltr'><strong>iustitiae</strong></span> 
     </span>
     <span class='ocr_line' id='line_1_8' title="bbox 144 983 2154 1069; baseline -0 -15"><span class='ocrx_word' id='word_1_99' title='bbox 144 986 257 1054; x_wconf 79' lang='lat' dir='ltr'><strong>ditatio</strong></span> <span class='ocrx_word' id='word_1_100' title='bbox 277 993 409 1053; x_wconf 69' lang='lat' dir='ltr'><strong>noemae</strong></span> <span class='ocrx_word' id='word_1_101' title='bbox 426 984 626 1053; x_wconf 88' lang='lat' dir='ltr'><strong>adminieula</strong></span> <span class='ocrx_word' id='word_1_102' title='bbox 642 994 729 1066; x_wconf 87' lang='lat' dir='ltr'><strong>snut,</strong></span> <span class='ocrx_word' id='word_1_103' title='bbox 752 984 794 1053; x_wconf 90' lang='lat' dir='ltr'><strong>ad</strong></span> <span class='ocrx_word' id='word_1_104' title='bbox 811 1006 882 1051; x_wconf 91' lang='lat' dir='ltr'><strong>rem</strong></span> <span class='ocrx_word' id='word_1_105' title='bbox 902 987 1009 1069; x_wconf 87' lang='lat' dir='ltr'><strong>ipsam</strong></span> <span class='ocrx_word' id='word_1_106' title='bbox 1026 1006 1124 1051; x_wconf 91' lang='lat' dir='ltr'><strong>neme</strong></span> <span class='ocrx_word' id='word_1_107' title='bbox 1175 983 1289 1063; x_wconf 92' lang='lat' dir='ltr'><strong>modo,</strong></span> <span class='ocrx_word' id='word_1_108' title='bbox 1317 985 1358 1052; x_wconf 91' lang='lat' dir='ltr'><strong>de</strong></span> <span class='ocrx_word' id='word_1_109' title='bbox 1383 986 1488 1052; x_wconf 91' lang='lat' dir='ltr'><strong>offieio</strong></span> <span class='ocrx_word' id='word_1_110' title='bbox 1513 995 1547 1052; x_wconf 91' lang='lat' dir='ltr'><strong>et</strong></span> <span class='ocrx_word' id='word_1_111' title='bbox 1568 986 1693 1051; x_wconf 87' lang='lat' dir='ltr'><strong>virtute</strong></span> <span class='ocrx_word' id='word_1_112' title='bbox 1712 985 1854 1067; x_wconf 75' lang='lat' dir='ltr'><strong>Christi,</strong></span> <span class='ocrx_word' id='word_1_113' title='bbox 1883 986 1923 1052; x_wconf 91' lang='lat' dir='ltr'><strong>de</strong></span> <span class='ocrx_word' id='word_1_114' title='bbox 2013 988 2154 1054; x_wconf 74' lang='lat' dir='ltr'><strong>nitentia</strong></span> 
     </span>
     <span class='ocr_line' id='line_1_9' title="bbox 144 1070 2153 1159; baseline 0 -20"><span class='ocrx_word' id='word_1_115' title='bbox 144 1095 191 1139; x_wconf 91' lang='lat' dir='ltr'><strong>un</strong></span> <span class='ocrx_word' id='word_1_116' title='bbox 211 1092 289 1138; x_wconf 91' lang='lat' dir='ltr'><strong>uam</strong></span> <span class='ocrx_word' id='word_1_117' title='bbox 312 1072 492 1157; x_wconf 77' lang='lat' dir='ltr'><strong>pertinget,</strong></span> <span class='ocrx_word' id='word_1_118' title='bbox 521 1071 588 1136; x_wconf 87' lang='lat' dir='ltr'><strong>nisi</strong></span> <span class='ocrx_word' id='word_1_119' title='bbox 613 1073 670 1155; x_wconf 91' lang='lat' dir='ltr'><strong>qui</strong></span> <span class='ocrx_word' id='word_1_120' title='bbox 696 1072 745 1138; x_wconf 90' lang='lat' dir='ltr'><strong>ita</strong></span> <span class='ocrx_word' id='word_1_121' title='bbox 771 1070 903 1138; x_wconf 89' lang='lat' dir='ltr'><strong>adiutus</strong></span> <span class='ocrx_word' id='word_1_122' title='bbox 931 1092 951 1136; x_wconf 90' lang='lat' dir='ltr'><strong>a</strong></span> <span class='ocrx_word' id='word_1_123' title='bbox 978 1078 1067 1137; x_wconf 86' lang='lat' dir='ltr'><strong>terra</strong></span> <span class='ocrx_word' id='word_1_124' title='bbox 1088 1072 1123 1138; x_wconf 91' lang='lat' dir='ltr'><strong>in</strong></span> <span class='ocrx_word' id='word_1_125' title='bbox 1175 1072 1311 1155; x_wconf 87' lang='lat' dir='ltr'><strong>eiusque</strong></span> <span class='ocrx_word' id='word_1_126' title='bbox 1331 1071 1506 1151; x_wconf 61' lang='lat' dir='ltr'><strong>exeratis,</strong></span> <span class='ocrx_word' id='word_1_127' title='bbox 1529 1070 1571 1137; x_wconf 91' lang='lat' dir='ltr'><strong>de</strong></span> <span class='ocrx_word' id='word_1_128' title='bbox 1591 1071 1656 1137; x_wconf 86' lang='lat' dir='ltr'><strong>fide</strong></span> <span class='ocrx_word' id='word_1_129' title='bbox 1673 1093 1758 1155; x_wconf 89' lang='lat' dir='ltr'><strong>quae</strong></span> <span class='ocrx_word' id='word_1_130' title='bbox 1774 1071 1811 1136; x_wconf 93' lang='lat' dir='ltr'><strong>in</strong></span> <span class='ocrx_word' id='word_1_131' title='bbox 1828 1093 1955 1157; x_wconf 82' lang='lat' dir='ltr'><strong>evange</strong></span> <span class='ocrx_word' id='word_1_132' title='bbox 1970 1074 1989 1088; x_wconf 76' lang='lat'><strong>&#39;⁸</strong></span> <span class='ocrx_word' id='word_1_133' title='bbox 2013 1074 2153 1159; x_wconf 87' lang='lat' dir='ltr'><strong>promis-</strong></span> 
     </span>
     <span class='ocr_line' id='line_1_10' title="bbox 97 1155 2153 1307; baseline -0 -82"><span class='ocrx_word' id='word_1_134' title='bbox 97 1188 98 1191; x_wconf 40' lang='lat'>¹</span> <span class='ocrx_word' id='word_1_135' title='bbox 213 1180 271 1225; x_wconf 92' lang='lat' dir='ltr'><strong>um</strong></span> <span class='ocrx_word' id='word_1_136' title='bbox 298 1159 391 1241; x_wconf 83' lang='lat' dir='ltr'><strong>quasi</strong></span> <span class='ocrx_word' id='word_1_137' title='bbox 459 1155 627 1307; x_wconf 56' lang='lat' dir='ltr'><strong>rgradgis</strong></span> <span class='ocrx_word' id='word_1_138' title='bbox 652 1155 857 1225; x_wconf 87' lang='lat' dir='ltr'><strong>oeusoendet</strong></span> <span class='ocrx_word' id='word_1_139' title='bbox 909 1157 1027 1240; x_wconf 81' lang='lat' dir='ltr'><strong>Itaque</strong></span> <span class='ocrx_word' id='word_1_140' title='bbox 1056 1177 1123 1256; x_wconf 76' lang='lat' dir='ltr'><strong>non</strong></span> <span class='ocrx_word' id='word_1_141' title='bbox 1175 1157 1284 1307; x_wconf 51' lang='lat' dir='ltr'><strong>{iones</strong></span> <span class='ocrx_word' id='word_1_142' title='bbox 1302 1157 1518 1306; x_wconf 78' lang='lat' dir='ltr'><strong>reeumbeneD</strong></span> <span class='ocrx_word' id='word_1_143' title='bbox 1526 1156 1651 1257; x_wconf 45' lang='lat' dir='ltr'><strong>{Md</strong></span> <span class='ocrx_word' id='word_1_144' title='bbox 1671 1156 1903 1258; x_wconf 81' lang='lat' dir='ltr'><strong>oertitudinem</strong></span> <span class='ocrx_word' id='word_1_145' title='bbox 1923 1159 2024 1257; x_wconf 35' lang='lat' dir='ltr'><strong>&#39;nobis</strong></span> <span class='ocrx_word' id='word_1_146' title='bbox 2045 1160 2153 1260; x_wconf 61' lang='lat' dir='ltr'><strong>affert,</strong></span> 
     </span>
     <span class='ocr_line' id='line_1_11' title="bbox 144 1242 2157 1414; baseline 0 -17"><span class='ocrx_word' id='word_1_147' title='bbox 144 1243 297 1397; x_wconf 53' lang='lat' dir='ltr'><strong>&amp;diti-⁰</strong></span> <span class='ocrx_word' id='word_1_148' title='bbox 297 1242 1124 1413; x_wconf 55' lang='lat' dir='ltr'><strong>ffissiei¹1diind⁰fflqtidniffii</strong></span> <span class='ocrx_word' id='word_1_149' title='bbox 1176 1250 1467 1412; x_wconf 51' lang='lat' dir='ltr'><strong>dedititii&amp;</strong></span> <span class='ocrx_word' id='word_1_150' title='bbox 1486 1263 1574 1411; x_wconf 59' lang='lat' dir='ltr'><strong>titt</strong></span> <span class='ocrx_word' id='word_1_151' title='bbox 1596 1242 2157 1414; x_wconf 37' lang='lat' dir='ltr'><strong>{diffidit-inmittit&amp;</strong></span> 
     </span>
     <span class='ocr_line' id='line_1_12' title="bbox 145 1412 2153 1500; baseline -0.001 -17"><span class='ocrx_word' id='word_1_152' title='bbox 145 1417 206 1484; x_wconf 90' lang='lat' dir='ltr'><strong>sub</strong></span> <span class='ocrx_word' id='word_1_153' title='bbox 229 1415 325 1500; x_wconf 85' lang='lat' dir='ltr'><strong>panis</strong></span> <span class='ocrx_word' id='word_1_154' title='bbox 347 1414 496 1499; x_wconf 84' lang='lat' dir='ltr'><strong>symbolo</strong></span> <span class='ocrx_word' id='word_1_155' title='bbox 520 1414 761 1498; x_wconf 84' lang='lat' dir='ltr'><strong>repraesentari</strong></span> <span class='ocrx_word' id='word_1_156' title='bbox 787 1414 882 1480; x_wconf 89' lang='lat' dir='ltr'><strong>nobis</strong></span> <span class='ocrx_word' id='word_1_157' title='bbox 903 1413 1032 1479; x_wconf 85' lang='lat' dir='ltr'><strong>Ohristi</strong></span> <span class='ocrx_word' id='word_1_158' title='bbox 1051 1432 1123 1478; x_wconf 88' lang='lat' dir='ltr'><strong>eor·</strong></span> <span class='ocrx_word' id='word_1_159' title='bbox 1175 1412 1285 1479; x_wconf 90' lang='lat' dir='ltr'><strong>Deum</strong></span> <span class='ocrx_word' id='word_1_160' title='bbox 1307 1420 1450 1496; x_wconf 88' lang='lat' dir='ltr'><strong>patrem,</strong></span> <span class='ocrx_word' id='word_1_161' title='bbox 1478 1413 1594 1479; x_wconf 90' lang='lat' dir='ltr'><strong>eodem</strong></span> <span class='ocrx_word' id='word_1_162' title='bbox 1620 1412 1801 1480; x_wconf 72' lang='lat' dir='ltr'><strong>mediatore</strong></span> <span class='ocrx_word' id='word_1_163' title='bbox 1827 1414 1920 1494; x_wconf 78' lang='lat' dir='ltr'><strong>freti,</strong></span> <span class='ocrx_word' id='word_1_164' title='bbox 1945 1417 2153 1482; x_wconf 88' lang='lat' dir='ltr'><strong>invoeamns:</strong></span> 
     </span>
     <span class='ocr_line' id='line_1_13' title="bbox 144 1496 2155 1588; baseline 0 -20"><span class='ocrx_word' id='word_1_165' title='bbox 144 1524 216 1588; x_wconf 85' lang='lat' dir='ltr'><strong>pua</strong></span> <span class='ocrx_word' id='word_1_166' title='bbox 261 1501 336 1565; x_wconf 84' lang='lat' dir='ltr'><strong>Hae</strong></span> <span class='ocrx_word' id='word_1_167' title='bbox 357 1501 482 1566; x_wconf 90' lang='lat' dir='ltr'><strong>ratione</strong></span> <span class='ocrx_word' id='word_1_168' title='bbox 503 1497 650 1583; x_wconf 87' lang='lat' dir='ltr'><strong>eorporis</strong></span> <span class='ocrx_word' id='word_1_169' title='bbox 672 1519 793 1566; x_wconf 88' lang='lat' dir='ltr'><strong>nomeu</strong></span> <span class='ocrx_word' id='word_1_170' title='bbox 814 1500 893 1584; x_wconf 89' lang='lat' dir='ltr'><strong>pani</strong></span> <span class='ocrx_word' id='word_1_171' title='bbox 915 1499 1039 1565; x_wconf 85' lang='lat' dir='ltr'><strong>tribuit</strong></span> <span class='ocrx_word' id='word_1_172' title='bbox 1072 1499 1123 1564; x_wconf 85' lang='lat' dir='ltr'><strong>Eo</strong></span> <span class='ocrx_word' id='word_1_173' title='bbox 1175 1498 1265 1564; x_wconf 90' lang='lat' dir='ltr'><strong>idem</strong></span> <span class='ocrx_word' id='word_1_174' title='bbox 1292 1496 1475 1582; x_wconf 88' lang='lat' dir='ltr'><strong>adoptionis</strong></span> <span class='ocrx_word' id='word_1_175' title='bbox 1501 1498 1639 1582; x_wconf 82' lang='lat' dir='ltr'><strong>spiritua</strong></span> <span class='ocrx_word' id='word_1_176' title='bbox 1666 1498 1760 1565; x_wconf 87' lang='lat' dir='ltr'><strong>nobis</strong></span> <span class='ocrx_word' id='word_1_177' title='bbox 1786 1501 1917 1566; x_wconf 81' lang='lat' dir='ltr'><strong>futurae</strong></span> <span class='ocrx_word' id='word_1_178' title='bbox 1943 1498 2155 1568; x_wconf 81' lang='lat' dir='ltr'><strong>haereditatis</strong></span> 
     </span>
     <span class='ocr_line' id='line_1_14' title="bbox 145 1584 2155 1672; baseline -0 -20"><span class='ocrx_word' id='word_1_179' title='bbox 145 1609 249 1672; x_wconf 89' lang='lat' dir='ltr'><strong>usque</strong></span> <span class='ocrx_word' id='word_1_180' title='bbox 271 1606 351 1652; x_wconf 84' lang='lat' dir='ltr'><strong>vero</strong></span> <span class='ocrx_word' id='word_1_181' title='bbox 373 1586 498 1664; x_wconf 86' lang='lat' dir='ltr'><strong>efferri,</strong></span> <span class='ocrx_word' id='word_1_182' title='bbox 526 1594 564 1650; x_wconf 93' lang='lat' dir='ltr'><strong>ut</strong></span> <span class='ocrx_word' id='word_1_183' title='bbox 589 1585 896 1668; x_wconf 72' lang='lat' dir='ltr'><strong>interpretationem</strong></span> <span class='ocrx_word' id='word_1_184' title='bbox 936 1607 973 1650; x_wconf 90' lang='lat' dir='ltr'><strong>ro</strong></span> <span class='ocrx_word' id='word_1_185' title='bbox 994 1604 1123 1650; x_wconf 89' lang='lat' dir='ltr'><strong>summo</strong></span> <span class='ocrx_word' id='word_1_186' title='bbox 1175 1605 1252 1650; x_wconf 88' lang='lat' dir='ltr'><strong>arra</strong></span> <span class='ocrx_word' id='word_1_187' title='bbox 1271 1594 1336 1650; x_wconf 81' lang='lat' dir='ltr'><strong>est:</strong></span> <span class='ocrx_word' id='word_1_188' title='bbox 1359 1584 1473 1651; x_wconf 87' lang='lat' dir='ltr'><strong>eodem</strong></span> <span class='ocrx_word' id='word_1_189' title='bbox 1491 1585 1720 1651; x_wconf 84' lang='lat' dir='ltr'><strong>eaerifioionos</strong></span> <span class='ocrx_word' id='word_1_190' title='bbox 1739 1605 1854 1652; x_wconf 88' lang='lat' dir='ltr'><strong>omnes</strong></span> <span class='ocrx_word' id='word_1_191' title='bbox 1865 1584 2020 1652; x_wconf 76' lang='lat' dir='ltr'><strong>(ihr-istus</strong></span> <span class='ocrx_word' id='word_1_192' title='bbox 2040 1607 2155 1653; x_wconf 89' lang='lat' dir='ltr'><strong>reeen-</strong></span> 
     </span>
     <span class='ocr_line' id='line_1_15' title="bbox 146 1606 2156 1756; baseline -0.001 -16"><span class='ocrx_word' id='word_1_193' title='bbox 146 1672 318 1756; x_wconf 83' lang='lat' dir='ltr'><strong>saorilegio</strong></span> <span class='ocrx_word' id='word_1_194' title='bbox 334 1669 519 1736; x_wconf 90' lang='lat' dir='ltr'><strong>habendam</strong></span> <span class='ocrx_word' id='word_1_195' title='bbox 540 1669 721 1749; x_wconf 78' lang='lat' dir='ltr'><strong>clamitent,</strong></span> <span class='ocrx_word' id='word_1_196' title='bbox 743 1671 836 1749; x_wconf 85' lang='lat' dir='ltr'><strong>euius</strong></span> <span class='ocrx_word' id='word_1_197' title='bbox 853 1606 1032 1736; x_wconf 81' lang='lat' dir='ltr'><strong>modestiae</strong></span> <span class='ocrx_word' id='word_1_198' title='bbox 1049 1668 1122 1735; x_wconf 80' lang='lat' dir='ltr'><strong>eat?</strong></span> <span class='ocrx_word' id='word_1_199' title='bbox 1176 1670 1315 1737; x_wconf 83' lang='lat' dir='ltr'><strong>eiliavit:</strong></span> <span class='ocrx_word' id='word_1_200' title='bbox 1337 1671 1372 1735; x_wconf 93' lang='lat' dir='ltr'><strong>in</strong></span> <span class='ocrx_word' id='word_1_201' title='bbox 1395 1691 1434 1736; x_wconf 90' lang='lat' dir='ltr'><strong>ea</strong></span> <span class='ocrx_word' id='word_1_202' title='bbox 1455 1670 1592 1748; x_wconf 89' lang='lat' dir='ltr'><strong>iustitia,</strong></span> <span class='ocrx_word' id='word_1_203' title='bbox 1614 1689 1714 1754; x_wconf 88' lang='lat' dir='ltr'><strong>quam</strong></span> <span class='ocrx_word' id='word_1_204' title='bbox 1732 1669 1826 1736; x_wconf 89' lang='lat' dir='ltr'><strong>nobis</strong></span> <span class='ocrx_word' id='word_1_205' title='bbox 1848 1673 1986 1754; x_wconf 86' lang='lat' dir='ltr'><strong>peperit,</strong></span> <span class='ocrx_word' id='word_1_206' title='bbox 2008 1673 2156 1756; x_wconf 81' lang='lat' dir='ltr'><strong>aequies-</strong></span> 
     </span>
     <span class='ocr_line' id='line_1_16' title="bbox 144 1754 2155 1841; baseline -0.001 -15"><span class='ocrx_word' id='word_1_207' title='bbox 144 1760 271 1826; x_wconf 76' lang='lat' dir='ltr'><strong>Fontes</strong></span> <span class='ocrx_word' id='word_1_208' title='bbox 299 1757 402 1823; x_wconf 88' lang='lat' dir='ltr'><strong>totius</strong></span> <span class='ocrx_word' id='word_1_209' title='bbox 423 1756 666 1823; x_wconf 76' lang='lat' dir='ltr'><strong>oentrorersiae</strong></span> <span class='ocrx_word' id='word_1_210' title='bbox 679 1758 703 1836; x_wconf 92' lang='lat'><strong>¹)</strong></span> <span class='ocrx_word' id='word_1_211' title='bbox 725 1756 828 1841; x_wconf 76' lang='lat' dir='ltr'><strong>digito</strong></span> <span class='ocrx_word' id='word_1_212' title='bbox 850 1763 1033 1822; x_wconf 86' lang='lat' dir='ltr'><strong>monstrare</strong></span> <span class='ocrx_word' id='word_1_213' title='bbox 1053 1754 1124 1839; x_wconf 90' lang='lat' dir='ltr'><strong>pla·</strong></span> <span class='ocrx_word' id='word_1_214' title='bbox 1176 1764 1258 1820; x_wconf 88' lang='lat' dir='ltr'><strong>eunt</strong></span> <span class='ocrx_word' id='word_1_215' title='bbox 1278 1762 1406 1822; x_wconf 86' lang='lat' dir='ltr'><strong>mentes</strong></span> <span class='ocrx_word' id='word_1_216' title='bbox 1427 1764 1576 1821; x_wconf 83' lang='lat' dir='ltr'><strong>nostrae:</strong></span> <span class='ocrx_word' id='word_1_217' title='bbox 1599 1755 1714 1821; x_wconf 92' lang='lat' dir='ltr'><strong>eodem</strong></span> <span class='ocrx_word' id='word_1_218' title='bbox 1734 1757 1842 1840; x_wconf 88' lang='lat' dir='ltr'><strong>eapite</strong></span> <span class='ocrx_word' id='word_1_219' title='bbox 1863 1757 2053 1840; x_wconf 80' lang='lat' dir='ltr'><strong>gloriamur.</strong></span> <span class='ocrx_word' id='word_1_220' title='bbox 2088 1758 2155 1824; x_wconf 79' lang='lat' dir='ltr'><strong>Mi·</strong></span> 
     </span>
     <span class='ocr_line' id='line_1_17' title="bbox 146 1839 2155 1927; baseline -0.001 -15"><span class='ocrx_word' id='word_1_221' title='bbox 146 1846 230 1920; x_wconf 89' lang='lat' dir='ltr'><strong>ouit,</strong></span> <span class='ocrx_word' id='word_1_222' title='bbox 259 1841 441 1927; x_wconf 82' lang='lat' dir='ltr'><strong>exquibus</strong></span> <span class='ocrx_word' id='word_1_223' title='bbox 469 1848 598 1925; x_wconf 88' lang='lat' dir='ltr'><strong>pateret</strong></span> <span class='ocrx_word' id='word_1_224' title='bbox 625 1841 765 1925; x_wconf 78' lang='lat' dir='ltr'><strong>superbo</strong></span> <span class='ocrx_word' id='word_1_225' title='bbox 787 1842 892 1926; x_wconf 79' lang='lat' dir='ltr'><strong>magis</strong></span> <span class='ocrx_word' id='word_1_226' title='bbox 915 1847 988 1920; x_wconf 72' lang='lat' dir='ltr'><strong>[pag.</strong></span> <span class='ocrx_word' id='word_1_227' title='bbox 1009 1845 1043 1921; x_wconf 78' lang='lat'><strong>8]</strong></span> <span class='ocrx_word' id='word_1_228' title='bbox 1066 1839 1124 1906; x_wconf 91' lang='lat' dir='ltr'><strong>ad·</strong></span> <span class='ocrx_word' id='word_1_229' title='bbox 1176 1862 1251 1906; x_wconf 87' lang='lat' dir='ltr'><strong>rum</strong></span> <span class='ocrx_word' id='word_1_230' title='bbox 1280 1860 1374 1920; x_wconf 84' lang='lat' dir='ltr'><strong>vero,</strong></span> <span class='ocrx_word' id='word_1_231' title='bbox 1404 1841 1432 1907; x_wconf 87' lang='lat' dir='ltr'><strong>si</strong></span> <span class='ocrx_word' id='word_1_232' title='bbox 1460 1841 1629 1919; x_wconf 78' lang='lat' dir='ltr'><strong>Christus,</strong></span> <span class='ocrx_word' id='word_1_233' title='bbox 1659 1861 1758 1926; x_wconf 86' lang='lat' dir='ltr'><strong>quem</strong></span> <span class='ocrx_word' id='word_1_234' title='bbox 1785 1842 2013 1926; x_wconf 84' lang='lat' dir='ltr'><strong>praedieamus</strong></span> <span class='ocrx_word' id='word_1_235' title='bbox 2063 1865 2155 1910; x_wconf 89' lang='lat' dir='ltr'><strong>aeem</strong></span> 
     </span>
     <span class='ocr_line' id='line_1_18' title="bbox 147 1865 2155 2016; baseline -0 -20"><span class='ocrx_word' id='word_1_236' title='bbox 147 1950 262 1997; x_wconf 81' lang='lat' dir='ltr'><strong>versae</strong></span> <span class='ocrx_word' id='word_1_237' title='bbox 290 1929 395 2012; x_wconf 84' lang='lat' dir='ltr'><strong>partis</strong></span> <span class='ocrx_word' id='word_1_238' title='bbox 415 1926 546 1994; x_wconf 80' lang='lat' dir='ltr'><strong>fastidio</strong></span> <span class='ocrx_word' id='word_1_239' title='bbox 575 1948 675 2009; x_wconf 89' lang='lat' dir='ltr'><strong>quam</strong></span> <span class='ocrx_word' id='word_1_240' title='bbox 701 1927 790 1994; x_wconf 84' lang='lat' dir='ltr'><strong>iusta</strong></span> <span class='ocrx_word' id='word_1_241' title='bbox 815 1947 915 1994; x_wconf 85' lang='lat' dir='ltr'><strong>eausa</strong></span> <span class='ocrx_word' id='word_1_242' title='bbox 941 1925 1123 2005; x_wconf 79' lang='lat' dir='ltr'><strong>dissidium,</strong></span> <span class='ocrx_word' id='word_1_243' title='bbox 1177 1936 1339 2004; x_wconf 87' lang='lat' dir='ltr'><strong>nostram,</strong></span> <span class='ocrx_word' id='word_1_244' title='bbox 1371 1938 1406 1992; x_wconf 91' lang='lat' dir='ltr'><strong>et</strong></span> <span class='ocrx_word' id='word_1_245' title='bbox 1434 1926 1491 2016; x_wconf 87' lang='lat' dir='ltr'><strong>qui</strong></span> <span class='ocrx_word' id='word_1_246' title='bbox 1517 1926 1646 1992; x_wconf 88' lang='lat' dir='ltr'><strong>sublato</strong></span> <span class='ocrx_word' id='word_1_247' title='bbox 1673 1926 1808 1992; x_wconf 88' lang='lat' dir='ltr'><strong>dissidio</strong></span> <span class='ocrx_word' id='word_1_248' title='bbox 1840 1935 1969 2010; x_wconf 83' lang='lat' dir='ltr'><strong>patrem</strong></span> <span class='ocrx_word' id='word_1_249' title='bbox 1998 1865 2092 1995; x_wconf 64' lang='lat' dir='ltr'><strong>nodis</strong></span> <span class='ocrx_word' id='word_1_250' title='bbox 2117 1931 2155 1994; x_wconf 89' lang='lat' dir='ltr'><strong>in</strong></span> 
     </span>
     <span class='ocr_line' id='line_1_19' title="bbox 146 2010 2155 2099; baseline -0 -18"><span class='ocrx_word' id='word_1_251' title='bbox 146 2014 232 2099; x_wconf 88' lang='lat' dir='ltr'><strong>qnod</strong></span> <span class='ocrx_word' id='word_1_252' title='bbox 253 2015 455 2080; x_wconf 77' lang='lat' dir='ltr'><strong>exstinetam</strong></span> <span class='ocrx_word' id='word_1_253' title='bbox 477 2032 549 2079; x_wconf 84' lang='lat' dir='ltr'><strong>esse</strong></span> <span class='ocrx_word' id='word_1_254' title='bbox 571 2011 738 2092; x_wconf 86' lang='lat' dir='ltr'><strong>debuerat,</strong></span> <span class='ocrx_word' id='word_1_255' title='bbox 760 2034 876 2080; x_wconf 85' lang='lat' dir='ltr'><strong>rursus</strong></span> <span class='ocrx_word' id='word_1_256' title='bbox 896 2010 1045 2078; x_wconf 88' lang='lat' dir='ltr'><strong>aeeondi:</strong></span> <span class='ocrx_word' id='word_1_257' title='bbox 1068 2030 1124 2076; x_wconf 88' lang='lat' dir='ltr'><strong>eu·</strong></span> <span class='ocrx_word' id='word_1_258' title='bbox 1176 2012 1267 2078; x_wconf 88' lang='lat' dir='ltr'><strong>eoelo</strong></span> <span class='ocrx_word' id='word_1_259' title='bbox 1288 2012 1447 2096; x_wconf 76' lang='lat' dir='ltr'><strong>placavit,</strong></span> <span class='ocrx_word' id='word_1_260' title='bbox 1475 2033 1542 2078; x_wconf 89' lang='lat' dir='ltr'><strong>non</strong></span> <span class='ocrx_word' id='word_1_261' title='bbox 1569 2012 1671 2078; x_wconf 85' lang='lat' dir='ltr'><strong>etiam</strong></span> <span class='ocrx_word' id='word_1_262' title='bbox 1692 2012 1828 2091; x_wconf 87' lang='lat' dir='ltr'><strong>effieiat,</strong></span> <span class='ocrx_word' id='word_1_263' title='bbox 1857 2023 1895 2078; x_wconf 91' lang='lat' dir='ltr'><strong>ut</strong></span> <span class='ocrx_word' id='word_1_264' title='bbox 1916 2015 2097 2080; x_wconf 77' lang='lat' dir='ltr'><strong>fraternam</strong></span> <span class='ocrx_word' id='word_1_265' title='bbox 2118 2015 2155 2080; x_wconf 88' lang='lat' dir='ltr'><strong>in</strong></span> 
     </span>
     <span class='ocr_line' id='line_1_20' title="bbox 146 2097 2155 2183; baseline -0.001 -15"><span class='ocrx_word' id='word_1_266' title='bbox 146 2100 251 2169; x_wconf 81' lang='lat' dir='ltr'><strong>iussi</strong></span> <span class='ocrx_word' id='word_1_267' title='bbox 273 2101 441 2165; x_wconf 76' lang='lat' dir='ltr'><strong>funestum</strong></span> <span class='ocrx_word' id='word_1_268' title='bbox 462 2105 496 2164; x_wconf 91' lang='lat' dir='ltr'><strong>et</strong></span> <span class='ocrx_word' id='word_1_269' title='bbox 516 2097 763 2164; x_wconf 87' lang='lat' dir='ltr'><strong>lamentabilem</strong></span> <span class='ocrx_word' id='word_1_270' title='bbox 784 2099 911 2163; x_wconf 87' lang='lat' dir='ltr'><strong>exitum</strong></span> <span class='ocrx_word' id='word_1_271' title='bbox 932 2098 1066 2176; x_wconf 88' lang='lat' dir='ltr'><strong>timetis,</strong></span> <span class='ocrx_word' id='word_1_272' title='bbox 1088 2103 1126 2162; x_wconf 91' lang='lat' dir='ltr'><strong>ut</strong></span> <span class='ocrx_word' id='word_1_273' title='bbox 1177 2104 1268 2163; x_wconf 88' lang='lat' dir='ltr'><strong>terra</strong></span> <span class='ocrx_word' id='word_1_274' title='bbox 1289 2118 1402 2180; x_wconf 88' lang='lat' dir='ltr'><strong>paoem</strong></span> <span class='ocrx_word' id='word_1_275' title='bbox 1424 2106 1539 2162; x_wconf 91' lang='lat' dir='ltr'><strong>mutuo</strong></span> <span class='ocrx_word' id='word_1_276' title='bbox 1556 2097 1710 2163; x_wconf 75' lang='lat' dir='ltr'><strong>eolamua</strong></span> <span class='ocrx_word' id='word_1_277' title='bbox 1744 2097 1835 2179; x_wconf 77' lang='lat' dir='ltr'><strong>Quid</strong></span> <span class='ocrx_word' id='word_1_278' title='bbox 1856 2098 1944 2183; x_wconf 90' lang='lat' dir='ltr'><strong>quod</strong></span> <span class='ocrx_word' id='word_1_279' title='bbox 1965 2099 2060 2166; x_wconf 87' lang='lat' dir='ltr'><strong>nobis</strong></span> <span class='ocrx_word' id='word_1_280' title='bbox 2077 2121 2155 2167; x_wconf 89' lang='lat' dir='ltr'><strong>oon·</strong></span> 
     </span>
     <span class='ocr_line' id='line_1_21' title="bbox 147 2182 2156 2269; baseline -0.001 -16"><span class='ocrx_word' id='word_1_281' title='bbox 147 2197 235 2254; x_wconf 85' lang='lat' dir='ltr'><strong>uerte</strong></span> <span class='ocrx_word' id='word_1_282' title='bbox 257 2183 424 2250; x_wconf 84' lang='lat' dir='ltr'><strong>timendus</strong></span> <span class='ocrx_word' id='word_1_283' title='bbox 446 2192 506 2262; x_wconf 91' lang='lat' dir='ltr'><strong>est,</strong></span> <span class='ocrx_word' id='word_1_284' title='bbox 537 2205 594 2250; x_wconf 84' lang='lat' dir='ltr'><strong>voe</strong></span> <span class='ocrx_word' id='word_1_285' title='bbox 616 2204 676 2268; x_wconf 88' lang='lat' dir='ltr'><strong>per</strong></span> <span class='ocrx_word' id='word_1_286' title='bbox 703 2204 834 2250; x_wconf 85' lang='lat' dir='ltr'><strong>eaerum</strong></span> <span class='ocrx_word' id='word_1_287' title='bbox 857 2182 983 2249; x_wconf 79' lang='lat' dir='ltr'><strong>Christi</strong></span> <span class='ocrx_word' id='word_1_288' title='bbox 1005 2202 1126 2249; x_wconf 89' lang='lat' dir='ltr'><strong>nomen</strong></span> <span class='ocrx_word' id='word_1_289' title='bbox 1177 2190 1229 2248; x_wconf 87' lang='lat' dir='ltr'><strong>tra</strong></span> <span class='ocrx_word' id='word_1_290' title='bbox 1250 2182 1494 2249; x_wconf 80' lang='lat' dir='ltr'><strong>Antiehristum</strong></span> <span class='ocrx_word' id='word_1_291' title='bbox 1516 2184 1651 2266; x_wconf 86' lang='lat' dir='ltr'><strong>eiusque</strong></span> <span class='ocrx_word' id='word_1_292' title='bbox 1668 2183 1887 2269; x_wconf 82' lang='lat' dir='ltr'><strong>tyrannidem,</strong></span> <span class='ocrx_word' id='word_1_293' title='bbox 1909 2193 2025 2251; x_wconf 85' lang='lat' dir='ltr'><strong>eontra</strong></span> <span class='ocrx_word' id='word_1_294' title='bbox 2045 2183 2156 2251; x_wconf 81' lang='lat' dir='ltr'><strong>foedae</strong></span> 
     </span>
     <span class='ocr_line' id='line_1_22' title="bbox 147 2267 2156 2354; baseline -0 -17"><span class='ocrx_word' id='word_1_295' title='bbox 147 2282 183 2338; x_wconf 89' lang='lat' dir='ltr'><strong>et</strong></span> <span class='ocrx_word' id='word_1_296' title='bbox 207 2282 340 2337; x_wconf 77' lang='lat' dir='ltr'><strong>uestrae</strong></span> <span class='ocrx_word' id='word_1_297' title='bbox 366 2271 402 2334; x_wconf 93' lang='lat' dir='ltr'><strong>in</strong></span> <span class='ocrx_word' id='word_1_298' title='bbox 430 2269 502 2352; x_wconf 89' lang='lat' dir='ltr'><strong>ipso</strong></span> <span class='ocrx_word' id='word_1_299' title='bbox 530 2270 666 2334; x_wconf 88' lang='lat' dir='ltr'><strong>unitatis</strong></span> <span class='ocrx_word' id='word_1_300' title='bbox 693 2269 866 2336; x_wconf 80' lang='lat' dir='ltr'><strong>rineulum</strong></span> <span class='ocrx_word' id='word_1_301' title='bbox 893 2267 1052 2345; x_wconf 86' lang='lat' dir='ltr'><strong>obtestor,</strong></span> <span class='ocrx_word' id='word_1_302' title='bbox 1086 2274 1126 2332; x_wconf 93' lang='lat' dir='ltr'><strong>ut</strong></span> <span class='ocrx_word' id='word_1_303' title='bbox 1177 2268 1377 2335; x_wconf 85' lang='lat' dir='ltr'><strong>ehrietianae</strong></span> <span class='ocrx_word' id='word_1_304' title='bbox 1398 2267 1567 2352; x_wconf 75' lang='lat' dir='ltr'><strong>religionis</strong></span> <span class='ocrx_word' id='word_1_305' title='bbox 1589 2269 1800 2352; x_wconf 87' lang='lat' dir='ltr'><strong>eorruptelas,</strong></span> <span class='ocrx_word' id='word_1_306' title='bbox 1823 2277 1939 2336; x_wconf 88' lang='lat' dir='ltr'><strong>eontra</strong></span> <span class='ocrx_word' id='word_1_307' title='bbox 1959 2271 2077 2354; x_wconf 84' lang='lat' dir='ltr'><strong>impias</strong></span> <span class='ocrx_word' id='word_1_308' title='bbox 2099 2291 2156 2336; x_wconf 85' lang='lat' dir='ltr'><strong>su·</strong></span> 
     </span>
     <span class='ocr_line' id='line_1_23' title="bbox 148 2352 2155 2443; baseline -0 -20"><span class='ocrx_word' id='word_1_309' title='bbox 148 2355 334 2443; x_wconf 88' lang='lat' dir='ltr'><strong>quaerendo</strong></span> <span class='ocrx_word' id='word_1_310' title='bbox 360 2353 506 2420; x_wconf 87' lang='lat' dir='ltr'><strong>remedio</strong></span> <span class='ocrx_word' id='word_1_311' title='bbox 534 2355 684 2422; x_wconf 87' lang='lat' dir='ltr'><strong>uertatim</strong></span> <span class='ocrx_word' id='word_1_312' title='bbox 713 2374 844 2439; x_wconf 88' lang='lat' dir='ltr'><strong>operam</strong></span> <span class='ocrx_word' id='word_1_313' title='bbox 877 2353 971 2419; x_wconf 81' lang='lat' dir='ltr'><strong>detie.</strong></span> <span class='ocrx_word' id='word_1_314' title='bbox 1015 2352 1125 2434; x_wconf 77' lang='lat' dir='ltr'><strong>Quae-</strong></span> <span class='ocrx_word' id='word_1_315' title='bbox 1177 2354 1387 2438; x_wconf 88' lang='lat' dir='ltr'><strong>perstitionea</strong></span> <span class='ocrx_word' id='word_1_316' title='bbox 1415 2374 1650 2439; x_wconf 76' lang='lat' dir='ltr'><strong>saeros-umque</strong></span> <span class='ocrx_word' id='word_1_317' title='bbox 1676 2355 1825 2420; x_wconf 91' lang='lat' dir='ltr'><strong>omnium</strong></span> <span class='ocrx_word' id='word_1_318' title='bbox 1846 2357 2116 2439; x_wconf 86' lang='lat' dir='ltr'><strong>profanationem,</strong></span> <span class='ocrx_word' id='word_1_319' title='bbox 2129 2357 2155 2438; x_wconf 89' lang='lat'><strong>¹)</strong></span> 
     </span>
     <span class='ocr_line' id='line_1_24' title="bbox 147 2438 2155 2592; baseline -0.001 -84"><span class='ocrx_word' id='word_1_320' title='bbox 147 2463 276 2592; x_wconf 43' lang='lat' dir='ltr'><strong>dunque</strong></span> <span class='ocrx_word' id='word_1_321' title='bbox 308 2440 417 2507; x_wconf 91' lang='lat' dir='ltr'><strong>oblata</strong></span> <span class='ocrx_word' id='word_1_322' title='bbox 450 2439 549 2506; x_wconf 84' lang='lat' dir='ltr'><strong>iuerit</strong></span> <span class='ocrx_word' id='word_1_323' title='bbox 577 2439 814 2506; x_wconf 87' lang='lat' dir='ltr'><strong>eonoiliationie</strong></span> <span class='ocrx_word' id='word_1_324' title='bbox 846 2439 944 2517; x_wconf 87' lang='lat' dir='ltr'><strong>ratio,</strong></span> <span class='ocrx_word' id='word_1_325' title='bbox 977 2438 1019 2504; x_wconf 89' lang='lat' dir='ltr'><strong>ad</strong></span> <span class='ocrx_word' id='word_1_326' title='bbox 1052 2458 1126 2504; x_wconf 89' lang='lat' dir='ltr'><strong>eam</strong></span> <span class='ocrx_word' id='word_1_327' title='bbox 1177 2439 1322 2539; x_wconf 80' lang='lat' dir='ltr'><strong>quetidie</strong></span> <span class='ocrx_word' id='word_1_328' title='bbox 1339 2439 1400 2506; x_wconf 83' lang='lat' dir='ltr'><strong>sub</strong></span> <span class='ocrx_word' id='word_1_329' title='bbox 1418 2439 1533 2505; x_wconf 88' lang='lat' dir='ltr'><strong>eodem</strong></span> <span class='ocrx_word' id='word_1_330' title='bbox 1550 2439 1672 2540; x_wconf 80' lang='lat' dir='ltr'><strong>vexillo</strong></span> <span class='ocrx_word' id='word_1_331' title='bbox 1690 2444 1818 2539; x_wconf 47' lang='lat' dir='ltr'><strong>[papa]</strong></span> <span class='ocrx_word' id='word_1_332' title='bbox 1836 2441 2064 2542; x_wconf 79' lang='lat' dir='ltr'><strong>praeliandum</strong></span> <span class='ocrx_word' id='word_1_333' title='bbox 2081 2440 2155 2508; x_wconf 80' lang='lat' dir='ltr'><strong>eat?</strong></span> 
     </span>
     <span class='ocr_line' id='line_1_25' title="bbox 147 2522 2157 2696; baseline -0 -17"><span class='ocrx_word' id='word_1_334' title='bbox 147 2525 483 2695; x_wconf 58' lang='grc' dir='ltr'><strong>5Ἒέξέῗῖἒὲᾢὲ</strong></span> <span class='ocrx_word' id='word_1_335' title='bbox 510 2522 1127 2695; x_wconf 53' lang='grc' dir='ltr'><strong>ΜιζιῗὲἒἍΕξέξῖωὲῗρῖἓὲιὶἰῖ</strong></span> <span class='ocrx_word' id='word_1_336' title='bbox 1177 2525 2077 2694; x_wconf 52' lang='grc' dir='ltr'><strong>ῗηιέἕὲ,“ζὶἒΐὲ,9ῃῗιῖὲὲ“ἓῖἓὲὶὶἒῖῗιᾞ“ἒῑιῒὲ</strong></span> <span class='ocrx_word' id='word_1_337' title='bbox 2093 2526 2157 2696; x_wconf 56' lang='grc' dir='ltr'><strong>ἓξ</strong></span> 
     </span>
     <span class='ocr_line' id='line_1_26' title="bbox 147 2694 2158 2782; baseline -0 -17"><span class='ocrx_word' id='word_1_338' title='bbox 147 2698 364 2765; x_wconf 87' lang='lat' dir='ltr'><strong>humanitatis</strong></span> <span class='ocrx_word' id='word_1_339' title='bbox 386 2697 530 2762; x_wconf 78' lang='lat' dir='ltr'><strong>vicissim</strong></span> <span class='ocrx_word' id='word_1_340' title='bbox 551 2697 630 2774; x_wconf 89' lang='lat' dir='ltr'><strong>erit,</strong></span> <span class='ocrx_word' id='word_1_341' title='bbox 659 2717 756 2779; x_wconf 89' lang='lat' dir='ltr'><strong>quem</strong></span> <span class='ocrx_word' id='word_1_342' title='bbox 780 2695 982 2780; x_wconf 78' lang='lat' dir='ltr'><strong>&#39;eognoseitis</strong></span> <span class='ocrx_word' id='word_1_343' title='bbox 1004 2695 1128 2777; x_wconf 92' lang='lat' dir='ltr'><strong>optima</strong></span> <span class='ocrx_word' id='word_1_344' title='bbox 1178 2705 1280 2780; x_wconf 89' lang='lat' dir='ltr'><strong>paret,</strong></span> <span class='ocrx_word' id='word_1_345' title='bbox 1309 2695 1511 2780; x_wconf 85' lang='lat' dir='ltr'><strong>posthabito,</strong></span> <span class='ocrx_word' id='word_1_346' title='bbox 1543 2694 1724 2762; x_wconf 83' lang='lat' dir='ltr'><strong>divortium</strong></span> <span class='ocrx_word' id='word_1_347' title='bbox 1750 2698 1838 2763; x_wconf 88' lang='lat' dir='ltr'><strong>inter</strong></span> <span class='ocrx_word' id='word_1_348' title='bbox 1867 2719 1922 2765; x_wconf 80' lang='lat' dir='ltr'><strong>eos</strong></span> <span class='ocrx_word' id='word_1_349' title='bbox 1950 2697 2075 2778; x_wconf 79' lang='lat' dir='ltr'><strong>moliri,</strong></span> <span class='ocrx_word' id='word_1_350' title='bbox 2101 2699 2158 2782; x_wconf 88' lang='lat' dir='ltr'><strong>qui</strong></span> 
     </span>
     <span class='ocr_line' id='line_1_27' title="bbox 147 2780 2158 2866; baseline -0 -15"><span class='ocrx_word' id='word_1_351' title='bbox 147 2783 212 2851; x_wconf 81' lang='lat' dir='ltr'><strong>fide</strong></span> <span class='ocrx_word' id='word_1_352' title='bbox 234 2791 271 2850; x_wconf 88' lang='lat' dir='ltr'><strong>et</strong></span> <span class='ocrx_word' id='word_1_353' title='bbox 291 2803 368 2850; x_wconf 91' lang='lat' dir='ltr'><strong>eum</strong></span> <span class='ocrx_word' id='word_1_354' title='bbox 396 2783 506 2849; x_wconf 76' lang='lat' dir='ltr'><strong>funeta</strong></span> <span class='ocrx_word' id='word_1_355' title='bbox 535 2802 602 2847; x_wconf 89' lang='lat' dir='ltr'><strong>non</strong></span> <span class='ocrx_word' id='word_1_356' title='bbox 623 2780 821 2866; x_wconf 87' lang='lat' dir='ltr'><strong>poenitendo</strong></span> <span class='ocrx_word' id='word_1_357' title='bbox 843 2801 904 2846; x_wconf 84' lang='lat' dir='ltr'><strong>aua</strong></span> <span class='ocrx_word' id='word_1_358' title='bbox 924 2781 1036 2846; x_wconf 90' lang='lat' dir='ltr'><strong>omnia</strong></span> <span class='ocrx_word' id='word_1_359' title='bbox 1055 2787 1126 2846; x_wconf 88' lang='lat' dir='ltr'><strong>stu·</strong></span> <span class='ocrx_word' id='word_1_360' title='bbox 1179 2780 1318 2848; x_wconf 88' lang='lat' dir='ltr'><strong>eandem</strong></span> <span class='ocrx_word' id='word_1_361' title='bbox 1352 2789 1538 2865; x_wconf 80' lang='lat' dir='ltr'><strong>sequuntur</strong></span> <span class='ocrx_word' id='word_1_362' title='bbox 1570 2781 1740 2858; x_wconf 90' lang='lat' dir='ltr'><strong>militiam,</strong></span> <span class='ocrx_word' id='word_1_363' title='bbox 1774 2802 1839 2847; x_wconf 91' lang='lat' dir='ltr'><strong>non</strong></span> <span class='ocrx_word' id='word_1_364' title='bbox 1872 2784 1983 2850; x_wconf 87' lang='lat' dir='ltr'><strong>minus</strong></span> <span class='ocrx_word' id='word_1_365' title='bbox 2015 2781 2158 2850; x_wconf 82' lang='lat' dir='ltr'><strong>erudelis</strong></span> 
     </span>
     <span class='ocr_line' id='line_1_28' title="bbox 148 2865 2158 2951; baseline -0 -15"><span class='ocrx_word' id='word_1_366' title='bbox 148 2868 203 2937; x_wconf 88' lang='lat' dir='ltr'><strong>dia</strong></span> <span class='ocrx_word' id='word_1_367' title='bbox 222 2875 257 2936; x_wconf 92' lang='lat' dir='ltr'><strong>et</strong></span> <span class='ocrx_word' id='word_1_368' title='bbox 277 2866 407 2934; x_wconf 87' lang='lat' dir='ltr'><strong>labores</strong></span> <span class='ocrx_word' id='word_1_369' title='bbox 435 2868 470 2934; x_wconf 92' lang='lat' dir='ltr'><strong>in</strong></span> <span class='ocrx_word' id='word_1_370' title='bbox 497 2865 651 2933; x_wconf 87' lang='lat' dir='ltr'><strong>eoeleeiae</strong></span> <span class='ocrx_word' id='word_1_371' title='bbox 684 2866 942 2932; x_wconf 82' lang='lat' dir='ltr'><strong>aedifieatienem</strong></span> <span class='ocrx_word' id='word_1_372' title='bbox 967 2866 1127 2948; x_wconf 85' lang='lat' dir='ltr'><strong>eonferre,</strong></span> <span class='ocrx_word' id='word_1_373' title='bbox 1178 2888 1277 2951; x_wconf 89' lang='lat' dir='ltr'><strong>quam</strong></span> <span class='ocrx_word' id='word_1_374' title='bbox 1305 2867 1407 2949; x_wconf 89' lang='lat' dir='ltr'><strong>impia</strong></span> <span class='ocrx_word' id='word_1_375' title='bbox 1438 2865 1663 2932; x_wconf 87' lang='lat' dir='ltr'><strong>membrorum</strong></span> <span class='ocrx_word' id='word_1_376' title='bbox 1683 2866 1810 2933; x_wconf 85' lang='lat' dir='ltr'><strong>Ohrieti</strong></span> <span class='ocrx_word' id='word_1_377' title='bbox 1832 2867 1986 2935; x_wconf 72' lang='lat' dir='ltr'><strong>laeeratm</strong></span> <span class='ocrx_word' id='word_1_378' title='bbox 2008 2881 2070 2935; x_wconf 87' lang='lat' dir='ltr'><strong>est:</strong></span> <span class='ocrx_word' id='word_1_379' title='bbox 2103 2871 2158 2935; x_wconf 90' lang='lat' dir='ltr'><strong>eui</strong></span> 
     </span>
     <span class='ocr_line' id='line_1_29' title="bbox 148 2951 2158 3102; baseline 0 -81"><span class='ocrx_word' id='word_1_380' title='bbox 148 2957 257 3040; x_wconf 86' lang='lat' dir='ltr'><strong>potius</strong></span> <span class='ocrx_word' id='word_1_381' title='bbox 271 2952 468 3081; x_wconf 50' lang='grc' dir='ltr'><strong>Ιιιιιιιίοιιιιιιᾶ</strong></span> <span class='ocrx_word' id='word_1_382' title='bbox 496 2973 596 3102; x_wconf 45' lang='lat' dir='ltr'><strong>&lt;isram</strong></span> <span class='ocrx_word' id='word_1_383' title='bbox 622 2951 831 3054; x_wconf 35' lang='lat' dir='ltr'><strong>ealeaudum·</strong></span> <span class='ocrx_word' id='word_1_384' title='bbox 869 2951 1038 3017; x_wconf 87' lang='lat' dir='ltr'><strong>ermittere</strong></span> <span class='ocrx_word' id='word_1_385' title='bbox 1058 2953 1126 3051; x_wconf 78' lang='lat' dir='ltr'><strong>im·</strong></span> <span class='ocrx_word' id='word_1_386' title='bbox 1178 2973 1240 3018; x_wconf 84' lang='lat' dir='ltr'><strong>voa</strong></span> <span class='ocrx_word' id='word_1_387' title='bbox 1257 2973 1331 3018; x_wconf 83' lang='lat' dir='ltr'><strong>ease</strong></span> <span class='ocrx_word' id='word_1_388' title='bbox 1344 2953 1491 3053; x_wconf 61' lang='lat' dir='ltr'><strong>fautores</strong></span> <span class='ocrx_word' id='word_1_389' title='bbox 1507 2952 1643 3017; x_wconf 90' lang='lat' dir='ltr'><strong>minime</strong></span> <span class='ocrx_word' id='word_1_390' title='bbox 1661 2972 1803 3053; x_wconf 79' lang='lat' dir='ltr'><strong>aequum</strong></span> <span class='ocrx_word' id='word_1_391' title='bbox 1820 2960 1880 3032; x_wconf 86' lang='lat' dir='ltr'><strong>eat,</strong></span> <span class='ocrx_word' id='word_1_392' title='bbox 1903 2954 1957 3021; x_wconf 77' lang='lat' dir='ltr'><strong>vel</strong></span> <span class='ocrx_word' id='word_1_393' title='bbox 1977 2954 2045 3055; x_wconf 75' lang='lat' dir='ltr'><strong>uilo</strong></span> <span class='ocrx_word' id='word_1_394' title='bbox 2061 2954 2158 3021; x_wconf 91' lang='lat' dir='ltr'><strong>modo</strong></span> 
     </span>
     <span class='ocr_line' id='line_1_30' title="bbox 148 3035 2158 3209; baseline -0.001 -17"><span class='ocrx_word' id='word_1_395' title='bbox 148 3039 504 3209; x_wconf 61' lang='lat' dir='ltr'><strong>ffidssiffldd„</strong></span> <span class='ocrx_word' id='word_1_396' title='bbox 525 3036 659 3191; x_wconf 54' lang='lat' dir='ltr'><strong>titt,</strong></span> <span class='ocrx_word' id='word_1_397' title='bbox 681 3035 1127 3208; x_wconf 62' lang='lat' dir='ltr'><strong>itttmtttttt</strong></span> <span class='ocrx_word' id='word_1_398' title='bbox 1177 3035 1733 3208; x_wconf 53' lang='lat' dir='ltr'><strong>{difflutvdiffdssffddid</strong></span> <span class='ocrx_word' id='word_1_399' title='bbox 1746 3039 2158 3191; x_wconf 51' lang='lat' dir='ltr'><strong>manmit?</strong></span> 
     </span>
     <span class='ocr_line' id='line_1_31' title="bbox 148 3206 2055 3294; baseline -0.001 -16"><span class='ocrx_word' id='word_1_400' title='bbox 148 3212 404 3288; x_wconf 87' lang='lat' dir='ltr'><strong>eoniunotionie,</strong></span> <span class='ocrx_word' id='word_1_401' title='bbox 431 3229 529 3294; x_wconf 88' lang='lat' dir='ltr'><strong>quam</strong></span> <span class='ocrx_word' id='word_1_402' title='bbox 558 3209 621 3275; x_wconf 86' lang='lat' dir='ltr'><strong>iste</strong></span> <span class='ocrx_word' id='word_1_403' title='bbox 643 3208 837 3291; x_wconf 87' lang='lat' dir='ltr'><strong>abrumpere</strong></span> <span class='ocrx_word' id='word_1_404' title='bbox 858 3214 1004 3285; x_wconf 78' lang='lat' dir='ltr'><strong>uenator,</strong></span> <span class='ocrx_word' id='word_1_405' title='bbox 1035 3206 1127 3273; x_wconf 81' lang='lat' dir='ltr'><strong>vobis</strong></span> <span class='ocrx_word' id='word_1_406' title='bbox 1178 3219 1263 3293; x_wconf 78' lang='lat' dir='ltr'><strong>goat</strong></span> <span class='ocrx_word' id='word_1_407' title='bbox 1308 3208 1476 3286; x_wconf 70' lang='lat' dir='ltr'><strong>Geneatae,</strong></span> <span class='ocrx_word' id='word_1_408' title='bbox 1498 3208 1604 3274; x_wconf 83' lang='lat' dir='ltr'><strong>Nouis</strong></span> <span class='ocrx_word' id='word_1_409' title='bbox 1625 3208 1781 3274; x_wconf 87' lang='lat' dir='ltr'><strong>Ianuarii.</strong></span> <span class='ocrx_word' id='word_1_410' title='bbox 1825 3209 1873 3275; x_wconf 69' lang='lat' dir='ltr'><strong>di</strong></span> <span class='ocrx_word' id='word_1_411' title='bbox 1895 3208 1939 3274; x_wconf 92' lang='lat' dir='ltr'><strong>D.</strong></span> <span class='ocrx_word' id='word_1_412' title='bbox 1962 3209 2055 3276; x_wconf 60' lang='grc' dir='ltr'><strong>[Νι</strong></span> 
     </span>
    </p>
   </div>
   <div class='ocr_carea' id='block_1_5' title="bbox 148 3427 2158 3636">
    <p class='ocr_par' dir='ltr' id='par_1_5' title="bbox 148 3427 2158 3636">
     <span class='ocr_line' id='line_1_32' title="bbox 218 3427 1127 3499; baseline -0.004 -13"><span class='ocrx_word' id='word_1_413' title='bbox 218 3432 233 3486; x_wconf 90' lang='grc'>1</span> <span class='ocrx_word' id='word_1_414' title='bbox 266 3433 291 3488; x_wconf 84' lang='lat' dir='ltr'><strong>le</strong></span> <span class='ocrx_word' id='word_1_415' title='bbox 309 3430 401 3487; x_wconf 90' lang='lat' dir='ltr'><strong>noeud</strong></span> <span class='ocrx_word' id='word_1_416' title='bbox 418 3431 453 3485; x_wconf 85' lang='lat' dir='ltr'><strong>de</strong></span> <span class='ocrx_word' id='word_1_417' title='bbox 461 3431 489 3487; x_wconf 84' lang='lat' dir='ltr'><strong>la</strong></span> <span class='ocrx_word' id='word_1_418' title='bbox 501 3432 612 3488; x_wconf 85' lang='lat' dir='ltr'><strong>matiere</strong></span> <span class='ocrx_word' id='word_1_419' title='bbox 630 3432 658 3485; x_wconf 89' lang='lat' dir='ltr'><strong>et</strong></span> <span class='ocrx_word' id='word_1_420' title='bbox 676 3429 717 3486; x_wconf 87' lang='lat' dir='ltr'><strong>lea</strong></span> <span class='ocrx_word' id='word_1_421' title='bbox 728 3429 889 3499; x_wconf 84' lang='lat' dir='ltr'><strong>prinoipaax</strong></span> <span class='ocrx_word' id='word_1_422' title='bbox 906 3428 997 3498; x_wconf 85' lang='lat' dir='ltr'><strong>points</strong></span> <span class='ocrx_word' id='word_1_423' title='bbox 1015 3427 1049 3482; x_wconf 92' lang='lat' dir='ltr'><strong>de</strong></span> <span class='ocrx_word' id='word_1_424' title='bbox 1068 3435 1127 3483; x_wconf 88' lang='lat' dir='ltr'><strong>tout</strong></span> 
     </span>
     <span class='ocr_line' id='line_1_33' title="bbox 148 3495 2158 3568; baseline -0.002 -10"><span class='ocrx_word' id='word_1_425' title='bbox 148 3502 176 3558; x_wconf 85' lang='lat' dir='ltr'><strong>ie</strong></span> <span class='ocrx_word' id='word_1_426' title='bbox 242 3511 328 3557; x_wconf 83' lang='lat' dir='ltr'><strong>erent</strong></span> <span class='ocrx_word' id='word_1_427' title='bbox 1248 3496 1278 3563; x_wconf 85' lang='lat'><strong>1)</strong></span> <span class='ocrx_word' id='word_1_428' title='bbox 1297 3504 1325 3552; x_wconf 81' lang='lat' dir='ltr'><strong>et</strong></span> <span class='ocrx_word' id='word_1_429' title='bbox 1342 3497 1370 3552; x_wconf 82' lang='lat' dir='ltr'><strong>la</strong></span> <span class='ocrx_word' id='word_1_430' title='bbox 1387 3496 1560 3566; x_wconf 80' lang='lat' dir='ltr'><strong>profanation</strong></span> <span class='ocrx_word' id='word_1_431' title='bbox 1578 3496 1613 3552; x_wconf 85' lang='lat' dir='ltr'><strong>da</strong></span> <span class='ocrx_word' id='word_1_432' title='bbox 1631 3503 1690 3552; x_wconf 89' lang='lat' dir='ltr'><strong>tout</strong></span> <span class='ocrx_word' id='word_1_433' title='bbox 1708 3495 1734 3552; x_wconf 86' lang='lat' dir='ltr'><strong>le</strong></span> <span class='ocrx_word' id='word_1_434' title='bbox 1751 3498 1856 3554; x_wconf 82' lang='lat' dir='ltr'><strong>servies</strong></span> <span class='ocrx_word' id='word_1_435' title='bbox 1872 3497 1908 3553; x_wconf 87' lang='lat' dir='ltr'><strong>de</strong></span> <span class='ocrx_word' id='word_1_436' title='bbox 1925 3496 1994 3552; x_wconf 82' lang='lat' dir='ltr'><strong>Dieu</strong></span> <span class='ocrx_word' id='word_1_437' title='bbox 2012 3503 2040 3552; x_wconf 88' lang='lat' dir='ltr'><strong>et</strong></span> <span class='ocrx_word' id='word_1_438' title='bbox 2057 3497 2158 3568; x_wconf 81' lang='lat' dir='ltr'><strong>depen-</strong></span> 
     </span>
     <span class='ocr_line' id='line_1_34' title="bbox 217 3563 1420 3636; baseline -0.004 -13"><span class='ocrx_word' id='word_1_439' title='bbox 217 3569 248 3635; x_wconf 67' lang='lat'><strong>2)</strong></span> <span class='ocrx_word' id='word_1_440' title='bbox 266 3570 341 3624; x_wconf 73' lang='lat' dir='ltr'><strong>aad.</strong></span> <span class='ocrx_word' id='word_1_441' title='bbox 359 3576 388 3625; x_wconf 87' lang='lat' dir='ltr'><strong>et</strong></span> <span class='ocrx_word' id='word_1_442' title='bbox 404 3567 633 3624; x_wconf 79' lang='lat' dir='ltr'><strong>dearsisonnable.</strong></span> <span class='ocrx_word' id='word_1_443' title='bbox 1178 3564 1280 3622; x_wconf 79' lang='lat' dir='ltr'><strong>daneea</strong></span> <span class='ocrx_word' id='word_1_444' title='bbox 1296 3563 1420 3636; x_wconf 76' lang='lat' dir='ltr'><strong>d&#39;ieeluy.</strong></span> 
     </span>
    </p>
   </div>
   <div class='ocr_carea' id='block_1_6' title="bbox 0 0 2404 5844">
    <p class='ocr_par' dir='ltr' id='par_1_6' title="bbox 0 0 2404 5844">
     <span class='ocr_line' id='line_1_35' title="bbox 0 0 2404 5844; baseline 0 0"><span class='ocrx_word' id='word_1_445' title='bbox 0 0 2404 5844; x_wconf 95' lang='lat' dir='ltr'><strong> </strong></span> 
     </span>
    </p>
   </div>
  </div>
 </body>
</html>
