<?xml version="1.0" encoding="UTF-8"?>
<!DOCTYPE html PUBLIC "-//W3C//DTD XHTML 1.0 Transitional//EN"
    "http://www.w3.org/TR/xhtml1/DTD/xhtml1-transitional.dtd">
<html xmlns="http://www.w3.org/1999/xhtml" xml:lang="en" lang="en">
 <head>
  <title>
</title>
<meta http-equiv="Content-Type" content="text/html;charset=utf-8" />
  <meta name='ocr-system' content='tesseract 3.04.00' />
  <meta name='ocr-capabilities' content='ocr_page ocr_carea ocr_par ocr_line ocrx_word'/>
</head>
<body>
  <div class='ocr_page' id='page_1' title='image "./ioanniscalvinio01reusgoog_0208.png"; bbox 0 0 4748 5798; ppageno 0'>
   <div class='ocr_carea' id='block_1_1' title="bbox 214 210 2219 295">
    <p class='ocr_par' dir='ltr' id='par_1_1' title="bbox 214 210 2219 295">
     <span class='ocr_line' id='line_1_1' title="bbox 214 210 2219 295; baseline -0.006 -8"><span class='ocrx_word' id='word_1_1' title='bbox 214 223 279 287; x_wconf 83' lang='lat' dir='ltr'>sir</span> <span class='ocrx_word' id='word_1_2' title='bbox 648 272 691 289; x_wconf 81' lang='grc'>,.</span> <span class='ocrx_word' id='word_1_3' title='bbox 841 224 868 285; x_wconf 87' lang='grc'>.·</span> <span class='ocrx_word' id='word_1_4' title='bbox 986 210 1251 280; x_wconf 78' lang='grc' dir='ltr'><strong>111101011οι0</strong></span> <span class='ocrx_word' id='word_1_5' title='bbox 1269 214 1459 281; x_wconf 70' lang='lat' dir='ltr'>sarnus</span> <span class='ocrx_word' id='word_1_6' title='bbox 1573 243 1576 255; x_wconf 87' lang='lat'><strong>·</strong></span> <span class='ocrx_word' id='word_1_7' title='bbox 2156 213 2219 295; x_wconf 73' lang='lat' dir='ltr'>sia</span> 
     </span>
    </p>
   </div>
   <div class='ocr_carea' id='block_1_2' title="bbox 100 385 2220 491">
    <p class='ocr_par' dir='ltr' id='par_1_2' title="bbox 100 385 2220 491">
     <span class='ocr_line' id='line_1_2' title="bbox 100 385 2220 491; baseline -0.005 -16"><span class='ocrx_word' id='word_1_8' title='bbox 100 385 102 388; x_wconf 22' lang='lat'>⁵</span> <span class='ocrx_word' id='word_1_9' title='bbox 214 409 370 486; x_wconf 68' lang='grc'><strong>(10118,</strong></span> <span class='ocrx_word' id='word_1_10' title='bbox 389 407 456 491; x_wconf 65' lang='grc'>101</span> <span class='ocrx_word' id='word_1_11' title='bbox 500 403 628 474; x_wconf 82' lang='lat' dir='ltr'>Caedes</span> <span class='ocrx_word' id='word_1_12' title='bbox 656 413 768 470; x_wconf 90' lang='lat' dir='ltr'>autem</span> <span class='ocrx_word' id='word_1_13' title='bbox 796 402 954 488; x_wconf 85' lang='lat' dir='ltr'>intelligit</span> <span class='ocrx_word' id='word_1_14' title='bbox 980 423 1062 486; x_wconf 88' lang='lat' dir='ltr'>quas</span> <span class='ocrx_word' id='word_1_15' title='bbox 1084 424 1104 467; x_wconf 93' lang='lat' dir='ltr'>a</span> <span class='ocrx_word' id='word_1_16' title='bbox 1125 421 1195 467; x_wconf 90' lang='lat' dir='ltr'>sce-</span> <span class='ocrx_word' id='word_1_17' title='bbox 1248 402 1355 486; x_wconf 86' lang='lat' dir='ltr'>gratia</span> <span class='ocrx_word' id='word_1_18' title='bbox 1376 402 1540 487; x_wconf 90' lang='lat' dir='ltr'>praestitit</span> <span class='ocrx_word' id='word_1_19' title='bbox 1561 401 1671 487; x_wconf 88' lang='lat' dir='ltr'>(Rom.</span> <span class='ocrx_word' id='word_1_20' title='bbox 1693 406 1723 481; x_wconf 79' lang='lat'>8,</span> <span class='ocrx_word' id='word_1_21' title='bbox 1743 402 1786 486; x_wconf 89' lang='grc'>3).</span> <span class='ocrx_word' id='word_1_22' title='bbox 1836 400 1879 466; x_wconf 92' lang='lat' dir='ltr'>In</span> <span class='ocrx_word' id='word_1_23' title='bbox 1900 400 1974 485; x_wconf 89' lang='lat' dir='ltr'>lege</span> <span class='ocrx_word' id='word_1_24' title='bbox 1995 399 2124 466; x_wconf 91' lang='lat' dir='ltr'>ostendi</span> <span class='ocrx_word' id='word_1_25' title='bbox 2145 422 2220 484; x_wconf 92' lang='lat' dir='ltr'>per·</span> 
     </span>
    </p>
   </div>
   <div class='ocr_carea' id='block_1_3' title="bbox 217 486 2234 3059">
    <p class='ocr_par' dir='ltr' id='par_1_3' title="bbox 217 486 2224 1809">
     <span class='ocr_line' id='line_1_3' title="bbox 217 486 2221 574; baseline -0.003 -15"><span class='ocrx_word' id='word_1_26' title='bbox 217 495 287 560; x_wconf 90' lang='lat' dir='ltr'>lere</span> <span class='ocrx_word' id='word_1_27' title='bbox 309 514 376 563; x_wconf 90' lang='lat' dir='ltr'>non</span> <span class='ocrx_word' id='word_1_28' title='bbox 399 492 559 569; x_wconf 79' lang='lat' dir='ltr'>absolves,</span> <span class='ocrx_word' id='word_1_29' title='bbox 595 491 726 574; x_wconf 89' lang='lat' dir='ltr'>quando</span> <span class='ocrx_word' id='word_1_30' title='bbox 747 490 787 558; x_wconf 85' lang='lat' dir='ltr'>ab</span> <span class='ocrx_word' id='word_1_31' title='bbox 817 489 973 566; x_wconf 89' lang='lat' dir='ltr'>avaritia,</span> <span class='ocrx_word' id='word_1_32' title='bbox 1002 486 1195 553; x_wconf 89' lang='lat' dir='ltr'>crudelitate</span> <span class='ocrx_word' id='word_1_33' title='bbox 1248 489 1365 554; x_wconf 82' lang='lat' dir='ltr'>lectam</span> <span class='ocrx_word' id='word_1_34' title='bbox 1387 488 1549 555; x_wconf 90' lang='lat' dir='ltr'>iustitiam</span> <span class='ocrx_word' id='word_1_35' title='bbox 1571 497 1767 566; x_wconf 89' lang='lat' dir='ltr'>eertumest,</span> <span class='ocrx_word' id='word_1_36' title='bbox 1791 508 1873 571; x_wconf 89' lang='lat' dir='ltr'>quac</span> <span class='ocrx_word' id='word_1_37' title='bbox 1890 493 2005 570; x_wconf 90' lang='lat' dir='ltr'>parata</span> <span class='ocrx_word' id='word_1_38' title='bbox 2016 497 2103 552; x_wconf 91' lang='lat' dir='ltr'>esset</span> <span class='ocrx_word' id='word_1_39' title='bbox 2119 496 2221 569; x_wconf 77' lang='lat' dir='ltr'>&#39;atque</span> 
     </span>
     <span class='ocr_line' id='line_1_4' title="bbox 217 564 2221 664; baseline -0.003 -20"><span class='ocrx_word' id='word_1_40' title='bbox 217 589 251 645; x_wconf 87' lang='lat' dir='ltr'>et</span> <span class='ocrx_word' id='word_1_41' title='bbox 274 578 428 664; x_wconf 90' lang='lat' dir='ltr'>superbia</span> <span class='ocrx_word' id='word_1_42' title='bbox 451 578 613 661; x_wconf 88' lang='lat' dir='ltr'>profectas</span> <span class='ocrx_word' id='word_1_43' title='bbox 634 597 706 643; x_wconf 87' lang='lat' dir='ltr'>esse</span> <span class='ocrx_word' id='word_1_44' title='bbox 727 575 839 658; x_wconf 92' lang='lat' dir='ltr'>liquet.</span> <span class='ocrx_word' id='word_1_45' title='bbox 873 572 1058 639; x_wconf 76' lang='lat' dir='ltr'>Chaldaeos</span> <span class='ocrx_word' id='word_1_46' title='bbox 1080 564 1196 656; x_wconf 92' lang='lat' dir='ltr'>impel-</span> <span class='ocrx_word' id='word_1_47' title='bbox 1245 575 1397 658; x_wconf 89' lang='lat' dir='ltr'>exposita</span> <span class='ocrx_word' id='word_1_48' title='bbox 1418 574 1579 653; x_wconf 90' lang='lat' dir='ltr'>omnibus,</span> <span class='ocrx_word' id='word_1_49' title='bbox 1603 577 1632 640; x_wconf 86' lang='lat' dir='ltr'>si</span> <span class='ocrx_word' id='word_1_50' title='bbox 1649 573 1690 640; x_wconf 90' lang='lat' dir='ltr'>ad</span> <span class='ocrx_word' id='word_1_51' title='bbox 1708 572 1939 657; x_wconf 89' lang='lat' dir='ltr'>praestandum</span> <span class='ocrx_word' id='word_1_52' title='bbox 1962 571 2049 656; x_wconf 92' lang='lat' dir='ltr'>quod</span> <span class='ocrx_word' id='word_1_53' title='bbox 2059 573 2153 638; x_wconf 89' lang='lat' dir='ltr'>Deus</span> <span class='ocrx_word' id='word_1_54' title='bbox 2170 572 2221 638; x_wconf 92' lang='lat' dir='ltr'>iu·</span> 
     </span>
     <span class='ocr_line' id='line_1_5' title="bbox 218 658 2222 746; baseline -0.003 -16"><span class='ocrx_word' id='word_1_55' title='bbox 218 666 258 731; x_wconf 92' lang='lat' dir='ltr'>lit</span> <span class='ocrx_word' id='word_1_56' title='bbox 286 686 346 730; x_wconf 89' lang='lat' dir='ltr'>sua</span> <span class='ocrx_word' id='word_1_57' title='bbox 373 663 509 730; x_wconf 80' lang='lat' dir='ltr'>ambitio</span> <span class='ocrx_word' id='word_1_58' title='bbox 535 660 783 746; x_wconf 77' lang='lat' dir='ltr'>praedandique</span> <span class='ocrx_word' id='word_1_59' title='bbox 810 660 987 743; x_wconf 78' lang='lat' dir='ltr'>cupiditas,</span> <span class='ocrx_word' id='word_1_60' title='bbox 1019 668 1056 724; x_wconf 97' lang='grc' dir='ltr'>ιιι</span> <span class='ocrx_word' id='word_1_61' title='bbox 1084 660 1196 743; x_wconf 91' lang='lat' dir='ltr'>aequi·</span> <span class='ocrx_word' id='word_1_62' title='bbox 1248 661 1314 736; x_wconf 89' lang='lat' dir='ltr'>bet,</span> <span class='ocrx_word' id='word_1_63' title='bbox 1337 661 1423 726; x_wconf 86' lang='lat' dir='ltr'>vires</span> <span class='ocrx_word' id='word_1_64' title='bbox 1445 659 1537 725; x_wconf 91' lang='lat' dir='ltr'>nobis</span> <span class='ocrx_word' id='word_1_65' title='bbox 1559 666 1781 744; x_wconf 78' lang='lat' dir='ltr'><strong>suppeterent.</strong></span> <span class='ocrx_word' id='word_1_66' title='bbox 1831 659 1934 742; x_wconf 82' lang='lat' dir='ltr'>Atqui</span> <span class='ocrx_word' id='word_1_67' title='bbox 1956 658 2081 724; x_wconf 91' lang='lat' dir='ltr'>Paulus</span> <span class='ocrx_word' id='word_1_68' title='bbox 2103 659 2222 742; x_wconf 89' lang='lat' dir='ltr'>impos·</span> 
     </span>
     <span class='ocr_line' id='line_1_6' title="bbox 217 745 2222 832; baseline -0.002 -17"><span class='ocrx_word' id='word_1_69' title='bbox 217 750 298 816; x_wconf 89' lang='lat' dir='ltr'>tatis</span> <span class='ocrx_word' id='word_1_70' title='bbox 318 750 411 815; x_wconf 90' lang='lat' dir='ltr'>obliti</span> <span class='ocrx_word' id='word_1_71' title='bbox 441 769 499 832; x_wconf 90' lang='lat' dir='ltr'>per</span> <span class='ocrx_word' id='word_1_72' title='bbox 525 750 658 832; x_wconf 89' lang='lat' dir='ltr'>rapinas</span> <span class='ocrx_word' id='word_1_73' title='bbox 686 756 719 814; x_wconf 87' lang='lat' dir='ltr'>et</span> <span class='ocrx_word' id='word_1_74' title='bbox 747 755 874 831; x_wconf 89' lang='lat' dir='ltr'>strages</span> <span class='ocrx_word' id='word_1_75' title='bbox 896 745 1082 814; x_wconf 81' lang='lat' dir='ltr'>immaniter</span> <span class='ocrx_word' id='word_1_76' title='bbox 1104 766 1196 829; x_wconf 84' lang='lat' dir='ltr'>gras·</span> <span class='ocrx_word' id='word_1_77' title='bbox 1249 745 1342 811; x_wconf 89' lang='lat' dir='ltr'>sibile</span> <span class='ocrx_word' id='word_1_78' title='bbox 1365 746 1464 811; x_wconf 89' lang='lat' dir='ltr'>fuisse</span> <span class='ocrx_word' id='word_1_79' title='bbox 1486 751 1693 829; x_wconf 79' lang='lat' dir='ltr'>pronunciat,</span> <span class='ocrx_word' id='word_1_80' title='bbox 1717 750 1792 826; x_wconf 78' lang='lat' dir='ltr'>[pag.</span> <span class='ocrx_word' id='word_1_81' title='bbox 1808 750 1881 824; x_wconf 84' lang='lat'>104]</span> <span class='ocrx_word' id='word_1_82' title='bbox 1903 745 2062 812; x_wconf 90' lang='lat' dir='ltr'>iustitiam</span> <span class='ocrx_word' id='word_1_83' title='bbox 2084 767 2127 809; x_wconf 87' lang='lat' dir='ltr'>ex</span> <span class='ocrx_word' id='word_1_84' title='bbox 2149 745 2222 828; x_wconf 85' lang='lat' dir='ltr'>lege</span> 
     </span>
     <span class='ocr_line' id='line_1_7' title="bbox 219 830 2222 917; baseline -0.004 -14"><span class='ocrx_word' id='word_1_85' title='bbox 219 847 349 904; x_wconf 83' lang='lat' dir='ltr'>santur:</span> <span class='ocrx_word' id='word_1_86' title='bbox 385 839 554 915; x_wconf 68' lang='lat' dir='ltr'>[pratel]</span> <span class='ocrx_word' id='word_1_87' title='bbox 582 832 641 899; x_wconf 89' lang='lat' dir='ltr'>sed</span> <span class='ocrx_word' id='word_1_88' title='bbox 669 833 748 917; x_wconf 90' lang='lat' dir='ltr'>quia</span> <span class='ocrx_word' id='word_1_89' title='bbox 769 832 842 898; x_wconf 92' lang='lat' dir='ltr'>Deo</span> <span class='ocrx_word' id='word_1_90' title='bbox 869 832 1017 915; x_wconf 91' lang='lat' dir='ltr'>placebat</span> <span class='ocrx_word' id='word_1_91' title='bbox 1046 853 1103 913; x_wconf 90' lang='lat' dir='ltr'>per</span> <span class='ocrx_word' id='word_1_92' title='bbox 1125 830 1197 896; x_wconf 89' lang='lat' dir='ltr'>illo-</span> <span class='ocrx_word' id='word_1_93' title='bbox 1246 833 1410 914; x_wconf 78' lang='lat' dir='ltr'>,consequi</span> <span class='ocrx_word' id='word_1_94' title='bbox 1469 830 1557 912; x_wconf 80' lang='lat' dir='ltr'>Quid</span> <span class='ocrx_word' id='word_1_95' title='bbox 1586 832 1645 896; x_wconf 91' lang='lat' dir='ltr'>tibi</span> <span class='ocrx_word' id='word_1_96' title='bbox 1673 832 1776 916; x_wconf 85' lang='lat' dir='ltr'>igitur</span> <span class='ocrx_word' id='word_1_97' title='bbox 1802 831 1838 896; x_wconf 92' lang='lat' dir='ltr'>in</span> <span class='ocrx_word' id='word_1_98' title='bbox 1867 831 1929 896; x_wconf 90' lang='lat' dir='ltr'>hac</span> <span class='ocrx_word' id='word_1_99' title='bbox 1957 851 1993 894; x_wconf 92' lang='lat' dir='ltr'>re</span> <span class='ocrx_word' id='word_1_100' title='bbox 2020 831 2143 914; x_wconf 83' lang='lat' dir='ltr'>negotii</span> <span class='ocrx_word' id='word_1_101' title='bbox 2171 837 2222 896; x_wconf 91' lang='lat' dir='ltr'>est</span> 
     </span>
     <span class='ocr_line' id='line_1_8' title="bbox 218 915 2221 1003; baseline -0.002 -16"><span class='ocrx_word' id='word_1_102' title='bbox 218 944 294 987; x_wconf 89' lang='lat' dir='ltr'>rum</span> <span class='ocrx_word' id='word_1_103' title='bbox 322 942 441 986; x_wconf 88' lang='lat' dir='ltr'>manus</span> <span class='ocrx_word' id='word_1_104' title='bbox 468 919 633 986; x_wconf 87' lang='lat' dir='ltr'>Moabitas</span> <span class='ocrx_word' id='word_1_105' title='bbox 667 920 799 1003; x_wconf 89' lang='lat' dir='ltr'>punire,</span> <span class='ocrx_word' id='word_1_106' title='bbox 833 939 898 984; x_wconf 90' lang='lat' dir='ltr'>uon</span> <span class='ocrx_word' id='word_1_107' title='bbox 928 916 1054 983; x_wconf 87' lang='lat' dir='ltr'>obstitit</span> <span class='ocrx_word' id='word_1_108' title='bbox 1082 937 1197 981; x_wconf 89' lang='lat' dir='ltr'>eorum</span> <span class='ocrx_word' id='word_1_109' title='bbox 1249 938 1324 982; x_wconf 91' lang='lat' dir='ltr'>cum</span> <span class='ocrx_word' id='word_1_110' title='bbox 1347 917 1506 983; x_wconf 79' lang='lat' dir='ltr'>Calvino?</span> <span class='ocrx_word' id='word_1_111' title='bbox 1552 915 1590 983; x_wconf 84' lang='lat' dir='ltr'>Si</span> <span class='ocrx_word' id='word_1_112' title='bbox 1611 918 1795 985; x_wconf 89' lang='lat' dir='ltr'>necessario</span> <span class='ocrx_word' id='word_1_113' title='bbox 1821 917 1955 993; x_wconf 89' lang='lat' dir='ltr'>furaris,</span> <span class='ocrx_word' id='word_1_114' title='bbox 1984 924 2079 999; x_wconf 89' lang='lat' dir='ltr'>putas</span> <span class='ocrx_word' id='word_1_115' title='bbox 2101 924 2133 981; x_wconf 91' lang='lat' dir='ltr'>te</span> <span class='ocrx_word' id='word_1_116' title='bbox 2155 937 2221 993; x_wconf 90' lang='lat' dir='ltr'>non</span> 
     </span>
     <span class='ocr_line' id='line_1_9' title="bbox 220 1001 2223 1091; baseline -0.002 -19"><span class='ocrx_word' id='word_1_117' title='bbox 220 1008 381 1091; x_wconf 89' lang='lat' dir='ltr'>pravitas,</span> <span class='ocrx_word' id='word_1_118' title='bbox 419 1007 597 1090; x_wconf 80' lang='lat' dir='ltr'>quominus</span> <span class='ocrx_word' id='word_1_119' title='bbox 628 1006 804 1087; x_wconf 86' lang='lat' dir='ltr'>exaequati</span> <span class='ocrx_word' id='word_1_120' title='bbox 832 1006 900 1069; x_wconf 91' lang='lat' dir='ltr'>sint</span> <span class='ocrx_word' id='word_1_121' title='bbox 931 1001 995 1067; x_wconf 91' lang='lat' dir='ltr'>Dei</span> <span class='ocrx_word' id='word_1_122' title='bbox 1029 1002 1195 1068; x_wconf 90' lang='lat' dir='ltr'>iudicium.</span> <span class='ocrx_word' id='word_1_123' title='bbox 1248 1004 1358 1069; x_wconf 88' lang='lat' dir='ltr'>minue</span> <span class='ocrx_word' id='word_1_124' title='bbox 1379 1002 1599 1081; x_wconf 84' lang='lat' dir='ltr'>excusabilem</span> <span class='ocrx_word' id='word_1_125' title='bbox 1620 1026 1691 1069; x_wconf 88' lang='lat' dir='ltr'>esse</span> <span class='ocrx_word' id='word_1_126' title='bbox 1713 1003 1981 1087; x_wconf 88' lang='lat' dir='ltr'>datepraeeepte,</span> <span class='ocrx_word' id='word_1_127' title='bbox 2004 1022 2102 1085; x_wconf 90' lang='lat' dir='ltr'>quam</span> <span class='ocrx_word' id='word_1_128' title='bbox 2124 1010 2223 1068; x_wconf 90' lang='lat' dir='ltr'>antea</span> 
     </span>
     <span class='ocr_line' id='line_1_10' title="bbox 218 1088 2221 1174; baseline -0.003 -15"><span class='ocrx_word' id='word_1_129' title='bbox 218 1095 285 1160; x_wconf 89' lang='lat' dir='ltr'>Hic</span> <span class='ocrx_word' id='word_1_130' title='bbox 313 1105 350 1157; x_wconf 90' lang='lat' dir='ltr'>tn</span> <span class='ocrx_word' id='word_1_131' title='bbox 373 1092 465 1157; x_wconf 91' lang='lat' dir='ltr'>canis</span> <span class='ocrx_word' id='word_1_132' title='bbox 493 1091 655 1170; x_wconf 82' lang='lat' dir='ltr'>oblatras,</span> <span class='ocrx_word' id='word_1_133' title='bbox 683 1091 886 1174; x_wconf 83' lang='lat' dir='ltr'>impietatem</span> <span class='ocrx_word' id='word_1_134' title='bbox 915 1090 1018 1173; x_wconf 86' lang='lat' dir='ltr'>igitur</span> <span class='ocrx_word' id='word_1_135' title='bbox 1046 1110 1118 1154; x_wconf 86' lang='lat' dir='ltr'>esse</span> <span class='ocrx_word' id='word_1_136' title='bbox 1140 1088 1196 1153; x_wconf 93' lang='lat' dir='ltr'>bo·</span> <span class='ocrx_word' id='word_1_137' title='bbox 1229 1110 1343 1170; x_wconf 58' lang='lat' dir='ltr'>,esses</span> <span class='ocrx_word' id='word_1_138' title='bbox 1387 1088 1512 1155; x_wconf 90' lang='lat' dir='ltr'>Paulus</span> <span class='ocrx_word' id='word_1_139' title='bbox 1541 1096 1669 1168; x_wconf 87' lang='lat' dir='ltr'>contra,</span> <span class='ocrx_word' id='word_1_140' title='bbox 1697 1090 1753 1156; x_wconf 90' lang='lat' dir='ltr'>ubi</span> <span class='ocrx_word' id='word_1_141' title='bbox 1780 1089 1903 1153; x_wconf 89' lang='lat' dir='ltr'>fatetur</span> <span class='ocrx_word' id='word_1_142' title='bbox 1930 1110 1965 1153; x_wconf 95' lang='lat' dir='ltr'>se</span> <span class='ocrx_word' id='word_1_143' title='bbox 1993 1088 2221 1153; x_wconf 87' lang='lat' dir='ltr'>venundatum</span> 
     </span>
     <span class='ocr_line' id='line_1_11' title="bbox 219 1173 2221 1262; baseline -0.002 -18"><span class='ocrx_word' id='word_1_144' title='bbox 219 1201 314 1244; x_wconf 90' lang='lat' dir='ltr'>num:</span> <span class='ocrx_word' id='word_1_145' title='bbox 345 1178 439 1261; x_wconf 85' lang='lat' dir='ltr'>quasi</span> <span class='ocrx_word' id='word_1_146' title='bbox 460 1177 613 1262; x_wconf 90' lang='lat' dir='ltr'>impietas</span> <span class='ocrx_word' id='word_1_147' title='bbox 640 1177 684 1242; x_wconf 88' lang='lat' dir='ltr'>sit</span> <span class='ocrx_word' id='word_1_148' title='bbox 706 1197 789 1259; x_wconf 91' lang='lat' dir='ltr'>epus</span> <span class='ocrx_word' id='word_1_149' title='bbox 812 1174 891 1251; x_wconf 90' lang='lat' dir='ltr'>Dei,</span> <span class='ocrx_word' id='word_1_150' title='bbox 920 1176 976 1258; x_wconf 93' lang='lat' dir='ltr'>qui</span> <span class='ocrx_word' id='word_1_151' title='bbox 1003 1174 1197 1240; x_wconf 89' lang='lat' dir='ltr'>mirabiliter</span> <span class='ocrx_word' id='word_1_152' title='bbox 1245 1176 1305 1241; x_wconf 89' lang='lat' dir='ltr'>sub</span> <span class='ocrx_word' id='word_1_153' title='bbox 1335 1184 1464 1257; x_wconf 89' lang='lat' dir='ltr'>peccato</span> <span class='ocrx_word' id='word_1_154' title='bbox 1492 1174 1601 1261; x_wconf 86' lang='lat' dir='ltr'>(Rom.</span> <span class='ocrx_word' id='word_1_155' title='bbox 1621 1181 1649 1252; x_wconf 86' lang='grc'>7,</span> <span class='ocrx_word' id='word_1_156' title='bbox 1676 1176 1745 1252; x_wconf 84' lang='grc'><strong>14),</strong></span> <span class='ocrx_word' id='word_1_157' title='bbox 1774 1173 1875 1240; x_wconf 89' lang='lat' dir='ltr'>libere</span> <span class='ocrx_word' id='word_1_158' title='bbox 1904 1184 2014 1239; x_wconf 92' lang='lat' dir='ltr'>tamen</span> <span class='ocrx_word' id='word_1_159' title='bbox 2042 1173 2221 1239; x_wconf 80' lang='grc' dir='ltr'><strong>01111111οι1-</strong></span> 
     </span>
     <span class='ocr_line' id='line_1_12' title="bbox 218 1260 2221 1344; baseline -0.004 -12"><span class='ocrx_word' id='word_1_160' title='bbox 218 1265 343 1332; x_wconf 87' lang='lat' dir='ltr'>scelera</span> <span class='ocrx_word' id='word_1_161' title='bbox 364 1263 598 1329; x_wconf 82' lang='grc'><strong>11011111111111111</strong></span> <span class='ocrx_word' id='word_1_162' title='bbox 626 1263 793 1328; x_wconf 89' lang='lat' dir='ltr'>diversum</span> <span class='ocrx_word' id='word_1_163' title='bbox 821 1281 918 1344; x_wconf 90' lang='lat' dir='ltr'>quam</span> <span class='ocrx_word' id='word_1_164' title='bbox 942 1268 1059 1343; x_wconf 90' lang='lat' dir='ltr'>putent</span> <span class='ocrx_word' id='word_1_165' title='bbox 1086 1262 1196 1339; x_wconf 87' lang='lat' dir='ltr'>finem,</span> <span class='ocrx_word' id='word_1_166' title='bbox 1246 1261 1375 1339; x_wconf 89' lang='lat' dir='ltr'>clamat,</span> <span class='ocrx_word' id='word_1_167' title='bbox 1398 1261 1506 1344; x_wconf 87' lang='lat' dir='ltr'>legem</span> <span class='ocrx_word' id='word_1_168' title='bbox 1523 1261 1606 1325; x_wconf 91' lang='lat' dir='ltr'>iram</span> <span class='ocrx_word' id='word_1_169' title='bbox 1627 1263 1754 1344; x_wconf 90' lang='lat' dir='ltr'>operari</span> <span class='ocrx_word' id='word_1_170' title='bbox 1774 1262 1882 1341; x_wconf 87' lang='lat' dir='ltr'>(Rom.</span> <span class='ocrx_word' id='word_1_171' title='bbox 1901 1266 1935 1339; x_wconf 81' lang='lat'>4,</span> <span class='ocrx_word' id='word_1_172' title='bbox 1954 1260 2016 1340; x_wconf 81' lang='lat' dir='ltr'>la),</span> <span class='ocrx_word' id='word_1_173' title='bbox 2040 1261 2117 1343; x_wconf 93' lang='lat' dir='ltr'>quia</span> <span class='ocrx_word' id='word_1_174' title='bbox 2134 1261 2221 1324; x_wconf 88' lang='lat' dir='ltr'>frus·</span> 
     </span>
     <span class='ocr_line' id='line_1_13' title="bbox 219 1344 2222 1430; baseline -0.004 -14"><span class='ocrx_word' id='word_1_175' title='bbox 219 1349 470 1417; x_wconf 65' lang='lat' dir='ltr'>accommodat</span> <span class='ocrx_word' id='word_1_176' title='bbox 496 1349 570 1413; x_wconf 91' lang='lat' dir='ltr'>Imo</span> <span class='ocrx_word' id='word_1_177' title='bbox 587 1349 756 1416; x_wconf 89' lang='lat' dir='ltr'>libertinos</span> <span class='ocrx_word' id='word_1_178' title='bbox 779 1347 863 1413; x_wconf 90' lang='lat' dir='ltr'>mihi</span> <span class='ocrx_word' id='word_1_179' title='bbox 886 1345 1025 1412; x_wconf 91' lang='lat' dir='ltr'>obiicere</span> <span class='ocrx_word' id='word_1_180' title='bbox 1045 1367 1113 1412; x_wconf 91' lang='lat' dir='ltr'>non</span> <span class='ocrx_word' id='word_1_181' title='bbox 1134 1345 1197 1410; x_wconf 89' lang='lat' dir='ltr'>du-</span> <span class='ocrx_word' id='word_1_182' title='bbox 1246 1354 1299 1411; x_wconf 92' lang='lat' dir='ltr'>tra</span> <span class='ocrx_word' id='word_1_183' title='bbox 1320 1347 1524 1412; x_wconf 75' lang='lat' dir='ltr'>necessitatis</span> <span class='ocrx_word' id='word_1_184' title='bbox 1546 1347 1574 1412; x_wconf 92' lang='lat' dir='ltr'>el</span> <span class='ocrx_word' id='word_1_185' title='bbox 1600 1367 1681 1430; x_wconf 88' lang='lat' dir='ltr'>pens</span> <span class='ocrx_word' id='word_1_186' title='bbox 1703 1345 1908 1424; x_wconf 87' lang='lat' dir='ltr'>obtenditur,</span> <span class='ocrx_word' id='word_1_187' title='bbox 1937 1344 1992 1410; x_wconf 93' lang='lat' dir='ltr'>ubi</span> <span class='ocrx_word' id='word_1_188' title='bbox 2019 1367 2079 1410; x_wconf 90' lang='lat' dir='ltr'>sua</span> <span class='ocrx_word' id='word_1_189' title='bbox 2106 1366 2222 1429; x_wconf 80' lang='lat' dir='ltr'>qnem-</span> 
     </span>
     <span class='ocr_line' id='line_1_14' title="bbox 221 1370 2223 1517; baseline -0.003 -15"><span class='ocrx_word' id='word_1_190' title='bbox 221 1436 316 1512; x_wconf 89' lang='lat' dir='ltr'>bitas,</span> <span class='ocrx_word' id='word_1_191' title='bbox 339 1436 432 1502; x_wconf 88' lang='lat' dir='ltr'>euius</span> <span class='ocrx_word' id='word_1_192' title='bbox 455 1442 563 1500; x_wconf 87' lang='lat' dir='ltr'>sectae</span> <span class='ocrx_word' id='word_1_193' title='bbox 593 1433 709 1500; x_wconf 91' lang='lat' dir='ltr'>deliria</span> <span class='ocrx_word' id='word_1_194' title='bbox 729 1454 790 1517; x_wconf 88' lang='lat' dir='ltr'>ego</span> <span class='ocrx_word' id='word_1_195' title='bbox 812 1453 892 1516; x_wconf 91' lang='lat' dir='ltr'>prae</span> <span class='ocrx_word' id='word_1_196' title='bbox 914 1432 986 1498; x_wconf 90' lang='lat' dir='ltr'>aliis</span> <span class='ocrx_word' id='word_1_197' title='bbox 1008 1431 1135 1510; x_wconf 87' lang='lat' dir='ltr'>detexi,</span> <span class='ocrx_word' id='word_1_198' title='bbox 1165 1440 1198 1496; x_wconf 90' lang='lat' dir='ltr'>et</span> <span class='ocrx_word' id='word_1_199' title='bbox 1250 1443 1312 1515; x_wconf 86' lang='lat' dir='ltr'>que</span> <span class='ocrx_word' id='word_1_200' title='bbox 1325 1433 1524 1498; x_wconf 88' lang='lat' dir='ltr'>conscicntia</span> <span class='ocrx_word' id='word_1_201' title='bbox 1534 1370 1740 1498; x_wconf 81' lang='lat' dir='ltr'>voluntariae</span> <span class='ocrx_word' id='word_1_202' title='bbox 1751 1431 1894 1496; x_wconf 88' lang='lat' dir='ltr'>malitiae</span> <span class='ocrx_word' id='word_1_203' title='bbox 1905 1432 2077 1498; x_wconf 89' lang='lat' dir='ltr'>convincit.</span> <span class='ocrx_word' id='word_1_204' title='bbox 2091 1429 2223 1512; x_wconf 78' lang='lat' dir='ltr'>Quaero</span> 
     </span>
     <span class='ocr_line' id='line_1_15' title="bbox 219 1515 2224 1600; baseline -0.003 -12"><span class='ocrx_word' id='word_1_205' title='bbox 219 1523 378 1600; x_wconf 87' lang='lat' dir='ltr'>refutavi,</span> <span class='ocrx_word' id='word_1_206' title='bbox 416 1529 455 1587; x_wconf 93' lang='lat' dir='ltr'>ut</span> <span class='ocrx_word' id='word_1_207' title='bbox 486 1519 569 1585; x_wconf 91' lang='lat' dir='ltr'>mihi</span> <span class='ocrx_word' id='word_1_208' title='bbox 600 1522 666 1584; x_wconf 88' lang='lat' dir='ltr'>iam</span> <span class='ocrx_word' id='word_1_209' title='bbox 698 1540 784 1586; x_wconf 92' lang='lat' dir='ltr'>nova</span> <span class='ocrx_word' id='word_1_210' title='bbox 824 1517 970 1583; x_wconf 82' lang='lat' dir='ltr'>defensio</span> <span class='ocrx_word' id='word_1_211' title='bbox 1010 1516 1198 1599; x_wconf 90' lang='lat' dir='ltr'>quaerenda</span> <span class='ocrx_word' id='word_1_212' title='bbox 1250 1540 1291 1583; x_wconf 83' lang='lat' dir='ltr'>ex</span> <span class='ocrx_word' id='word_1_213' title='bbox 1314 1526 1362 1597; x_wconf 93' lang='lat' dir='ltr'>te,</span> <span class='ocrx_word' id='word_1_214' title='bbox 1393 1518 1470 1583; x_wconf 89' lang='lat' dir='ltr'>dum</span> <span class='ocrx_word' id='word_1_215' title='bbox 1499 1519 1658 1600; x_wconf 79' lang='lat' dir='ltr'>proximis</span> <span class='ocrx_word' id='word_1_216' title='bbox 1680 1518 1777 1583; x_wconf 90' lang='lat' dir='ltr'>annis</span> <span class='ocrx_word' id='word_1_217' title='bbox 1804 1515 1862 1582; x_wconf 91' lang='lat' dir='ltr'>tibi</span> <span class='ocrx_word' id='word_1_218' title='bbox 1891 1516 2036 1600; x_wconf 88' lang='lat' dir='ltr'>harpago</span> <span class='ocrx_word' id='word_1_219' title='bbox 2062 1518 2097 1582; x_wconf 92' lang='lat' dir='ltr'>in</span> <span class='ocrx_word' id='word_1_220' title='bbox 2121 1539 2224 1582; x_wconf 94' lang='lat' dir='ltr'>manu</span> 
     </span>
     <span class='ocr_line' id='line_1_16' title="bbox 219 1602 2223 1688; baseline -0.003 -15"><span class='ocrx_word' id='word_1_221' title='bbox 219 1627 287 1674; x_wconf 89' lang='lat' dir='ltr'>non</span> <span class='ocrx_word' id='word_1_222' title='bbox 309 1609 361 1673; x_wconf 87' lang='lat' dir='ltr'>sit.</span> <span class='ocrx_word' id='word_1_223' title='bbox 516 1625 518 1628; x_wconf 84' lang='grc'><em>·</em></span> <span class='ocrx_word' id='word_1_224' title='bbox 751 1660 755 1669; x_wconf 92' lang='grc'><em>,</em></span> <span class='ocrx_word' id='word_1_225' title='bbox 839 1608 842 1615; x_wconf 83' lang='grc'><strong><em>’</em></strong></span> <span class='ocrx_word' id='word_1_226' title='bbox 1250 1612 1322 1678; x_wconf 85' lang='lat' dir='ltr'>erat</span> <span class='ocrx_word' id='word_1_227' title='bbox 1343 1602 1385 1668; x_wconf 92' lang='lat' dir='ltr'>ad</span> <span class='ocrx_word' id='word_1_228' title='bbox 1403 1603 1562 1687; x_wconf 90' lang='lat' dir='ltr'>rapienda</span> <span class='ocrx_word' id='word_1_229' title='bbox 1583 1604 1674 1688; x_wconf 90' lang='lat' dir='ltr'>ligna</span> <span class='ocrx_word' id='word_1_230' title='bbox 1694 1605 1814 1687; x_wconf 86' lang='lat' dir='ltr'>quibua</span> <span class='ocrx_word' id='word_1_231' title='bbox 1835 1602 2081 1681; x_wconf 85' lang='lat' dir='ltr'>domumtuam</span> <span class='ocrx_word' id='word_1_232' title='bbox 2103 1602 2223 1669; x_wconf 86' lang='lat' dir='ltr'>ealefa-</span> 
     </span>
     <span class='ocr_line' id='line_1_17' title="bbox 569 1687 2223 1809; baseline -0.003 -51"><span class='ocrx_word' id='word_1_233' title='bbox 569 1729 661 1809; x_wconf 67' lang='lat' dir='ltr'>xm</span> <span class='ocrx_word' id='word_1_234' title='bbox 685 1726 689 1737; x_wconf 56' lang='lat'><strong><em>⁴</em></strong></span> <span class='ocrx_word' id='word_1_235' title='bbox 713 1749 727 1805; x_wconf 57' lang='lat' dir='ltr'><strong>t</strong></span> <span class='ocrx_word' id='word_1_236' title='bbox 747 1739 834 1806; x_wconf 69' lang='lat' dir='ltr'>XIV</span> <span class='ocrx_word' id='word_1_237' title='bbox 1250 1711 1350 1766; x_wconf 88' lang='lat' dir='ltr'>ceres,</span> <span class='ocrx_word' id='word_1_238' title='bbox 1373 1711 1416 1754; x_wconf 92' lang='lat' dir='ltr'>an</span> <span class='ocrx_word' id='word_1_239' title='bbox 1438 1710 1505 1754; x_wconf 92' lang='lat' dir='ltr'>nen</span> <span class='ocrx_word' id='word_1_240' title='bbox 1529 1697 1560 1754; x_wconf 90' lang='lat' dir='ltr'>te</span> <span class='ocrx_word' id='word_1_241' title='bbox 1583 1690 1716 1774; x_wconf 90' lang='lat' dir='ltr'>propria</span> <span class='ocrx_word' id='word_1_242' title='bbox 1738 1689 1888 1754; x_wconf 91' lang='lat' dir='ltr'>veluntas</span> <span class='ocrx_word' id='word_1_243' title='bbox 1905 1688 1949 1753; x_wconf 93' lang='lat' dir='ltr'>ad</span> <span class='ocrx_word' id='word_1_244' title='bbox 1966 1687 2142 1776; x_wconf 87' lang='lat' dir='ltr'>furandum</span> <span class='ocrx_word' id='word_1_245' title='bbox 2160 1689 2223 1753; x_wconf 93' lang='lat' dir='ltr'>im·</span> 
     </span>
    </p>

    <p class='ocr_par' dir='ltr' id='par_1_4' title="bbox 661 1764 2224 1860">
     <span class='ocr_line' id='line_1_18' title="bbox 661 1764 2224 1860; baseline 0 -19"><span class='ocrx_word' id='word_1_246' title='bbox 661 1764 711 1806; x_wconf 81' lang='lat'>‘⁰</span> <span class='ocrx_word' id='word_1_247' title='bbox 760 1817 763 1826; x_wconf 85' lang='lat'><strong>·</strong></span> <span class='ocrx_word' id='word_1_248' title='bbox 836 1791 843 1805; x_wconf 87' lang='lat'><strong>·</strong></span> <span class='ocrx_word' id='word_1_249' title='bbox 893 1814 897 1819; x_wconf 93' lang='lat'><em>·</em></span> <span class='ocrx_word' id='word_1_250' title='bbox 1251 1775 1393 1860; x_wconf 81' lang='lat' dir='ltr'>pulerit?</span> <span class='ocrx_word' id='word_1_251' title='bbox 1407 1777 1431 1858; x_wconf 93' lang='lat'>¹)</span> <span class='ocrx_word' id='word_1_252' title='bbox 1487 1776 1561 1842; x_wconf 77' lang='lat' dir='ltr'>Tibi</span> <span class='ocrx_word' id='word_1_253' title='bbox 1578 1777 1623 1841; x_wconf 46' lang='lat' dir='ltr'>,si</span> <span class='ocrx_word' id='word_1_254' title='bbox 1656 1774 1699 1840; x_wconf 90' lang='lat' dir='ltr'>ad</span> <span class='ocrx_word' id='word_1_255' title='bbox 1730 1777 1848 1844; x_wconf 86' lang='lat' dir='ltr'>iustam</span> <span class='ocrx_word' id='word_1_256' title='bbox 1882 1773 2128 1840; x_wconf 90' lang='lat' dir='ltr'>damnationem</span> <span class='ocrx_word' id='word_1_257' title='bbox 2162 1775 2224 1842; x_wconf 91' lang='lat' dir='ltr'>hoc</span> 
     </span>
    </p>

    <p class='ocr_par' dir='ltr' id='par_1_5' title="bbox 306 1849 2225 1945">
     <span class='ocr_line' id='line_1_19' title="bbox 306 1849 2225 1945; baseline -0.001 -18"><span class='ocrx_word' id='word_1_258' title='bbox 306 1861 397 1944; x_wconf 81' lang='lat' dir='ltr'>Quid</span> <span class='ocrx_word' id='word_1_259' title='bbox 417 1861 476 1927; x_wconf 93' lang='lat' dir='ltr'>tibi</span> <span class='ocrx_word' id='word_1_260' title='bbox 498 1862 534 1926; x_wconf 92' lang='lat' dir='ltr'>in</span> <span class='ocrx_word' id='word_1_261' title='bbox 556 1861 740 1945; x_wconf 93' lang='lat' dir='ltr'>penultimo</span> <span class='ocrx_word' id='word_1_262' title='bbox 773 1860 912 1932; x_wconf 89' lang='lat' dir='ltr'>articulo</span> <span class='ocrx_word' id='word_1_263' title='bbox 934 1860 1019 1925; x_wconf 91' lang='lat' dir='ltr'>velis</span> <span class='ocrx_word' id='word_1_264' title='bbox 1039 1881 1105 1924; x_wconf 92' lang='lat' dir='ltr'>non</span> <span class='ocrx_word' id='word_1_265' title='bbox 1128 1882 1197 1925; x_wconf 93' lang='lat' dir='ltr'>ma·</span> <span class='ocrx_word' id='word_1_266' title='bbox 1251 1883 1354 1926; x_wconf 90' lang='lat' dir='ltr'>unum</span> <span class='ocrx_word' id='word_1_267' title='bbox 1376 1861 1507 1940; x_wconf 84' lang='lat' dir='ltr'>sufficit,</span> <span class='ocrx_word' id='word_1_268' title='bbox 1528 1861 1614 1945; x_wconf 88' lang='lat' dir='ltr'>quod</span> <span class='ocrx_word' id='word_1_269' title='bbox 1636 1863 1742 1928; x_wconf 90' lang='lat' dir='ltr'>sciens</span> <span class='ocrx_word' id='word_1_270' title='bbox 1764 1869 1798 1926; x_wconf 92' lang='lat' dir='ltr'>et</span> <span class='ocrx_word' id='word_1_271' title='bbox 1820 1861 1934 1926; x_wconf 88' lang='lat' dir='ltr'>volens</span> <span class='ocrx_word' id='word_1_272' title='bbox 1951 1869 2046 1943; x_wconf 89' lang='lat' dir='ltr'>turpe</span> <span class='ocrx_word' id='word_1_273' title='bbox 2068 1869 2102 1924; x_wconf 90' lang='lat' dir='ltr'>et</span> <span class='ocrx_word' id='word_1_274' title='bbox 2123 1849 2225 1926; x_wconf 87' lang='lat' dir='ltr'>seele-</span> 
     </span>
    </p>

    <p class='ocr_par' dir='ltr' id='par_1_6' title="bbox 219 1945 2234 3059">
     <span class='ocr_line' id='line_1_20' title="bbox 221 1945 2227 2035; baseline -0.001 -20"><span class='ocrx_word' id='word_1_275' title='bbox 221 1951 272 2035; x_wconf 88' lang='lat' dir='ltr'>gis</span> <span class='ocrx_word' id='word_1_276' title='bbox 294 1970 447 2031; x_wconf 89' lang='lat' dir='ltr'>assequor</span> <span class='ocrx_word' id='word_1_277' title='bbox 468 1968 566 2030; x_wconf 90' lang='lat' dir='ltr'>quam</span> <span class='ocrx_word' id='word_1_278' title='bbox 584 1947 764 2031; x_wconf 86' lang='lat' dir='ltr'>simagicis</span> <span class='ocrx_word' id='word_1_279' title='bbox 786 1948 930 2012; x_wconf 89' lang='lat' dir='ltr'>susurris</span> <span class='ocrx_word' id='word_1_280' title='bbox 953 1967 1070 2011; x_wconf 87' lang='lat' dir='ltr'>sensus</span> <span class='ocrx_word' id='word_1_281' title='bbox 1092 1945 1197 2010; x_wconf 92' lang='lat' dir='ltr'>homi·</span> <span class='ocrx_word' id='word_1_282' title='bbox 1250 1957 1359 2011; x_wconf 88' lang='lat' dir='ltr'>ratum</span> <span class='ocrx_word' id='word_1_283' title='bbox 1382 1947 1510 2013; x_wconf 91' lang='lat' dir='ltr'>lucrum</span> <span class='ocrx_word' id='word_1_284' title='bbox 1533 1970 1573 2012; x_wconf 91' lang='lat' dir='ltr'>ex</span> <span class='ocrx_word' id='word_1_285' title='bbox 1597 1947 1716 2014; x_wconf 91' lang='lat' dir='ltr'>damno</span> <span class='ocrx_word' id='word_1_286' title='bbox 1735 1947 1841 2012; x_wconf 90' lang='lat' dir='ltr'>alieno</span> <span class='ocrx_word' id='word_1_287' title='bbox 1862 1954 1983 2030; x_wconf 88' lang='lat' dir='ltr'>captas,</span> <span class='ocrx_word' id='word_1_288' title='bbox 2006 1945 2166 2029; x_wconf 92' lang='lat' dir='ltr'>quidquid</span> <span class='ocrx_word' id='word_1_289' title='bbox 2185 1946 2227 2012; x_wconf 89' lang='lat' dir='ltr'>de</span> 
     </span>
     <span class='ocr_line' id='line_1_21' title="bbox 219 2030 2228 2117; baseline -0.002 -16"><span class='ocrx_word' id='word_1_290' title='bbox 219 2057 300 2101; x_wconf 92' lang='lat' dir='ltr'>num</span> <span class='ocrx_word' id='word_1_291' title='bbox 334 2035 578 2117; x_wconf 80' lang='lat' dir='ltr'>obstupefacere</span> <span class='ocrx_word' id='word_1_292' title='bbox 618 2033 678 2097; x_wconf 89' lang='lat' dir='ltr'>tibi</span> <span class='ocrx_word' id='word_1_293' title='bbox 716 2033 918 2115; x_wconf 90' lang='lat' dir='ltr'>propositum</span> <span class='ocrx_word' id='word_1_294' title='bbox 958 2042 1051 2098; x_wconf 87' lang='lat' dir='ltr'>esset.</span> <span class='ocrx_word' id='word_1_295' title='bbox 1107 2030 1198 2112; x_wconf 80' lang='lat' dir='ltr'>Quid</span> <span class='ocrx_word' id='word_1_296' title='bbox 1251 2034 1443 2098; x_wconf 86' lang='lat' dir='ltr'>necessitate</span> <span class='ocrx_word' id='word_1_297' title='bbox 1477 2034 1639 2116; x_wconf 86' lang='lat' dir='ltr'>obstrepis</span> <span class='ocrx_word' id='word_1_298' title='bbox 1673 2034 1809 2103; x_wconf 89' lang='lat' dir='ltr'>minime</span> <span class='ocrx_word' id='word_1_299' title='bbox 1843 2042 1876 2096; x_wconf 91' lang='lat' dir='ltr'>tc</span> <span class='ocrx_word' id='word_1_300' title='bbox 1910 2031 2066 2098; x_wconf 86' lang='lat' dir='ltr'>absolvet</span> <span class='ocrx_word' id='word_1_301' title='bbox 2125 2031 2228 2114; x_wconf 75' lang='lat' dir='ltr'>Quod</span> 
     </span>
     <span class='ocr_line' id='line_1_22' title="bbox 219 2117 2234 2203; baseline -0.002 -16"><span class='ocrx_word' id='word_1_302' title='bbox 219 2122 309 2187; x_wconf 93' lang='lat' dir='ltr'>enim</span> <span class='ocrx_word' id='word_1_303' title='bbox 331 2129 386 2188; x_wconf 89' lang='lat' dir='ltr'>est</span> <span class='ocrx_word' id='word_1_304' title='bbox 400 2121 536 2185; x_wconf 89' lang='lat' dir='ltr'>fortuito</span> <span class='ocrx_word' id='word_1_305' title='bbox 559 2117 716 2203; x_wconf 79' lang='lat' dir='ltr'>peceare?</span> <span class='ocrx_word' id='word_1_306' title='bbox 746 2119 871 2198; x_wconf 89' lang='lat' dir='ltr'>etquis</span> <span class='ocrx_word' id='word_1_307' title='bbox 899 2126 1033 2202; x_wconf 89' lang='lat' dir='ltr'>praeter</span> <span class='ocrx_word' id='word_1_308' title='bbox 1062 2125 1094 2182; x_wconf 90' lang='lat' dir='ltr'>te</span> <span class='ocrx_word' id='word_1_309' title='bbox 1117 2118 1197 2183; x_wconf 91' lang='lat' dir='ltr'>haec</span> <span class='ocrx_word' id='word_1_310' title='bbox 1250 2120 1349 2183; x_wconf 92' lang='lat' dir='ltr'>etiam</span> <span class='ocrx_word' id='word_1_311' title='bbox 1372 2118 1491 2198; x_wconf 89' lang='lat' dir='ltr'>obiicis,</span> <span class='ocrx_word' id='word_1_312' title='bbox 1516 2121 1680 2184; x_wconf 91' lang='lat' dir='ltr'>neminem</span> <span class='ocrx_word' id='word_1_313' title='bbox 1703 2120 1767 2184; x_wconf 92' lang='lat' dir='ltr'>nisi</span> <span class='ocrx_word' id='word_1_314' title='bbox 1793 2127 1926 2202; x_wconf 92' lang='lat' dir='ltr'>propter</span> <span class='ocrx_word' id='word_1_315' title='bbox 1948 2119 2073 2185; x_wconf 90' lang='lat' dir='ltr'>facinus</span> <span class='ocrx_word' id='word_1_316' title='bbox 2096 2127 2131 2182; x_wconf 93' lang='lat' dir='ltr'>et</span> <span class='ocrx_word' id='word_1_317' title='bbox 2151 2124 2234 2202; x_wconf 85' lang='lat' dir='ltr'>post</span> 
     </span>
     <span class='ocr_line' id='line_1_23' title="bbox 219 2203 2228 2287; baseline -0.002 -15"><span class='ocrx_word' id='word_1_318' title='bbox 219 2214 368 2272; x_wconf 90' lang='lat' dir='ltr'>monstra</span> <span class='ocrx_word' id='word_1_319' title='bbox 385 2204 580 2271; x_wconf 84' lang='lat' dir='ltr'>fabricavit?</span> <span class='ocrx_word' id='word_1_320' title='bbox 614 2204 696 2269; x_wconf 82' lang='lat' dir='ltr'>Dixi</span> <span class='ocrx_word' id='word_1_321' title='bbox 716 2204 844 2281; x_wconf 81' lang='lat' dir='ltr'>alieubi,</span> <span class='ocrx_word' id='word_1_322' title='bbox 867 2223 951 2286; x_wconf 88' lang='lat' dir='ltr'>quae</span> <span class='ocrx_word' id='word_1_323' title='bbox 968 2204 1101 2269; x_wconf 90' lang='lat' dir='ltr'>fortuite</span> <span class='ocrx_word' id='word_1_324' title='bbox 1119 2224 1197 2268; x_wconf 91' lang='lat' dir='ltr'>con·</span> <span class='ocrx_word' id='word_1_325' title='bbox 1249 2205 1376 2270; x_wconf 90' lang='lat' dir='ltr'>facinus</span> <span class='ocrx_word' id='word_1_326' title='bbox 1397 2205 1482 2269; x_wconf 89' lang='lat' dir='ltr'>iuste</span> <span class='ocrx_word' id='word_1_327' title='bbox 1505 2205 1662 2284; x_wconf 88' lang='lat' dir='ltr'>damnari,</span> <span class='ocrx_word' id='word_1_328' title='bbox 1686 2204 1726 2269; x_wconf 90' lang='lat' dir='ltr'>de</span> <span class='ocrx_word' id='word_1_329' title='bbox 1748 2206 1855 2287; x_wconf 90' lang='lat' dir='ltr'>priore</span> <span class='ocrx_word' id='word_1_330' title='bbox 1877 2203 2076 2270; x_wconf 90' lang='lat' dir='ltr'>tibimeeum</span> <span class='ocrx_word' id='word_1_331' title='bbox 2098 2204 2228 2269; x_wconf 88' lang='grc'><strong>11011011</strong></span> 
     </span>
     <span class='ocr_line' id='line_1_24' title="bbox 220 2287 2228 2376; baseline -0.001 -19"><span class='ocrx_word' id='word_1_332' title='bbox 220 2294 349 2376; x_wconf 81' lang='lat' dir='ltr'>tingere</span> <span class='ocrx_word' id='word_1_333' title='bbox 372 2288 537 2367; x_wconf 89' lang='lat' dir='ltr'>videntur,</span> <span class='ocrx_word' id='word_1_334' title='bbox 560 2288 688 2356; x_wconf 88' lang='lat' dir='ltr'>occulta</span> <span class='ocrx_word' id='word_1_335' title='bbox 698 2290 764 2355; x_wconf 91' lang='lat' dir='ltr'>Dei</span> <span class='ocrx_word' id='word_1_336' title='bbox 786 2288 992 2372; x_wconf 89' lang='lat' dir='ltr'>providentia</span> <span class='ocrx_word' id='word_1_337' title='bbox 1010 2287 1195 2373; x_wconf 87' lang='lat' dir='ltr'>gubernari.</span> <span class='ocrx_word' id='word_1_338' title='bbox 1250 2298 1311 2355; x_wconf 90' lang='lat' dir='ltr'>est:</span> <span class='ocrx_word' id='word_1_339' title='bbox 1341 2290 1471 2373; x_wconf 89' lang='lat' dir='ltr'>quando</span> <span class='ocrx_word' id='word_1_340' title='bbox 1495 2295 1569 2369; x_wconf 81' lang='lat' dir='ltr'>[pag.</span> <span class='ocrx_word' id='word_1_341' title='bbox 1597 2296 1670 2370; x_wconf 83' lang='lat'>105]</span> <span class='ocrx_word' id='word_1_342' title='bbox 1699 2291 1817 2373; x_wconf 91' lang='lat' dir='ltr'>abique</span> <span class='ocrx_word' id='word_1_343' title='bbox 1834 2290 1946 2368; x_wconf 85' lang='lat' dir='ltr'>doceo,</span> <span class='ocrx_word' id='word_1_344' title='bbox 1969 2290 2136 2369; x_wconf 85' lang='lat' dir='ltr'>neminem</span> <span class='ocrx_word' id='word_1_345' title='bbox 2161 2289 2228 2355; x_wconf 91' lang='lat' dir='ltr'>nisi</span> 
     </span>
     <span class='ocr_line' id='line_1_25' title="bbox 220 2374 2225 2459; baseline -0.001 -16"><span class='ocrx_word' id='word_1_346' title='bbox 220 2377 306 2459; x_wconf 79' lang='lat' dir='ltr'>Quis</span> <span class='ocrx_word' id='word_1_347' title='bbox 327 2376 388 2442; x_wconf 92' lang='lat' dir='ltr'>tibi</span> <span class='ocrx_word' id='word_1_348' title='bbox 409 2375 566 2443; x_wconf 89' lang='lat' dir='ltr'>concedet</span> <span class='ocrx_word' id='word_1_349' title='bbox 593 2375 671 2440; x_wconf 93' lang='lat' dir='ltr'>inde</span> <span class='ocrx_word' id='word_1_350' title='bbox 700 2375 853 2458; x_wconf 83' lang='lat' dir='ltr'>colligere</span> <span class='ocrx_word' id='word_1_351' title='bbox 882 2382 1052 2457; x_wconf 89' lang='lat' dir='ltr'>peccatum</span> <span class='ocrx_word' id='word_1_352' title='bbox 1081 2374 1196 2439; x_wconf 91' lang='lat' dir='ltr'>fortui·</span> <span class='ocrx_word' id='word_1_353' title='bbox 1249 2376 1335 2441; x_wconf 90' lang='lat' dir='ltr'>iusto</span> <span class='ocrx_word' id='word_1_354' title='bbox 1364 2377 1428 2442; x_wconf 89' lang='lat' dir='ltr'>Dei</span> <span class='ocrx_word' id='word_1_355' title='bbox 1461 2377 1578 2442; x_wconf 90' lang='lat' dir='ltr'>indicio</span> <span class='ocrx_word' id='word_1_356' title='bbox 1614 2377 1729 2459; x_wconf 87' lang='lat' dir='ltr'>perire.</span> <span class='ocrx_word' id='word_1_357' title='bbox 1786 2375 1982 2459; x_wconf 80' lang='lat' dir='ltr'>Quanquam</span> <span class='ocrx_word' id='word_1_358' title='bbox 2016 2374 2225 2455; x_wconf 87' lang='lat' dir='ltr'>dissimulare</span> 
     </span>
     <span class='ocr_line' id='line_1_26' title="bbox 220 2459 2222 2544; baseline -0.001 -15"><span class='ocrx_word' id='word_1_359' title='bbox 220 2462 314 2529; x_wconf 84' lang='lat' dir='ltr'>tum?</span> <span class='ocrx_word' id='word_1_360' title='bbox 339 2463 410 2527; x_wconf 90' lang='lat' dir='ltr'>Iam</span> <span class='ocrx_word' id='word_1_361' title='bbox 432 2460 519 2544; x_wconf 93' lang='lat' dir='ltr'>quod</span> <span class='ocrx_word' id='word_1_362' title='bbox 542 2459 630 2544; x_wconf 90' lang='lat' dir='ltr'>apud</span> <span class='ocrx_word' id='word_1_363' title='bbox 651 2482 704 2526; x_wconf 93' lang='lat' dir='ltr'>me</span> <span class='ocrx_word' id='word_1_364' title='bbox 725 2460 855 2544; x_wconf 88' lang='lat' dir='ltr'>legitur,</span> <span class='ocrx_word' id='word_1_365' title='bbox 879 2482 922 2525; x_wconf 94' lang='lat' dir='ltr'>an</span> <span class='ocrx_word' id='word_1_366' title='bbox 943 2483 986 2526; x_wconf 85' lang='lat' dir='ltr'>ex</span> <span class='ocrx_word' id='word_1_367' title='bbox 1006 2482 1059 2525; x_wconf 91' lang='lat' dir='ltr'>me</span> <span class='ocrx_word' id='word_1_368' title='bbox 1081 2469 1197 2526; x_wconf 90' lang='lat' dir='ltr'>natum</span> <span class='ocrx_word' id='word_1_369' title='bbox 1249 2483 1314 2526; x_wconf 93' lang='lat' dir='ltr'>non</span> <span class='ocrx_word' id='word_1_370' title='bbox 1336 2462 1413 2528; x_wconf 89' lang='lat' dir='ltr'>licet</span> <span class='ocrx_word' id='word_1_371' title='bbox 1432 2462 1565 2528; x_wconf 85' lang='lat' dir='ltr'>subesse</span> <span class='ocrx_word' id='word_1_372' title='bbox 1586 2461 1623 2526; x_wconf 92' lang='lat' dir='ltr'>in</span> <span class='ocrx_word' id='word_1_373' title='bbox 1645 2462 1711 2528; x_wconf 91' lang='lat' dir='ltr'>tuis</span> <span class='ocrx_word' id='word_1_374' title='bbox 1733 2462 1841 2527; x_wconf 91' lang='lat' dir='ltr'>verbis</span> <span class='ocrx_word' id='word_1_375' title='bbox 1859 2460 2022 2527; x_wconf 91' lang='lat' dir='ltr'>occultum</span> <span class='ocrx_word' id='word_1_376' title='bbox 2044 2482 2222 2527; x_wconf 91' lang='lat' dir='ltr'>venenum:</span> 
     </span>
     <span class='ocr_line' id='line_1_27' title="bbox 221 2544 2224 2631; baseline 0.001 -19"><span class='ocrx_word' id='word_1_377' title='bbox 221 2555 297 2628; x_wconf 81' lang='lat' dir='ltr'>[pag.</span> <span class='ocrx_word' id='word_1_378' title='bbox 320 2553 394 2627; x_wconf 85' lang='lat'>102]</span> <span class='ocrx_word' id='word_1_379' title='bbox 416 2556 475 2626; x_wconf 75' lang='lat' dir='ltr'>est,</span> <span class='ocrx_word' id='word_1_380' title='bbox 497 2567 536 2612; x_wconf 88' lang='lat' dir='ltr'>ac</span> <span class='ocrx_word' id='word_1_381' title='bbox 551 2551 624 2612; x_wconf 67' lang='lat' dir='ltr'>&#39;nen</span> <span class='ocrx_word' id='word_1_382' title='bbox 645 2546 754 2630; x_wconf 89' lang='lat' dir='ltr'>potius</span> <span class='ocrx_word' id='word_1_383' title='bbox 771 2544 882 2611; x_wconf 88' lang='lat' dir='ltr'>Deum</span> <span class='ocrx_word' id='word_1_384' title='bbox 905 2546 1004 2616; x_wconf 90' lang='lat' dir='ltr'>habet</span> <span class='ocrx_word' id='word_1_385' title='bbox 1025 2546 1195 2611; x_wconf 83' lang='lat' dir='ltr'>autorem?</span> <span class='ocrx_word' id='word_1_386' title='bbox 1248 2549 1326 2630; x_wconf 90' lang='lat' dir='ltr'>quia</span> <span class='ocrx_word' id='word_1_387' title='bbox 1347 2548 1376 2613; x_wconf 93' lang='lat' dir='ltr'>si</span> <span class='ocrx_word' id='word_1_388' title='bbox 1397 2547 1583 2612; x_wconf 90' lang='lat' dir='ltr'>admittitur</span> <span class='ocrx_word' id='word_1_389' title='bbox 1605 2547 1784 2613; x_wconf 86' lang='lat' dir='ltr'>similitudo</span> <span class='ocrx_word' id='word_1_390' title='bbox 1806 2569 1904 2630; x_wconf 85' lang='lat' dir='ltr'>quam</span> <span class='ocrx_word' id='word_1_391' title='bbox 1924 2548 2095 2631; x_wconf 91' lang='lat' dir='ltr'>proponis,</span> <span class='ocrx_word' id='word_1_392' title='bbox 2124 2549 2224 2614; x_wconf 83' lang='lat' dir='ltr'>inius-</span> 
     </span>
     <span class='ocr_line' id='line_1_28' title="bbox 221 2630 2224 2717; baseline -0.001 -16"><span class='ocrx_word' id='word_1_393' title='bbox 221 2635 261 2701; x_wconf 79' lang='lat' dir='ltr'>Si</span> <span class='ocrx_word' id='word_1_394' title='bbox 283 2635 338 2698; x_wconf 92' lang='lat' dir='ltr'>cui</span> <span class='ocrx_word' id='word_1_395' title='bbox 359 2654 468 2697; x_wconf 89' lang='lat' dir='ltr'>ramos</span> <span class='ocrx_word' id='word_1_396' title='bbox 492 2632 618 2698; x_wconf 90' lang='lat' dir='ltr'>arboris</span> <span class='ocrx_word' id='word_1_397' title='bbox 631 2630 778 2700; x_wconf 84' lang='lat' dir='ltr'>caedenti</span> <span class='ocrx_word' id='word_1_398' title='bbox 798 2631 894 2698; x_wconf 91' lang='lat' dir='ltr'>cadat</span> <span class='ocrx_word' id='word_1_399' title='bbox 916 2632 1048 2711; x_wconf 89' lang='lat' dir='ltr'>securis,</span> <span class='ocrx_word' id='word_1_400' title='bbox 1068 2639 1101 2697; x_wconf 91' lang='lat' dir='ltr'>et</span> <span class='ocrx_word' id='word_1_401' title='bbox 1123 2632 1195 2698; x_wconf 93' lang='lat' dir='ltr'>vul·</span> <span class='ocrx_word' id='word_1_402' title='bbox 1250 2645 1304 2698; x_wconf 90' lang='lat' dir='ltr'>tus</span> <span class='ocrx_word' id='word_1_403' title='bbox 1326 2633 1390 2698; x_wconf 89' lang='lat' dir='ltr'>erit</span> <span class='ocrx_word' id='word_1_404' title='bbox 1411 2633 1517 2710; x_wconf 92' lang='lat' dir='ltr'>Deus,</span> <span class='ocrx_word' id='word_1_405' title='bbox 1546 2635 1602 2717; x_wconf 92' lang='lat' dir='ltr'>qui</span> <span class='ocrx_word' id='word_1_406' title='bbox 1624 2643 1717 2698; x_wconf 88' lang='lat' dir='ltr'>reatu</span> <span class='ocrx_word' id='word_1_407' title='bbox 1746 2633 1917 2716; x_wconf 85' lang='lat' dir='ltr'>originalis</span> <span class='ocrx_word' id='word_1_408' title='bbox 1938 2635 2061 2716; x_wconf 89' lang='lat' dir='ltr'>peccat-i</span> <span class='ocrx_word' id='word_1_409' title='bbox 2084 2632 2224 2699; x_wconf 90' lang='lat' dir='ltr'>involvit</span> 
     </span>
     <span class='ocr_line' id='line_1_29' title="bbox 221 2717 2223 2803; baseline 0 -19"><span class='ocrx_word' id='word_1_410' title='bbox 221 2726 315 2785; x_wconf 90' lang='lat' dir='ltr'>neret</span> <span class='ocrx_word' id='word_1_411' title='bbox 338 2726 435 2802; x_wconf 93' lang='lat' dir='ltr'>caput</span> <span class='ocrx_word' id='word_1_412' title='bbox 453 2717 667 2797; x_wconf 89' lang='lat' dir='ltr'>transeuntis,</span> <span class='ocrx_word' id='word_1_413' title='bbox 690 2717 752 2782; x_wconf 92' lang='lat' dir='ltr'>hoc</span> <span class='ocrx_word' id='word_1_414' title='bbox 774 2726 810 2782; x_wconf 91' lang='lat' dir='ltr'>tu</span> <span class='ocrx_word' id='word_1_415' title='bbox 820 2719 967 2784; x_wconf 91' lang='lat' dir='ltr'>censebis</span> <span class='ocrx_word' id='word_1_416' title='bbox 990 2739 1060 2784; x_wconf 89' lang='lat' dir='ltr'>esse</span> <span class='ocrx_word' id='word_1_417' title='bbox 1081 2719 1197 2784; x_wconf 93' lang='lat' dir='ltr'>fortui·</span> <span class='ocrx_word' id='word_1_418' title='bbox 1250 2727 1357 2783; x_wconf 91' lang='lat' dir='ltr'>totum</span> <span class='ocrx_word' id='word_1_419' title='bbox 1379 2740 1483 2802; x_wconf 87' lang='lat' dir='ltr'>genus</span> <span class='ocrx_word' id='word_1_420' title='bbox 1506 2718 1668 2788; x_wconf 84' lang='lat' dir='ltr'>Abrahae.</span> <span class='ocrx_word' id='word_1_421' title='bbox 1700 2720 1812 2803; x_wconf 80' lang='lat' dir='ltr'>Negas</span> <span class='ocrx_word' id='word_1_422' title='bbox 1833 2720 1906 2787; x_wconf 90' lang='lat' dir='ltr'>Deo</span> <span class='ocrx_word' id='word_1_423' title='bbox 1928 2719 2025 2799; x_wconf 83' lang='lat' dir='ltr'>licere</span> <span class='ocrx_word' id='word_1_424' title='bbox 2047 2719 2112 2783; x_wconf 89' lang='lat' dir='ltr'>nisi</span> <span class='ocrx_word' id='word_1_425' title='bbox 2129 2740 2223 2802; x_wconf 90' lang='lat' dir='ltr'>prop-</span> 
     </span>
     <span class='ocr_line' id='line_1_30' title="bbox 220 2803 2224 2889; baseline -0.001 -19"><span class='ocrx_word' id='word_1_426' title='bbox 220 2803 315 2872; x_wconf 78' lang='lat' dir='ltr'>tamt</span> <span class='ocrx_word' id='word_1_427' title='bbox 364 2804 469 2887; x_wconf 85' lang='lat' dir='ltr'>Atqui</span> <span class='ocrx_word' id='word_1_428' title='bbox 496 2805 634 2886; x_wconf 91' lang='lat' dir='ltr'>spiritus</span> <span class='ocrx_word' id='word_1_429' title='bbox 660 2811 792 2869; x_wconf 87' lang='lat' dir='ltr'>sanctus</span> <span class='ocrx_word' id='word_1_430' title='bbox 822 2825 880 2886; x_wconf 92' lang='lat' dir='ltr'>per</span> <span class='ocrx_word' id='word_1_431' title='bbox 902 2805 1029 2870; x_wconf 88' lang='lat' dir='ltr'>Mosam</span> <span class='ocrx_word' id='word_1_432' title='bbox 1052 2825 1196 2887; x_wconf 92' lang='lat' dir='ltr'>pronun·</span> <span class='ocrx_word' id='word_1_433' title='bbox 1251 2811 1302 2882; x_wconf 81' lang='lat' dir='ltr'>ter</span> <span class='ocrx_word' id='word_1_434' title='bbox 1324 2806 1451 2870; x_wconf 91' lang='lat' dir='ltr'>facinus</span> <span class='ocrx_word' id='word_1_435' title='bbox 1473 2805 1628 2870; x_wconf 88' lang='lat' dir='ltr'>damnare</span> <span class='ocrx_word' id='word_1_436' title='bbox 1650 2826 1835 2888; x_wconf 88' lang='lat' dir='ltr'>quenquam</span> <span class='ocrx_word' id='word_1_437' title='bbox 1857 2805 2054 2889; x_wconf 81' lang='lat' dir='ltr'>mortalium.</span> <span class='ocrx_word' id='word_1_438' title='bbox 2090 2805 2224 2870; x_wconf 76' lang='lat' dir='ltr'>Tollun-</span> 
     </span>
     <span class='ocr_line' id='line_1_31' title="bbox 221 2889 2225 2958; baseline 0 -1"><span class='ocrx_word' id='word_1_439' title='bbox 221 2892 287 2958; x_wconf 89' lang='lat' dir='ltr'>eiat</span> <span class='ocrx_word' id='word_1_440' title='bbox 310 2889 596 2957; x_wconf 84' lang='lat' dir='ltr'>hominemillum</span> <span class='ocrx_word' id='word_1_441' title='bbox 617 2890 727 2954; x_wconf 91' lang='lat' dir='ltr'>aDeo</span> <span class='ocrx_word' id='word_1_442' title='bbox 745 2891 887 2955; x_wconf 87' lang='lat' dir='ltr'>occisum</span> <span class='ocrx_word' id='word_1_443' title='bbox 909 2910 1011 2958; x_wconf 79' lang='lat' dir='ltr'>essa,</span> <span class='ocrx_word' id='word_1_444' title='bbox 1034 2892 1090 2954; x_wconf 89' lang='lat' dir='ltr'>An</span> <span class='ocrx_word' id='word_1_445' title='bbox 1110 2890 1197 2956; x_wconf 88' lang='lat' dir='ltr'>dices</span> <span class='ocrx_word' id='word_1_446' title='bbox 1251 2898 1307 2955; x_wconf 93' lang='lat' dir='ltr'>tur</span> <span class='ocrx_word' id='word_1_447' title='bbox 1328 2912 1346 2956; x_wconf 90' lang='lat' dir='ltr'>e</span> <span class='ocrx_word' id='word_1_448' title='bbox 1368 2892 1437 2956; x_wconf 90' lang='lat' dir='ltr'>vita</span> <span class='ocrx_word' id='word_1_449' title='bbox 1458 2891 1624 2956; x_wconf 85' lang='lat' dir='ltr'>innumeri</span> <span class='ocrx_word' id='word_1_450' title='bbox 1651 2891 1760 2958; x_wconf 89' lang='lat' dir='ltr'>adhuc</span> <span class='ocrx_word' id='word_1_451' title='bbox 1787 2892 1938 2956; x_wconf 87' lang='lat' dir='ltr'>infantes.</span> <span class='ocrx_word' id='word_1_452' title='bbox 1987 2892 2116 2956; x_wconf 80' lang='lat' dir='ltr'>Exsere</span> <span class='ocrx_word' id='word_1_453' title='bbox 2139 2912 2225 2957; x_wconf 91' lang='lat' dir='ltr'>nunc</span> 
     </span>
     <span class='ocr_line' id='line_1_32' title="bbox 219 2973 2226 3059; baseline 0 -18"><span class='ocrx_word' id='word_1_454' title='bbox 219 2974 332 3041; x_wconf 91' lang='lat' dir='ltr'>Deum</span> <span class='ocrx_word' id='word_1_455' title='bbox 353 2976 458 3041; x_wconf 89' lang='lat' dir='ltr'>instar</span> <span class='ocrx_word' id='word_1_456' title='bbox 479 2973 562 3041; x_wconf 89' lang='lat' dir='ltr'>ebrii</span> <span class='ocrx_word' id='word_1_457' title='bbox 579 2975 780 3042; x_wconf 88' lang='lat' dir='ltr'>temerehuc</span> <span class='ocrx_word' id='word_1_458' title='bbox 801 2983 836 3040; x_wconf 92' lang='lat' dir='ltr'>et</span> <span class='ocrx_word' id='word_1_459' title='bbox 856 2974 935 3040; x_wconf 91' lang='lat' dir='ltr'>illuc</span> <span class='ocrx_word' id='word_1_460' title='bbox 957 2976 1079 3058; x_wconf 89' lang='lat' dir='ltr'>absque</span> <span class='ocrx_word' id='word_1_461' title='bbox 1097 2997 1197 3041; x_wconf 91' lang='lat' dir='ltr'>sensu</span> <span class='ocrx_word' id='word_1_462' title='bbox 1252 2987 1343 3044; x_wconf 89' lang='lat' dir='ltr'>tuam</span> <span class='ocrx_word' id='word_1_463' title='bbox 1365 2977 1577 3044; x_wconf 82' lang='lat' dir='ltr'>virulentiam</span> <span class='ocrx_word' id='word_1_464' title='bbox 1594 2987 1709 3043; x_wconf 86' lang='lat' dir='ltr'>eontra</span> <span class='ocrx_word' id='word_1_465' title='bbox 1725 2976 1844 3055; x_wconf 89' lang='lat' dir='ltr'>Deum,</span> <span class='ocrx_word' id='word_1_466' title='bbox 1868 2977 1923 3059; x_wconf 94' lang='lat' dir='ltr'>qui</span> <span class='ocrx_word' id='word_1_467' title='bbox 1944 2977 2097 3048; x_wconf 86' lang='lat' dir='ltr'>innoxios</span> <span class='ocrx_word' id='word_1_468' title='bbox 2119 2977 2226 3041; x_wconf 87' lang='lat' dir='ltr'>foetus</span> 
     </span>
    </p>
   </div>
   <div class='ocr_carea' id='block_1_4' title="bbox 107 3059 2226 3144">
    <p class='ocr_par' dir='ltr' id='par_1_7' title="bbox 107 3059 2226 3144">
     <span class='ocr_line' id='line_1_33' title="bbox 107 3059 2226 3144; baseline -0.001 -16"><span class='ocrx_word' id='word_1_469' title='bbox 107 3059 109 3068; x_wconf 55' lang='lat'><em>¹</em></span> <span class='ocrx_word' id='word_1_470' title='bbox 220 3064 305 3129; x_wconf 89' lang='lat' dir='ltr'>ictus</span> <span class='ocrx_word' id='word_1_471' title='bbox 332 3082 409 3127; x_wconf 89' lang='lat' dir='ltr'>sues</span> <span class='ocrx_word' id='word_1_472' title='bbox 437 3060 617 3144; x_wconf 83' lang='lat' dir='ltr'>proiicere?</span> <span class='ocrx_word' id='word_1_473' title='bbox 670 3059 770 3141; x_wconf 80' lang='lat' dir='ltr'>Quod</span> <span class='ocrx_word' id='word_1_474' title='bbox 797 3061 824 3125; x_wconf 90' lang='lat' dir='ltr'>si</span> <span class='ocrx_word' id='word_1_475' title='bbox 853 3060 974 3144; x_wconf 87' lang='lat' dir='ltr'>absque</span> <span class='ocrx_word' id='word_1_476' title='bbox 1002 3061 1066 3126; x_wconf 93' lang='lat' dir='ltr'>Dei</span> <span class='ocrx_word' id='word_1_477' title='bbox 1099 3083 1198 3127; x_wconf 88' lang='lat' dir='ltr'>sensu</span> <span class='ocrx_word' id='word_1_478' title='bbox 1251 3082 1271 3126; x_wconf 86' lang='lat' dir='ltr'>a</span> <span class='ocrx_word' id='word_1_479' title='bbox 1297 3071 1439 3128; x_wconf 88' lang='lat' dir='ltr'>matrum</span> <span class='ocrx_word' id='word_1_480' title='bbox 1467 3062 1622 3141; x_wconf 90' lang='lat' dir='ltr'>uberibus</span> <span class='ocrx_word' id='word_1_481' title='bbox 1655 3063 1785 3130; x_wconf 88' lang='lat' dir='ltr'>avulsos</span> <span class='ocrx_word' id='word_1_482' title='bbox 1818 3063 1854 3126; x_wconf 91' lang='lat' dir='ltr'>in</span> <span class='ocrx_word' id='word_1_483' title='bbox 1886 3070 2053 3128; x_wconf 87' lang='lat' dir='ltr'>aeternam</span> <span class='ocrx_word' id='word_1_484' title='bbox 2086 3070 2226 3130; x_wconf 86' lang='lat' dir='ltr'>mortem</span> 
     </span>
    </p>
   </div>
   <div class='ocr_carea' id='block_1_5' title="bbox 146 3145 2366 4605">
    <p class='ocr_par' dir='ltr' id='par_1_8' title="bbox 220 3145 2230 3233">
     <span class='ocr_line' id='line_1_34' title="bbox 220 3145 2230 3233; baseline -0 -20"><span class='ocrx_word' id='word_1_485' title='bbox 220 3168 355 3232; x_wconf 85' lang='lat' dir='ltr'>peccare</span> <span class='ocrx_word' id='word_1_486' title='bbox 377 3146 526 3213; x_wconf 91' lang='lat' dir='ltr'>homines</span> <span class='ocrx_word' id='word_1_487' title='bbox 544 3147 653 3230; x_wconf 85' lang='lat' dir='ltr'>fingis,</span> <span class='ocrx_word' id='word_1_488' title='bbox 677 3145 838 3230; x_wconf 93' lang='lat' dir='ltr'>quomodo</span> <span class='ocrx_word' id='word_1_489' title='bbox 855 3147 957 3211; x_wconf 89' lang='lat' dir='ltr'>iudex</span> <span class='ocrx_word' id='word_1_490' title='bbox 974 3148 1037 3213; x_wconf 91' lang='lat' dir='ltr'>erit</span> <span class='ocrx_word' id='word_1_491' title='bbox 1058 3146 1196 3212; x_wconf 81' lang='lat' dir='ltr'>mundi?</span> <span class='ocrx_word' id='word_1_492' title='bbox 1249 3149 1450 3232; x_wconf 86' lang='lat' dir='ltr'>praecipitat</span> <span class='ocrx_word' id='word_1_493' title='bbox 1494 3150 1592 3216; x_wconf 88' lang='lat' dir='ltr'>Hane</span> <span class='ocrx_word' id='word_1_494' title='bbox 1613 3148 1864 3233; x_wconf 88' lang='lat' dir='ltr'>blasphemiam,</span> <span class='ocrx_word' id='word_1_495' title='bbox 1892 3147 1948 3213; x_wconf 92' lang='lat' dir='ltr'>ubi</span> <span class='ocrx_word' id='word_1_496' title='bbox 1969 3148 2077 3232; x_wconf 86' lang='lat' dir='ltr'>palam</span> <span class='ocrx_word' id='word_1_497' title='bbox 2100 3147 2230 3215; x_wconf 88' lang='lat' dir='ltr'>detecta</span> 
     </span>
    </p>

    <p class='ocr_par' dir='ltr' id='par_1_9' title="bbox 146 3231 2366 4605">
     <span class='ocr_line' id='line_1_35' title="bbox 203 3231 2228 3318; baseline 0 -19"><span class='ocrx_word' id='word_1_498' title='bbox 203 3235 267 3300; x_wconf 65' lang='lat' dir='ltr'>»Et</span> <span class='ocrx_word' id='word_1_499' title='bbox 288 3235 317 3299; x_wconf 91' lang='lat' dir='ltr'>si</span> <span class='ocrx_word' id='word_1_500' title='bbox 339 3234 410 3298; x_wconf 89' lang='lat' dir='ltr'>eius</span> <span class='ocrx_word' id='word_1_501' title='bbox 431 3231 564 3315; x_wconf 86' lang='lat' dir='ltr'>fugiunt</span> <span class='ocrx_word' id='word_1_502' title='bbox 585 3253 720 3298; x_wconf 88' lang='lat' dir='ltr'>sensum</span> <span class='ocrx_word' id='word_1_503' title='bbox 733 3253 818 3315; x_wconf 88' lang='lat' dir='ltr'>quae</span> <span class='ocrx_word' id='word_1_504' title='bbox 838 3233 873 3297; x_wconf 93' lang='lat' dir='ltr'>in</span> <span class='ocrx_word' id='word_1_505' title='bbox 892 3232 1015 3298; x_wconf 91' lang='lat' dir='ltr'>munde</span> <span class='ocrx_word' id='word_1_506' title='bbox 1027 3243 1196 3317; x_wconf 83' lang='lat' dir='ltr'>geruntur,</span> <span class='ocrx_word' id='word_1_507' title='bbox 1251 3241 1311 3313; x_wconf 88' lang='lat' dir='ltr'>est,</span> <span class='ocrx_word' id='word_1_508' title='bbox 1328 3235 1474 3317; x_wconf 90' lang='lat' dir='ltr'>quisquis</span> <span class='ocrx_word' id='word_1_509' title='bbox 1496 3256 1560 3300; x_wconf 91' lang='lat' dir='ltr'>non</span> <span class='ocrx_word' id='word_1_510' title='bbox 1580 3235 1804 3313; x_wconf 87' lang='lat' dir='ltr'>detestabitur,</span> <span class='ocrx_word' id='word_1_511' title='bbox 1827 3233 1910 3298; x_wconf 93' lang='lat' dir='ltr'>mihi</span> <span class='ocrx_word' id='word_1_512' title='bbox 1931 3255 1989 3318; x_wconf 91' lang='lat' dir='ltr'>pro</span> <span class='ocrx_word' id='word_1_513' title='bbox 2011 3255 2071 3300; x_wconf 89' lang='lat' dir='ltr'>sua</span> <span class='ocrx_word' id='word_1_514' title='bbox 2090 3233 2228 3299; x_wconf 91' lang='lat' dir='ltr'>libidine</span> 
     </span>
     <span class='ocr_line' id='line_1_36' title="bbox 146 3317 2228 3404; baseline 0 -19"><span class='ocrx_word' id='word_1_515' title='bbox 146 3317 150 3326; x_wconf 78' lang='grc'><em>“</em></span> <span class='ocrx_word' id='word_1_516' title='bbox 243 3341 287 3385; x_wconf 90' lang='lat' dir='ltr'>ua</span> <span class='ocrx_word' id='word_1_517' title='bbox 310 3319 346 3384; x_wconf 92' lang='lat' dir='ltr'>in</span> <span class='ocrx_word' id='word_1_518' title='bbox 370 3341 406 3384; x_wconf 92' lang='lat' dir='ltr'>re</span> <span class='ocrx_word' id='word_1_519' title='bbox 430 3317 586 3384; x_wconf 88' lang='lat' dir='ltr'>mortales</span> <span class='ocrx_word' id='word_1_520' title='bbox 608 3317 799 3384; x_wconf 82' lang='lat' dir='ltr'>antecedet?</span> <span class='ocrx_word' id='word_1_521' title='bbox 834 3317 922 3400; x_wconf 75' lang='lat' dir='ltr'>Quia</span> <span class='ocrx_word' id='word_1_522' title='bbox 943 3320 1052 3384; x_wconf 92' lang='lat' dir='ltr'>Deum</span> <span class='ocrx_word' id='word_1_523' title='bbox 1074 3321 1197 3393; x_wconf 87' lang='lat' dir='ltr'>sentire</span> <span class='ocrx_word' id='word_1_524' title='bbox 1251 3320 1435 3389; x_wconf 87' lang='lat' dir='ltr'>maledicat.</span> <span class='ocrx_word' id='word_1_525' title='bbox 1480 3321 1594 3404; x_wconf 91' lang='lat' dir='ltr'>Neque</span> <span class='ocrx_word' id='word_1_526' title='bbox 1616 3321 1704 3387; x_wconf 92' lang='lat' dir='ltr'>enim</span> <span class='ocrx_word' id='word_1_527' title='bbox 1727 3320 1958 3404; x_wconf 88' lang='lat' dir='ltr'>postulandum</span> <span class='ocrx_word' id='word_1_528' title='bbox 1976 3329 2027 3386; x_wconf 91' lang='lat' dir='ltr'>est</span> <span class='ocrx_word' id='word_1_529' title='bbox 2048 3329 2087 3385; x_wconf 93' lang='lat' dir='ltr'>ut</span> <span class='ocrx_word' id='word_1_530' title='bbox 2108 3320 2151 3385; x_wconf 87' lang='lat' dir='ltr'>ab</span> <span class='ocrx_word' id='word_1_531' title='bbox 2174 3341 2228 3385; x_wconf 89' lang='lat' dir='ltr'>eo-</span> 
     </span>
     <span class='ocr_line' id='line_1_37' title="bbox 222 3343 2228 3490; baseline -0 -20"><span class='ocrx_word' id='word_1_532' title='bbox 222 3343 294 3471; x_wconf 70' lang='grc'><strong>1100</strong></span> <span class='ocrx_word' id='word_1_533' title='bbox 317 3405 346 3471; x_wconf 91' lang='lat' dir='ltr'>si</span> <span class='ocrx_word' id='word_1_534' title='bbox 368 3403 447 3487; x_wconf 93' lang='lat' dir='ltr'>quid</span> <span class='ocrx_word' id='word_1_535' title='bbox 469 3412 608 3487; x_wconf 91' lang='lat' dir='ltr'>peccant</span> <span class='ocrx_word' id='word_1_536' title='bbox 629 3404 787 3483; x_wconf 90' lang='lat' dir='ltr'>homines,</span> <span class='ocrx_word' id='word_1_537' title='bbox 807 3404 976 3470; x_wconf 90' lang='lat' dir='ltr'>eofuroris</span> <span class='ocrx_word' id='word_1_538' title='bbox 998 3405 1204 3489; x_wconf 77' lang='lat' dir='ltr'>proveheris,</span> <span class='ocrx_word' id='word_1_539' title='bbox 1251 3427 1324 3470; x_wconf 91' lang='lat' dir='ltr'>rum</span> <span class='ocrx_word' id='word_1_540' title='bbox 1348 3407 1504 3484; x_wconf 89' lang='lat' dir='ltr'>conviciis</span> <span class='ocrx_word' id='word_1_541' title='bbox 1527 3408 1583 3489; x_wconf 94' lang='lat' dir='ltr'>qui</span> <span class='ocrx_word' id='word_1_542' title='bbox 1606 3405 1680 3473; x_wconf 89' lang='lat' dir='ltr'>Dea</span> <span class='ocrx_word' id='word_1_543' title='bbox 1706 3428 1771 3472; x_wconf 91' lang='lat' dir='ltr'>non</span> <span class='ocrx_word' id='word_1_544' title='bbox 1798 3415 1952 3490; x_wconf 90' lang='lat' dir='ltr'>parcunt,</span> <span class='ocrx_word' id='word_1_545' title='bbox 1979 3407 2138 3472; x_wconf 91' lang='lat' dir='ltr'>immunis</span> <span class='ocrx_word' id='word_1_546' title='bbox 2166 3406 2228 3472; x_wconf 92' lang='lat' dir='ltr'>sim</span> 
     </span>
     <span class='ocr_line' id='line_1_38' title="bbox 222 3489 2230 3576; baseline -0 -20"><span class='ocrx_word' id='word_1_547' title='bbox 222 3502 261 3556; x_wconf 92' lang='lat' dir='ltr'>ut</span> <span class='ocrx_word' id='word_1_548' title='bbox 288 3512 343 3555; x_wconf 91' lang='lat' dir='ltr'>me</span> <span class='ocrx_word' id='word_1_549' title='bbox 371 3489 445 3555; x_wconf 89' lang='lat' dir='ltr'>falsi</span> <span class='ocrx_word' id='word_1_550' title='bbox 467 3489 532 3557; x_wconf 87' lang='lat' dir='ltr'>Dei</span> <span class='ocrx_word' id='word_1_551' title='bbox 559 3489 775 3558; x_wconf 86' lang='lat' dir='ltr'>architectum</span> <span class='ocrx_word' id='word_1_552' title='bbox 803 3511 907 3565; x_wconf 74' lang='lat' dir='ltr'>,voees</span> <span class='ocrx_word' id='word_1_553' title='bbox 957 3489 996 3556; x_wconf 82' lang='lat' dir='ltr'>Si</span> <span class='ocrx_word' id='word_1_554' title='bbox 1025 3491 1084 3557; x_wconf 92' lang='lat' dir='ltr'>tibi</span> <span class='ocrx_word' id='word_1_555' title='bbox 1111 3492 1198 3575; x_wconf 92' lang='lat' dir='ltr'>quod</span> <span class='ocrx_word' id='word_1_556' title='bbox 1251 3511 1288 3558; x_wconf 86' lang='lat' dir='ltr'>ac</span> <span class='ocrx_word' id='word_1_557' title='bbox 1311 3490 1401 3557; x_wconf 90' lang='lat' dir='ltr'>liber.</span> <span class='ocrx_word' id='word_1_558' title='bbox 1445 3492 1489 3557; x_wconf 94' lang='lat' dir='ltr'>In</span> <span class='ocrx_word' id='word_1_559' title='bbox 1506 3492 1649 3559; x_wconf 92' lang='lat' dir='ltr'>secundo</span> <span class='ocrx_word' id='word_1_560' title='bbox 1671 3492 1817 3558; x_wconf 92' lang='lat' dir='ltr'>membro</span> <span class='ocrx_word' id='word_1_561' title='bbox 1836 3491 1910 3559; x_wconf 89' lang='lat' dir='ltr'>vide</span> <span class='ocrx_word' id='word_1_562' title='bbox 1931 3513 2029 3576; x_wconf 91' lang='lat' dir='ltr'>quam</span> <span class='ocrx_word' id='word_1_563' title='bbox 2051 3490 2168 3576; x_wconf 90' lang='lat' dir='ltr'>putida</span> <span class='ocrx_word' id='word_1_564' title='bbox 2185 3492 2230 3558; x_wconf 87' lang='lat' dir='ltr'>sit</span> 
     </span>
     <span class='ocr_line' id='line_1_39' title="bbox 222 3576 2227 3663; baseline 0 -21"><span class='ocrx_word' id='word_1_565' title='bbox 222 3576 367 3660; x_wconf 90' lang='lat' dir='ltr'>postulas</span> <span class='ocrx_word' id='word_1_566' title='bbox 389 3590 587 3654; x_wconf 89' lang='lat' dir='ltr'>concessero,</span> <span class='ocrx_word' id='word_1_567' title='bbox 610 3597 648 3640; x_wconf 92' lang='lat' dir='ltr'>eo</span> <span class='ocrx_word' id='word_1_568' title='bbox 671 3577 836 3641; x_wconf 90' lang='lat' dir='ltr'>nesciente</span> <span class='ocrx_word' id='word_1_569' title='bbox 846 3596 995 3659; x_wconf 89' lang='lat' dir='ltr'>peccare:</span> <span class='ocrx_word' id='word_1_570' title='bbox 1018 3578 1123 3660; x_wconf 90' lang='lat' dir='ltr'>qualis</span> <span class='ocrx_word' id='word_1_571' title='bbox 1141 3578 1198 3642; x_wconf 92' lang='lat' dir='ltr'>ob·</span> <span class='ocrx_word' id='word_1_572' title='bbox 1252 3586 1310 3641; x_wconf 89' lang='lat' dir='ltr'>tua</span> <span class='ocrx_word' id='word_1_573' title='bbox 1331 3577 1521 3659; x_wconf 89' lang='lat' dir='ltr'>loquacitas.</span> <span class='ocrx_word' id='word_1_574' title='bbox 1554 3579 1641 3644; x_wconf 90' lang='lat' dir='ltr'>Nam</span> <span class='ocrx_word' id='word_1_575' title='bbox 1664 3579 1814 3663; x_wconf 87' lang='lat' dir='ltr'>magistri</span> <span class='ocrx_word' id='word_1_576' title='bbox 1826 3578 1874 3643; x_wconf 92' lang='lat' dir='ltr'>tui</span> <span class='ocrx_word' id='word_1_577' title='bbox 1886 3576 2055 3656; x_wconf 81' lang='lat' dir='ltr'>Servatus,</span> <span class='ocrx_word' id='word_1_578' title='bbox 2076 3576 2227 3661; x_wconf 85' lang='lat' dir='ltr'>Pighius,</span> 
     </span>
     <span class='ocr_line' id='line_1_40' title="bbox 223 3660 2229 3747; baseline -0 -18"><span class='ocrx_word' id='word_1_579' title='bbox 223 3682 315 3729; x_wconf 85' lang='lat' dir='ltr'>secro</span> <span class='ocrx_word' id='word_1_580' title='bbox 338 3661 402 3726; x_wconf 89' lang='lat' dir='ltr'>erit</span> <span class='ocrx_word' id='word_1_581' title='bbox 423 3660 539 3747; x_wconf 84' lang='lat' dir='ltr'>Deus?</span> <span class='ocrx_word' id='word_1_582' title='bbox 584 3662 631 3726; x_wconf 85' lang='lat' dir='ltr'>Et</span> <span class='ocrx_word' id='word_1_583' title='bbox 653 3660 761 3727; x_wconf 90' lang='lat' dir='ltr'>adhue</span> <span class='ocrx_word' id='word_1_584' title='bbox 783 3663 974 3744; x_wconf 90' lang='lat' dir='ltr'>popularem</span> <span class='ocrx_word' id='word_1_585' title='bbox 996 3670 1030 3727; x_wconf 91' lang='lat' dir='ltr'>te</span> <span class='ocrx_word' id='word_1_586' title='bbox 1051 3663 1196 3743; x_wconf 91' lang='lat' dir='ltr'>iactabis,</span> <span class='ocrx_word' id='word_1_587' title='bbox 1252 3670 1286 3728; x_wconf 90' lang='lat' dir='ltr'>et</span> <span class='ocrx_word' id='word_1_588' title='bbox 1303 3663 1429 3727; x_wconf 88' lang='lat' dir='ltr'>similes</span> <span class='ocrx_word' id='word_1_589' title='bbox 1451 3685 1549 3730; x_wconf 88' lang='lat' dir='ltr'>canes</span> <span class='ocrx_word' id='word_1_590' title='bbox 1571 3663 1717 3729; x_wconf 90' lang='lat' dir='ltr'>dicerent</span> <span class='ocrx_word' id='word_1_591' title='bbox 1732 3665 1859 3743; x_wconf 89' lang='lat' dir='ltr'>saltem,</span> <span class='ocrx_word' id='word_1_592' title='bbox 1882 3672 2121 3730; x_wconf 87' lang='lat' dir='ltr'>antecreatum</span> <span class='ocrx_word' id='word_1_593' title='bbox 2132 3685 2229 3728; x_wconf 93' lang='lat' dir='ltr'>mun·</span> 
     </span>
     <span class='ocr_line' id='line_1_41' title="bbox 222 3746 2366 3834; baseline 0.001 -22"><span class='ocrx_word' id='word_1_594' title='bbox 222 3748 278 3831; x_wconf 93' lang='lat' dir='ltr'>qui</span> <span class='ocrx_word' id='word_1_595' title='bbox 300 3749 410 3812; x_wconf 89' lang='lat' dir='ltr'>Deum</span> <span class='ocrx_word' id='word_1_596' title='bbox 433 3768 530 3813; x_wconf 88' lang='lat' dir='ltr'>sensu</span> <span class='ocrx_word' id='word_1_597' title='bbox 553 3748 700 3830; x_wconf 88' lang='lat' dir='ltr'>privans,</span> <span class='ocrx_word' id='word_1_598' title='bbox 729 3755 858 3812; x_wconf 88' lang='lat' dir='ltr'>etcum</span> <span class='ocrx_word' id='word_1_599' title='bbox 881 3747 995 3813; x_wconf 88' lang='lat' dir='ltr'>eodem</span> <span class='ocrx_word' id='word_1_600' title='bbox 1017 3748 1198 3834; x_wconf 91' lang='lat' dir='ltr'>insigniens</span> <span class='ocrx_word' id='word_1_601' title='bbox 1253 3746 1330 3812; x_wconf 89' lang='lat' dir='ltr'>dum</span> <span class='ocrx_word' id='word_1_602' title='bbox 1360 3748 1530 3826; x_wconf 87' lang='lat' dir='ltr'>damnatos</span> <span class='ocrx_word' id='word_1_603' title='bbox 1557 3773 1628 3816; x_wconf 89' lang='lat' dir='ltr'>esse</span> <span class='ocrx_word' id='word_1_604' title='bbox 1654 3771 1734 3832; x_wconf 92' lang='lat' dir='ltr'>quos</span> <span class='ocrx_word' id='word_1_605' title='bbox 1762 3751 1855 3815; x_wconf 92' lang='lat' dir='ltr'>Deus</span> <span class='ocrx_word' id='word_1_606' title='bbox 1885 3750 2019 3815; x_wconf 91' lang='lat' dir='ltr'>interitu</span> <span class='ocrx_word' id='word_1_607' title='bbox 2051 3753 2127 3828; x_wconf 80' lang='lat' dir='ltr'>[pag.</span> <span class='ocrx_word' id='word_1_608' title='bbox 2155 3753 2228 3829; x_wconf 83' lang='grc'><strong>100]</strong></span> <span class='ocrx_word' id='word_1_609' title='bbox 2342 3747 2366 3822; x_wconf 74' lang='lat'>1</span> 
     </span>
     <span class='ocr_line' id='line_1_42' title="bbox 224 3830 2366 3920; baseline -0 -23"><span class='ocrx_word' id='word_1_610' title='bbox 224 3833 411 3916; x_wconf 87' lang='lat' dir='ltr'>tituloque</span> <span class='ocrx_word' id='word_1_611' title='bbox 439 3832 617 3899; x_wconf 87' lang='lat' dir='ltr'>Lucretius</span> <span class='ocrx_word' id='word_1_612' title='bbox 650 3833 842 3911; x_wconf 89' lang='lat' dir='ltr'>simulacra,</span> <span class='ocrx_word' id='word_1_613' title='bbox 878 3830 1003 3898; x_wconf 92' lang='lat' dir='ltr'>idolum</span> <span class='ocrx_word' id='word_1_614' title='bbox 1030 3843 1196 3900; x_wconf 90' lang='lat' dir='ltr'>mortuum</span> <span class='ocrx_word' id='word_1_615' title='bbox 1252 3836 1429 3918; x_wconf 88' lang='lat' dir='ltr'>praescivit</span> <span class='ocrx_word' id='word_1_616' title='bbox 1457 3855 1528 3901; x_wconf 90' lang='lat' dir='ltr'>esse</span> <span class='ocrx_word' id='word_1_617' title='bbox 1557 3836 1681 3920; x_wconf 76' lang='lat' dir='ltr'>dignos,</span> <span class='ocrx_word' id='word_1_618' title='bbox 1737 3837 1790 3900; x_wconf 77' lang='lat' dir='ltr'>Tu</span> <span class='ocrx_word' id='word_1_619' title='bbox 1819 3856 1897 3900; x_wconf 91' lang='lat' dir='ltr'>vero</span> <span class='ocrx_word' id='word_1_620' title='bbox 1925 3837 1954 3901; x_wconf 92' lang='lat' dir='ltr'>ei</span> <span class='ocrx_word' id='word_1_621' title='bbox 1983 3854 2049 3900; x_wconf 90' lang='lat' dir='ltr'>nen</span> <span class='ocrx_word' id='word_1_622' title='bbox 2068 3834 2229 3900; x_wconf 86' lang='lat' dir='ltr'>concedis</span> <span class='ocrx_word' id='word_1_623' title='bbox 2329 3851 2366 3896; x_wconf 84' lang='grc' dir='ltr'><em>ε</em></span> 
     </span>
     <span class='ocr_line' id='line_1_43' title="bbox 220 3917 2366 4004; baseline 0 -20"><span class='ocrx_word' id='word_1_624' title='bbox 220 3919 326 4002; x_wconf 88' lang='lat' dir='ltr'>ipsias</span> <span class='ocrx_word' id='word_1_625' title='bbox 343 3919 415 3984; x_wconf 92' lang='lat' dir='ltr'>loco</span> <span class='ocrx_word' id='word_1_626' title='bbox 431 3918 601 3984; x_wconf 60' lang='lat' dir='ltr'>fabricas?</span> <span class='ocrx_word' id='word_1_627' title='bbox 626 3917 724 3999; x_wconf 80' lang='lat' dir='ltr'>Quod</span> <span class='ocrx_word' id='word_1_628' title='bbox 742 3919 863 4002; x_wconf 82' lang='lat' dir='ltr'>arguis,</span> <span class='ocrx_word' id='word_1_629' title='bbox 883 3920 910 3984; x_wconf 91' lang='lat' dir='ltr'>si</span> <span class='ocrx_word' id='word_1_630' title='bbox 923 3921 1104 3986; x_wconf 86' lang='lat' dir='ltr'>necessario</span> <span class='ocrx_word' id='word_1_631' title='bbox 1122 3942 1197 4003; x_wconf 90' lang='lat' dir='ltr'>pec·</span> <span class='ocrx_word' id='word_1_632' title='bbox 1253 3932 1405 3999; x_wconf 85' lang='lat' dir='ltr'>aeternae</span> <span class='ocrx_word' id='word_1_633' title='bbox 1434 3922 1532 3996; x_wconf 86' lang='lat' dir='ltr'>morti¹</span> <span class='ocrx_word' id='word_1_634' title='bbox 1561 3921 1726 4001; x_wconf 89' lang='lat' dir='ltr'>addicere,</span> <span class='ocrx_word' id='word_1_635' title='bbox 1760 3923 1825 3987; x_wconf 91' lang='lat' dir='ltr'>nisi</span> <span class='ocrx_word' id='word_1_636' title='bbox 1852 3921 1909 4004; x_wconf 91' lang='lat' dir='ltr'>qui</span> <span class='ocrx_word' id='word_1_637' title='bbox 1937 3923 2003 3986; x_wconf 92' lang='lat' dir='ltr'>iam</span> <span class='ocrx_word' id='word_1_638' title='bbox 2030 3920 2228 4004; x_wconf 82' lang='lat' dir='ltr'>perpetrat-is</span> <span class='ocrx_word' id='word_1_639' title='bbox 2316 3939 2366 3983; x_wconf 81' lang='grc' dir='ltr'><strong><em>ε</em></strong></span> 
     </span>
     <span class='ocr_line' id='line_1_44' title="bbox 221 4004 2366 4090; baseline 0 -19"><span class='ocrx_word' id='word_1_640' title='bbox 221 4014 299 4071; x_wconf 89' lang='lat' dir='ltr'>cant</span> <span class='ocrx_word' id='word_1_641' title='bbox 321 4004 480 4081; x_wconf 87' lang='lat' dir='ltr'>homines,</span> <span class='ocrx_word' id='word_1_642' title='bbox 504 4026 743 4088; x_wconf 87' lang='lat' dir='ltr'>supervacuam</span> <span class='ocrx_word' id='word_1_643' title='bbox 764 4006 833 4070; x_wconf 92' lang='lat' dir='ltr'>fore</span> <span class='ocrx_word' id='word_1_644' title='bbox 854 4005 1045 4084; x_wconf 90' lang='lat' dir='ltr'>doctrinam,</span> <span class='ocrx_word' id='word_1_645' title='bbox 1067 4006 1198 4072; x_wconf 88' lang='lat' dir='ltr'>inutilia</span> <span class='ocrx_word' id='word_1_646' title='bbox 1253 4006 1422 4072; x_wconf 90' lang='lat' dir='ltr'>maleficiis</span> <span class='ocrx_word' id='word_1_647' title='bbox 1459 4008 1544 4090; x_wconf 92' lang='lat' dir='ltr'>apud</span> <span class='ocrx_word' id='word_1_648' title='bbox 1584 4008 1709 4073; x_wconf 92' lang='lat' dir='ltr'>iudices</span> <span class='ocrx_word' id='word_1_649' title='bbox 1749 4017 1896 4072; x_wconf 90' lang='lat' dir='ltr'>terrenos</span> <span class='ocrx_word' id='word_1_650' title='bbox 1935 4007 2066 4071; x_wconf 90' lang='lat' dir='ltr'>obnoxii</span> <span class='ocrx_word' id='word_1_651' title='bbox 2107 4014 2226 4072; x_wconf 85' lang='lat' dir='ltr'>essent</span> <span class='ocrx_word' id='word_1_652' title='bbox 2305 4013 2366 4076; x_wconf 66' lang='lat' dir='ltr'>‚d</span> 
     </span>
     <span class='ocr_line' id='line_1_45' title="bbox 221 4090 2366 4178; baseline 0.002 -24"><span class='ocrx_word' id='word_1_653' title='bbox 221 4099 404 4174; x_wconf 88' lang='lat' dir='ltr'>praecepta,</span> <span class='ocrx_word' id='word_1_654' title='bbox 427 4094 501 4168; x_wconf 84' lang='lat' dir='ltr'>[pag.</span> <span class='ocrx_word' id='word_1_655' title='bbox 522 4096 596 4170; x_wconf 89' lang='grc'><strong>103]</strong></span> <span class='ocrx_word' id='word_1_656' title='bbox 617 4091 728 4156; x_wconf 89' lang='lat' dir='ltr'>irritas</span> <span class='ocrx_word' id='word_1_657' title='bbox 749 4090 1009 4169; x_wconf 86' lang='lat' dir='ltr'>admonitiones,</span> <span class='ocrx_word' id='word_1_658' title='bbox 1038 4091 1198 4159; x_wconf 85' lang='lat' dir='ltr'>absurdas</span> <span class='ocrx_word' id='word_1_659' title='bbox 1252 4092 1342 4157; x_wconf 88' lang='lat' dir='ltr'>Hinc</span> <span class='ocrx_word' id='word_1_660' title='bbox 1370 4093 1527 4178; x_wconf 90' lang='lat' dir='ltr'>colligant</span> <span class='ocrx_word' id='word_1_661' title='bbox 1554 4093 1691 4159; x_wconf 88' lang='lat' dir='ltr'>lectores</span> <span class='ocrx_word' id='word_1_662' title='bbox 1718 4115 1816 4177; x_wconf 93' lang='lat' dir='ltr'>quam</span> <span class='ocrx_word' id='word_1_663' title='bbox 1843 4093 2051 4177; x_wconf 84' lang='lat' dir='ltr'>prodigiosus</span> <span class='ocrx_word' id='word_1_664' title='bbox 2078 4093 2124 4157; x_wconf 90' lang='lat' dir='ltr'>sit</span> <span class='ocrx_word' id='word_1_665' title='bbox 2152 4101 2228 4160; x_wconf 83' lang='lat' dir='ltr'>tuus</span> <span class='ocrx_word' id='word_1_666' title='bbox 2285 4114 2366 4161; x_wconf 77' lang='grc' dir='ltr'>ει</span> 
     </span>
     <span class='ocr_line' id='line_1_46' title="bbox 220 4174 2366 4263; baseline 0.002 -22"><span class='ocrx_word' id='word_1_667' title='bbox 220 4174 466 4260; x_wconf 87' lang='lat' dir='ltr'>obiurgationes</span> <span class='ocrx_word' id='word_1_668' title='bbox 495 4185 530 4239; x_wconf 89' lang='lat' dir='ltr'>et</span> <span class='ocrx_word' id='word_1_669' title='bbox 556 4177 680 4242; x_wconf 92' lang='lat' dir='ltr'>minas:</span> <span class='ocrx_word' id='word_1_670' title='bbox 713 4178 778 4242; x_wconf 89' lang='lat' dir='ltr'>nisi</span> <span class='ocrx_word' id='word_1_671' title='bbox 807 4178 867 4243; x_wconf 91' lang='lat' dir='ltr'>tibi</span> <span class='ocrx_word' id='word_1_672' title='bbox 895 4176 937 4241; x_wconf 92' lang='lat' dir='ltr'>ad</span> <span class='ocrx_word' id='word_1_673' title='bbox 965 4177 1046 4242; x_wconf 90' lang='lat' dir='ltr'>haee</span> <span class='ocrx_word' id='word_1_674' title='bbox 1072 4176 1198 4244; x_wconf 88' lang='lat' dir='ltr'>obiecta</span> <span class='ocrx_word' id='word_1_675' title='bbox 1252 4178 1358 4257; x_wconf 90' lang='lat' dir='ltr'>furor,</span> <span class='ocrx_word' id='word_1_676' title='bbox 1385 4179 1441 4261; x_wconf 91' lang='lat' dir='ltr'>qui</span> <span class='ocrx_word' id='word_1_677' title='bbox 1464 4200 1522 4263; x_wconf 92' lang='lat' dir='ltr'>per</span> <span class='ocrx_word' id='word_1_678' title='bbox 1543 4179 1653 4245; x_wconf 91' lang='lat' dir='ltr'>lusum</span> <span class='ocrx_word' id='word_1_679' title='bbox 1681 4187 1715 4244; x_wconf 90' lang='lat' dir='ltr'>ct</span> <span class='ocrx_word' id='word_1_680' title='bbox 1735 4181 1844 4246; x_wconf 91' lang='lat' dir='ltr'>iocum</span> <span class='ocrx_word' id='word_1_681' title='bbox 1867 4200 1997 4244; x_wconf 90' lang='lat' dir='ltr'>omnem</span> <span class='ocrx_word' id='word_1_682' title='bbox 2020 4177 2126 4243; x_wconf 89' lang='lat' dir='ltr'>divini</span> <span class='ocrx_word' id='word_1_683' title='bbox 2148 4179 2226 4243; x_wconf 87' lang='lat' dir='ltr'>iuria</span> <span class='ocrx_word' id='word_1_684' title='bbox 2274 4181 2366 4245; x_wconf 74' lang='grc' dir='ltr'>εἰ</span> 
     </span>
     <span class='ocr_line' id='line_1_47' title="bbox 221 4259 2325 4347; baseline 0.001 -19"><span class='ocrx_word' id='word_1_685' title='bbox 221 4259 379 4328; x_wconf 90' lang='lat' dir='ltr'>diluenda</span> <span class='ocrx_word' id='word_1_686' title='bbox 399 4261 522 4327; x_wconf 90' lang='lat' dir='ltr'>sufficit</span> <span class='ocrx_word' id='word_1_687' title='bbox 543 4264 724 4347; x_wconf 83' lang='lat' dir='ltr'>Augustini</span> <span class='ocrx_word' id='word_1_688' title='bbox 742 4262 826 4328; x_wconf 89' lang='lat' dir='ltr'>liber</span> <span class='ocrx_word' id='word_1_689' title='bbox 854 4261 904 4328; x_wconf 93' lang='lat' dir='ltr'>ad·</span> <span class='ocrx_word' id='word_1_690' title='bbox 917 4263 1132 4328; x_wconf 86' lang='lat' dir='ltr'>Valentinum</span> <span class='ocrx_word' id='word_1_691' title='bbox 1157 4262 1197 4329; x_wconf 91' lang='lat' dir='ltr'>de</span> <span class='ocrx_word' id='word_1_692' title='bbox 1251 4264 1399 4329; x_wconf 90' lang='lat' dir='ltr'>ordinem</span> <span class='ocrx_word' id='word_1_693' title='bbox 1423 4273 1570 4330; x_wconf 88' lang='lat' dir='ltr'>evertere</span> <span class='ocrx_word' id='word_1_694' title='bbox 1592 4287 1657 4331; x_wconf 91' lang='lat' dir='ltr'>non</span> <span class='ocrx_word' id='word_1_695' title='bbox 1680 4264 1817 4330; x_wconf 89' lang='lat' dir='ltr'>dubitas.</span> <span class='ocrx_word' id='word_1_696' title='bbox 2207 4311 2213 4315; x_wconf 91' lang='lat'>-</span> <span class='ocrx_word' id='word_1_697' title='bbox 2308 4313 2325 4318; x_wconf 73' lang='lat'>-,</span> 
     </span>
     <span class='ocr_line' id='line_1_48' title="bbox 221 4347 2366 4434; baseline 0.002 -20"><span class='ocrx_word' id='word_1_698' title='bbox 221 4349 426 4431; x_wconf 89' lang='lat' dir='ltr'>correptione</span> <span class='ocrx_word' id='word_1_699' title='bbox 448 4356 481 4412; x_wconf 90' lang='lat' dir='ltr'>et</span> <span class='ocrx_word' id='word_1_700' title='bbox 502 4349 619 4431; x_wconf 83' lang='lat' dir='ltr'>gratia,</span> <span class='ocrx_word' id='word_1_701' title='bbox 639 4348 716 4414; x_wconf 93' lang='lat' dir='ltr'>hnic</span> <span class='ocrx_word' id='word_1_702' title='bbox 729 4369 847 4415; x_wconf 89' lang='lat' dir='ltr'>causae</span> <span class='ocrx_word' id='word_1_703' title='bbox 859 4347 1047 4419; x_wconf 88' lang='lat' dir='ltr'>tractandae</span> <span class='ocrx_word' id='word_1_704' title='bbox 1069 4371 1111 4414; x_wconf 90' lang='lat' dir='ltr'>ex</span> <span class='ocrx_word' id='word_1_705' title='bbox 1122 4371 1197 4432; x_wconf 88' lang='lat' dir='ltr'>prc-</span> <span class='ocrx_word' id='word_1_706' title='bbox 1287 4397 1290 4407; x_wconf 81' lang='grc'>.</span> <span class='ocrx_word' id='word_1_707' title='bbox 1338 4348 1498 4433; x_wconf 83' lang='lat' dir='ltr'>Superest</span> <span class='ocrx_word' id='word_1_708' title='bbox 1519 4359 1558 4416; x_wconf 91' lang='lat' dir='ltr'>ut</span> <span class='ocrx_word' id='word_1_709' title='bbox 1578 4353 1649 4417; x_wconf 89' lang='lat' dir='ltr'>veri</span> <span class='ocrx_word' id='word_1_710' title='bbox 1679 4362 1711 4416; x_wconf 89' lang='lat' dir='ltr'>et</span> <span class='ocrx_word' id='word_1_711' title='bbox 1733 4351 1857 4416; x_wconf 86' lang='lat' dir='ltr'>aeterni</span> <span class='ocrx_word' id='word_1_712' title='bbox 1884 4348 1949 4415; x_wconf 90' lang='lat' dir='ltr'>Dei</span> <span class='ocrx_word' id='word_1_713' title='bbox 1971 4349 2112 4434; x_wconf 90' lang='lat' dir='ltr'>gloriam</span> <span class='ocrx_word' id='word_1_714' title='bbox 2136 4372 2156 4415; x_wconf 90' lang='lat' dir='ltr'>a</span> <span class='ocrx_word' id='word_1_715' title='bbox 2177 4369 2225 4415; x_wconf 82' lang='lat' dir='ltr'>sa·</span> <span class='ocrx_word' id='word_1_716' title='bbox 2244 4372 2366 4418; x_wconf 70' lang='grc' dir='ltr'>-ιε</span> 
     </span>
     <span class='ocr_line' id='line_1_49' title="bbox 220 4433 2366 4519; baseline 0.002 -20"><span class='ocrx_word' id='word_1_717' title='bbox 220 4435 306 4499; x_wconf 90' lang='lat' dir='ltr'>fesso</span> <span class='ocrx_word' id='word_1_718' title='bbox 328 4433 471 4513; x_wconf 87' lang='lat' dir='ltr'>dicatus,</span> <span class='ocrx_word' id='word_1_719' title='bbox 499 4433 659 4517; x_wconf 84' lang='lat' dir='ltr'>indignus</span> <span class='ocrx_word' id='word_1_720' title='bbox 687 4456 722 4499; x_wconf 91' lang='grc'>00</span> <span class='ocrx_word' id='word_1_721' title='bbox 744 4436 800 4518; x_wconf 91' lang='lat' dir='ltr'>qui</span> <span class='ocrx_word' id='word_1_722' title='bbox 827 4435 964 4501; x_wconf 91' lang='lat' dir='ltr'>verbum</span> <span class='ocrx_word' id='word_1_723' title='bbox 992 4456 1033 4498; x_wconf 91' lang='lat' dir='ltr'>ex</span> <span class='ocrx_word' id='word_1_724' title='bbox 1062 4455 1115 4498; x_wconf 92' lang='lat' dir='ltr'>me</span> <span class='ocrx_word' id='word_1_725' title='bbox 1138 4458 1196 4500; x_wconf 93' lang='lat' dir='ltr'>au·</span> <span class='ocrx_word' id='word_1_726' title='bbox 1252 4435 1382 4519; x_wconf 90' lang='lat' dir='ltr'>erilegis</span> <span class='ocrx_word' id='word_1_727' title='bbox 1404 4437 1468 4501; x_wconf 91' lang='lat' dir='ltr'>tuis</span> <span class='ocrx_word' id='word_1_728' title='bbox 1490 4437 1674 4504; x_wconf 87' lang='lat' dir='ltr'>maledictis</span> <span class='ocrx_word' id='word_1_729' title='bbox 1695 4437 1875 4504; x_wconf 87' lang='lat' dir='ltr'>vendicem.</span> <span class='ocrx_word' id='word_1_730' title='bbox 1908 4438 1959 4501; x_wconf 83' lang='grc' dir='ltr'>Τιι</span> <span class='ocrx_word' id='word_1_731' title='bbox 1981 4457 2033 4501; x_wconf 93' lang='lat' dir='ltr'>me</span> <span class='ocrx_word' id='word_1_732' title='bbox 2053 4436 2221 4502; x_wconf 89' lang='lat' dir='ltr'>diabolum</span> <span class='ocrx_word' id='word_1_733' title='bbox 2236 4457 2366 4503; x_wconf 77' lang='lat' dir='ltr'>m</span> 
     </span>
     <span class='ocr_line' id='line_1_50' title="bbox 221 4517 1454 4605; baseline 0.002 -20"><span class='ocrx_word' id='word_1_734' title='bbox 221 4519 301 4586; x_wconf 89' lang='lat' dir='ltr'>dias.</span> <span class='ocrx_word' id='word_1_735' title='bbox 343 4517 542 4601; x_wconf 80' lang='lat' dir='ltr'>Quanquam</span> <span class='ocrx_word' id='word_1_736' title='bbox 553 4517 721 4602; x_wconf 86' lang='lat' dir='ltr'>Pighium,</span> <span class='ocrx_word' id='word_1_737' title='bbox 743 4529 777 4584; x_wconf 93' lang='lat' dir='ltr'>et</span> <span class='ocrx_word' id='word_1_738' title='bbox 798 4521 994 4605; x_wconf 84' lang='lat' dir='ltr'>magistrum</span> <span class='ocrx_word' id='word_1_739' title='bbox 1011 4528 1105 4584; x_wconf 92' lang='lat' dir='ltr'>tuum</span> <span class='ocrx_word' id='word_1_740' title='bbox 1118 4518 1195 4586; x_wconf 79' lang='lat' dir='ltr'>Ser·</span> <span class='ocrx_word' id='word_1_741' title='bbox 1248 4576 1454 4587; x_wconf 72' lang='grc'>...--</span> 
     </span>
    </p>
   </div>
   <div class='ocr_carea' id='block_1_6' title="bbox 222 4602 2366 4728">
    <p class='ocr_par' dir='ltr' id='par_1_10' title="bbox 222 4602 2366 4728">
     <span class='ocr_line' id='line_1_51' title="bbox 222 4602 2366 4728; baseline 0.001 -18"><span class='ocrx_word' id='word_1_742' title='bbox 222 4615 335 4672; x_wconf 63' lang='lat' dir='ltr'>vetum</span> <span class='ocrx_word' id='word_1_743' title='bbox 357 4605 405 4673; x_wconf 60' lang='lat' dir='ltr'>ita</span> <span class='ocrx_word' id='word_1_744' title='bbox 427 4604 537 4687; x_wconf 62' lang='lat' dir='ltr'>depuu</span> <span class='ocrx_word' id='word_1_745' title='bbox 565 4602 628 4669; x_wconf 62' lang='lat' dir='ltr'>hao</span> <span class='ocrx_word' id='word_1_746' title='bbox 654 4605 833 4685; x_wconf 60' lang='lat' dir='ltr'>calumnia&#39;</span> <span class='ocrx_word' id='word_1_747' title='bbox 862 4617 901 4671; x_wconf 65' lang='lat' dir='ltr'>Ut</span> <span class='ocrx_word' id='word_1_748' title='bbox 923 4605 1043 4672; x_wconf 41' lang='lat' dir='ltr'>dociles</span> <span class='ocrx_word' id='word_1_749' title='bbox 1066 4615 1099 4671; x_wconf 58' lang='lat' dir='ltr'>et</span> <span class='ocrx_word' id='word_1_750' title='bbox 1120 4628 1197 4673; x_wconf 52' lang='grc' dir='ltr'>Μ’</span> <span class='ocrx_word' id='word_1_751' title='bbox 1323 4657 1353 4725; x_wconf 90' lang='grc'>1)</span> <span class='ocrx_word' id='word_1_752' title='bbox 1373 4659 1450 4726; x_wconf 82' lang='lat' dir='ltr'>Quod</span> <span class='ocrx_word' id='word_1_753' title='bbox 1469 4666 1512 4714; x_wconf 86' lang='lat' dir='ltr'>est</span> <span class='ocrx_word' id='word_1_754' title='bbox 1528 4660 1593 4714; x_wconf 88' lang='lat' dir='ltr'>furti</span> <span class='ocrx_word' id='word_1_755' title='bbox 1610 4661 1716 4714; x_wconf 91' lang='lat' dir='ltr'>nomine</span> <span class='ocrx_word' id='word_1_756' title='bbox 1734 4659 1813 4714; x_wconf 84' lang='lat' dir='ltr'>isthic</span> <span class='ocrx_word' id='word_1_757' title='bbox 1832 4659 1938 4712; x_wconf 82' lang='lat' dir='ltr'>delatus</span> <span class='ocrx_word' id='word_1_758' title='bbox 1957 4656 2114 4728; x_wconf 80' lang='lat' dir='ltr'>[Castaliol‚</span> <span class='ocrx_word' id='word_1_759' title='bbox 2132 4656 2366 4713; x_wconf 52' lang='lat' dir='ltr'>minamine</span> 
     </span>
    </p>
   </div>
   <div class='ocr_carea' id='block_1_7' title="bbox 221 4689 2366 4849">
    <p class='ocr_par' dir='ltr' id='par_1_11' title="bbox 221 4689 2366 4849">
     <span class='ocr_line' id='line_1_52' title="bbox 221 4689 2366 4849; baseline 0.004 -76"><span class='ocrx_word' id='word_1_760' title='bbox 221 4691 290 4757; x_wconf 63' lang='lat' dir='ltr'>didi</span> <span class='ocrx_word' id='word_1_761' title='bbox 311 4691 450 4757; x_wconf 63' lang='grc' dir='ltr'><strong>1110101θῦ</strong></span> <span class='ocrx_word' id='word_1_762' title='bbox 471 4690 554 4754; x_wconf 68' lang='lat' dir='ltr'>nihil</span> <span class='ocrx_word' id='word_1_763' title='bbox 575 4689 718 4773; x_wconf 62' lang='lat' dir='ltr'>amplius</span> <span class='ocrx_word' id='word_1_764' title='bbox 739 4712 780 4756; x_wconf 78' lang='lat'>⁰¹</span> <span class='ocrx_word' id='word_1_765' title='bbox 797 4713 858 4756; x_wconf 71' lang='lat'>¹11⁰</span> <span class='ocrx_word' id='word_1_766' title='bbox 871 4690 1065 4758; x_wconf 62' lang='lat' dir='ltr'>dffliderent·</span> <span class='ocrx_word' id='word_1_767' title='bbox 1110 4693 1196 4757; x_wconf 62' lang='lat' dir='ltr'>Tan·</span> <span class='ocrx_word' id='word_1_768' title='bbox 1252 4741 1319 4780; x_wconf 87' lang='lat' dir='ltr'>sane</span> <span class='ocrx_word' id='word_1_769' title='bbox 1338 4729 1439 4782; x_wconf 87' lang='lat' dir='ltr'>factum</span> <span class='ocrx_word' id='word_1_770' title='bbox 1458 4739 1507 4783; x_wconf 84' lang='lat' dir='ltr'>est.</span> <span class='ocrx_word' id='word_1_771' title='bbox 1549 4728 1626 4795; x_wconf 84' lang='lat' dir='ltr'>Quod</span> <span class='ocrx_word' id='word_1_772' title='bbox 1648 4731 1707 4797; x_wconf 89' lang='lat' dir='ltr'>ipse</span> <span class='ocrx_word' id='word_1_773' title='bbox 1732 4728 1804 4797; x_wconf 82' lang='lat' dir='ltr'>ligna</span> <span class='ocrx_word' id='word_1_774' title='bbox 1827 4726 1871 4796; x_wconf 80' lang='lat' dir='ltr'>[ea</span> <span class='ocrx_word' id='word_1_775' title='bbox 1892 4727 1989 4781; x_wconf 81' lang='lat' dir='ltr'>Rheae</span> <span class='ocrx_word' id='word_1_776' title='bbox 2007 4729 2046 4781; x_wconf 88' lang='grc'><strong>1111</strong></span> <span class='ocrx_word' id='word_1_777' title='bbox 2061 4725 2168 4849; x_wconf 67' lang='lat' dir='ltr'>ripam]</span> <span class='ocrx_word' id='word_1_778' title='bbox 2186 4731 2366 4781; x_wconf 63' lang='lat' dir='ltr'>amare</span> 
     </span>
    </p>
   </div>
   <div class='ocr_carea' id='block_1_8' title="bbox 221 4775 2361 4982">
    <p class='ocr_par' dir='ltr' id='par_1_12' title="bbox 221 4775 2361 4982">
     <span class='ocr_line' id='line_1_53' title="bbox 222 4775 2361 4865; baseline 0.003 -23"><span class='ocrx_word' id='word_1_779' title='bbox 222 4788 293 4842; x_wconf 86' lang='lat' dir='ltr'>tum</span> <span class='ocrx_word' id='word_1_780' title='bbox 316 4776 378 4842; x_wconf 89' lang='lat' dir='ltr'>hoe</span> <span class='ocrx_word' id='word_1_781' title='bbox 398 4795 488 4841; x_wconf 86' lang='grc'><strong>1111110</strong></span> <span class='ocrx_word' id='word_1_782' title='bbox 509 4775 675 4840; x_wconf 79' lang='lat' dir='ltr'>iaetantiis</span> <span class='ocrx_word' id='word_1_783' title='bbox 694 4776 760 4842; x_wconf 83' lang='lat' dir='ltr'>tuis</span> <span class='ocrx_word' id='word_1_784' title='bbox 778 4778 922 4843; x_wconf 86' lang='lat' dir='ltr'>breviter</span> <span class='ocrx_word' id='word_1_785' title='bbox 943 4777 1136 4862; x_wconf 77' lang='lat' dir='ltr'>respondeo:</span> <span class='ocrx_word' id='word_1_786' title='bbox 1158 4780 1198 4845; x_wconf 81' lang='lat' dir='ltr'>Si</span> <span class='ocrx_word' id='word_1_787' title='bbox 1251 4797 1352 4865; x_wconf 81' lang='lat' dir='ltr'>traxit,</span> <span class='ocrx_word' id='word_1_788' title='bbox 1377 4798 1510 4851; x_wconf 89' lang='lat' dir='ltr'>communi</span> <span class='ocrx_word' id='word_1_789' title='bbox 1534 4799 1629 4852; x_wconf 88' lang='lat' dir='ltr'>civium</span> <span class='ocrx_word' id='word_1_790' title='bbox 1653 4813 1728 4851; x_wconf 91' lang='lat' dir='ltr'>more</span> <span class='ocrx_word' id='word_1_791' title='bbox 1751 4798 1928 4852; x_wconf 86' lang='lat' dir='ltr'>habitantium</span> <span class='ocrx_word' id='word_1_792' title='bbox 1951 4796 1985 4850; x_wconf 91' lang='lat' dir='ltr'>ad</span> <span class='ocrx_word' id='word_1_793' title='bbox 2007 4796 2131 4851; x_wconf 79' lang='lat' dir='ltr'>Rhenum</span> <span class='ocrx_word' id='word_1_794' title='bbox 2166 4794 2361 4865; x_wconf 57' lang='lat' dir='ltr'>revinxit</span> 
     </span>
     <span class='ocr_line' id='line_1_54' title="bbox 221 4860 2263 4982; baseline -0.007 -54"><span class='ocrx_word' id='word_1_795' title='bbox 221 4861 295 4928; x_wconf 89' lang='lat' dir='ltr'>Deo</span> <span class='ocrx_word' id='word_1_796' title='bbox 317 4883 384 4927; x_wconf 87' lang='lat' dir='ltr'>non</span> <span class='ocrx_word' id='word_1_797' title='bbox 405 4861 570 4944; x_wconf 79' lang='lat' dir='ltr'>permittis</span> <span class='ocrx_word' id='word_1_798' title='bbox 596 4860 773 4944; x_wconf 79' lang='lat' dir='ltr'>quidquam</span> <span class='ocrx_word' id='word_1_799' title='bbox 801 4865 988 4947; x_wconf 83' lang='lat' dir='ltr'>praecipere</span> <span class='ocrx_word' id='word_1_800' title='bbox 1017 4885 1116 4947; x_wconf 82' lang='lat' dir='ltr'>supra</span> <span class='ocrx_word' id='word_1_801' title='bbox 1138 4864 1197 4929; x_wconf 87' lang='lat' dir='ltr'>ho-</span> <span class='ocrx_word' id='word_1_802' title='bbox 1251 4880 1341 4933; x_wconf 81' lang='lat' dir='ltr'>neque</span> <span class='ocrx_word' id='word_1_803' title='bbox 1360 4865 1409 4919; x_wconf 89' lang='lat' dir='ltr'>sibi</span> <span class='ocrx_word' id='word_1_804' title='bbox 1429 4865 1476 4919; x_wconf 87' lang='lat' dir='ltr'>sed</span> <span class='ocrx_word' id='word_1_805' title='bbox 1494 4867 1527 4920; x_wconf 92' lang='lat' dir='ltr'>iis</span> <span class='ocrx_word' id='word_1_806' title='bbox 1545 4866 1641 4934; x_wconf 88' lang='lat' dir='ltr'>quibua</span> <span class='ocrx_word' id='word_1_807' title='bbox 1659 4865 1782 4934; x_wconf 90' lang='lat' dir='ltr'>rapidum</span> <span class='ocrx_word' id='word_1_808' title='bbox 1800 4865 1898 4920; x_wconf 88' lang='lat' dir='ltr'>flumen</span> <span class='ocrx_word' id='word_1_809' title='bbox 1916 4866 1984 4920; x_wconf 86' lang='lat' dir='ltr'>haec</span> <span class='ocrx_word' id='word_1_810' title='bbox 2007 4866 2263 4982; x_wconf 63' lang='grc' dir='ltr'><strong>1110010111ιοῖ9</strong></span> 
     </span>
    </p>
   </div>
   <div class='ocr_carea' id='block_1_9' title="bbox 222 4931 2354 5123">
    <p class='ocr_par' dir='ltr' id='par_1_13' title="bbox 222 4931 2354 5123">
     <span class='ocr_line' id='line_1_55' title="bbox 222 4931 2354 5029; baseline -0 -44"><span class='ocrx_word' id='word_1_811' title='bbox 222 4951 350 5013; x_wconf 70' lang='lat' dir='ltr'>minum</span> <span class='ocrx_word' id='word_1_812' title='bbox 372 4946 560 5026; x_wconf 55' lang='lat' dir='ltr'><strong>facultates,</strong></span> <span class='ocrx_word' id='word_1_813' title='bbox 587 4946 644 5011; x_wconf 73' lang='lat' dir='ltr'>ubi</span> <span class='ocrx_word' id='word_1_814' title='bbox 668 4956 701 5011; x_wconf 62' lang='lat' dir='ltr'>te</span> <span class='ocrx_word' id='word_1_815' title='bbox 728 4946 770 5012; x_wconf 67' lang='lat' dir='ltr'>ad</span> <span class='ocrx_word' id='word_1_816' title='bbox 797 4970 894 5013; x_wconf 63' lang='lat' dir='ltr'>suum</span> <span class='ocrx_word' id='word_1_817' title='bbox 921 4950 1066 5016; x_wconf 56' lang='lat' dir='ltr'><strong>tribunal</strong></span> <span class='ocrx_word' id='word_1_818' title='bbox 1094 4951 1196 5029; x_wconf 55' lang='lat' dir='ltr'>sistet,</span> <span class='ocrx_word' id='word_1_819' title='bbox 1251 4947 1310 4986; x_wconf 84' lang='lat' dir='ltr'>ram</span> <span class='ocrx_word' id='word_1_820' title='bbox 1329 4935 1479 5015; x_wconf 80' lang='lat' dir='ltr'>praestitit,</span> <span class='ocrx_word' id='word_1_821' title='bbox 1503 4936 1552 5016; x_wconf 75' lang='lat' dir='ltr'>nisi</span> <span class='ocrx_word' id='word_1_822' title='bbox 1572 4934 1643 5002; x_wconf 92' lang='lat' dir='ltr'>quod</span> <span class='ocrx_word' id='word_1_823' title='bbox 1666 4951 1716 5003; x_wconf 90' lang='lat' dir='ltr'>pro</span> <span class='ocrx_word' id='word_1_824' title='bbox 1740 4943 1902 5016; x_wconf 82' lang='lat' dir='ltr'>recuperata</span> <span class='ocrx_word' id='word_1_825' title='bbox 1925 4935 2057 5003; x_wconf 83' lang='lat' dir='ltr'>lignorum</span> <span class='ocrx_word' id='word_1_826' title='bbox 2075 4935 2248 5013; x_wconf 31' lang='lat' dir='ltr'>alna-so&amp;</span> <span class='ocrx_word' id='word_1_827' title='bbox 2308 4931 2354 5000; x_wconf 73' lang='lat' dir='ltr'>olet</span> 
     </span>
     <span class='ocr_line' id='line_1_56' title="bbox 1251 5002 2344 5123; baseline 0.001 -68"><span class='ocrx_word' id='word_1_828' title='bbox 1251 5011 1356 5056; x_wconf 87' lang='lat' dir='ltr'>certum</span> <span class='ocrx_word' id='word_1_829' title='bbox 1383 5012 1498 5070; x_wconf 82' lang='grc'><strong>0111111111</strong></span> <span class='ocrx_word' id='word_1_830' title='bbox 1526 5003 1607 5072; x_wconf 81' lang='lat' dir='ltr'>idque</span> <span class='ocrx_word' id='word_1_831' title='bbox 1634 5003 1693 5057; x_wconf 88' lang='lat' dir='ltr'>leve</span> <span class='ocrx_word' id='word_1_832' title='bbox 1719 5004 1812 5123; x_wconf 62' lang='lat' dir='ltr'>pendi.</span> <span class='ocrx_word' id='word_1_833' title='bbox 1858 5003 1987 5058; x_wconf 80' lang='lat' dir='ltr'>Sulcerua</span> <span class='ocrx_word' id='word_1_834' title='bbox 2013 5004 2051 5057; x_wconf 85' lang='lat' dir='ltr'>cd</span> <span class='ocrx_word' id='word_1_835' title='bbox 2076 5002 2344 5066; x_wconf 63' lang='lat' dir='ltr'>&amp;lacten-⁸⁸,</span> 
     </span>
    </p>
   </div>
   <div class='ocr_carea' id='block_1_10' title="bbox 219 5033 2341 5211">
    <p class='ocr_par' dir='ltr' id='par_1_14' title="bbox 219 5033 2341 5211">
     <span class='ocr_line' id='line_1_57' title="bbox 222 5033 2341 5139; baseline 0.004 -25"><span class='ocrx_word' id='word_1_836' title='bbox 222 5033 330 5131; x_wconf 69' lang='lat' dir='ltr'>palam</span> <span class='ocrx_word' id='word_1_837' title='bbox 357 5033 522 5132; x_wconf 63' lang='lat' dir='ltr'>imarum</span> <span class='ocrx_word' id='word_1_838' title='bbox 551 5054 651 5132; x_wconf 72' lang='lat' dir='ltr'>quam</span> <span class='ocrx_word' id='word_1_839' title='bbox 668 5053 746 5132; x_wconf 69' lang='lat' dir='ltr'>‚110ss</span> <span class='ocrx_word' id='word_1_840' title='bbox 770 5034 893 5133; x_wconf 70' lang='lat' dir='ltr'>trustra</span> <span class='ocrx_word' id='word_1_841' title='bbox 911 5057 978 5134; x_wconf 66' lang='lat'>⁸[³01⁹</span> <span class='ocrx_word' id='word_1_842' title='bbox 1003 5037 1198 5136; x_wconf 66' lang='lat' dir='ltr'>asaperaii</span> <span class='ocrx_word' id='word_1_843' title='bbox 1250 5069 1276 5124; x_wconf 85' lang='lat' dir='ltr'>a.</span> <span class='ocrx_word' id='word_1_844' title='bbox 1296 5071 1376 5125; x_wconf 66' lang='lat' dir='ltr'>near.</span> <span class='ocrx_word' id='word_1_845' title='bbox 1396 5069 1464 5123; x_wconf 79' lang='lat' dir='ltr'>raca</span> <span class='ocrx_word' id='word_1_846' title='bbox 1481 5071 1561 5132; x_wconf 74' lang='lat' dir='ltr'>&lt;coa</span> <span class='ocrx_word' id='word_1_847' title='bbox 1582 5071 1682 5127; x_wconf 71' lang='lat' dir='ltr'>cena.</span> <span class='ocrx_word' id='word_1_848' title='bbox 1701 5073 1715 5124; x_wconf 93' lang='lat'>1</span> <span class='ocrx_word' id='word_1_849' title='bbox 1735 5071 1759 5138; x_wconf 83' lang='lat' dir='ltr'>e,</span> <span class='ocrx_word' id='word_1_850' title='bbox 1775 5071 1894 5139; x_wconf 77' lang='grc'><strong>0101).</strong></span> <span class='ocrx_word' id='word_1_851' title='bbox 1929 5066 2341 5128; x_wconf 65' lang='grc' dir='ltr'><strong>1101011111οΜ</strong></span> 
     </span>
     <span class='ocr_line' id='line_1_58' title="bbox 219 5118 2318 5211; baseline 0.01 -30"><span class='ocrx_word' id='word_1_852' title='bbox 219 5137 277 5181; x_wconf 84' lang='lat' dir='ltr'>am</span> <span class='ocrx_word' id='word_1_853' title='bbox 298 5125 485 5199; x_wconf 88' lang='lat' dir='ltr'>asseruerit,</span> <span class='ocrx_word' id='word_1_854' title='bbox 506 5118 710 5202; x_wconf 80' lang='lat' dir='ltr'>impossibile</span> <span class='ocrx_word' id='word_1_855' title='bbox 732 5119 833 5185; x_wconf 85' lang='lat' dir='ltr'>fuisse</span> <span class='ocrx_word' id='word_1_856' title='bbox 853 5119 920 5203; x_wconf 85' lang='lat' dir='ltr'>legi</span> <span class='ocrx_word' id='word_1_857' title='bbox 942 5120 1030 5204; x_wconf 93' lang='lat' dir='ltr'>quod</span> <span class='ocrx_word' id='word_1_858' title='bbox 1051 5143 1121 5204; x_wconf 83' lang='lat' dir='ltr'>ipse</span> <span class='ocrx_word' id='word_1_859' title='bbox 1139 5143 1198 5188; x_wconf 83' lang='lat' dir='ltr'>sua</span> <span class='ocrx_word' id='word_1_860' title='bbox 1249 5140 1399 5196; x_wconf 79' lang='lat' dir='ltr'>tensionem</span> <span class='ocrx_word' id='word_1_861' title='bbox 1416 5142 1443 5194; x_wconf 90' lang='lat' dir='ltr'>in</span> <span class='ocrx_word' id='word_1_862' title='bbox 1461 5139 1530 5210; x_wconf 86' lang='grc'><strong>000.</strong></span> <span class='ocrx_word' id='word_1_863' title='bbox 1548 5141 1660 5197; x_wconf 79' lang='lat' dir='ltr'>ecutae</span> <span class='ocrx_word' id='word_1_864' title='bbox 1679 5140 1755 5211; x_wconf 84' lang='lat'>1618,</span> <span class='ocrx_word' id='word_1_865' title='bbox 1773 5159 1799 5211; x_wconf 83' lang='lat' dir='ltr'>p.</span> <span class='ocrx_word' id='word_1_866' title='bbox 1816 5140 1869 5195; x_wconf 80' lang='lat' dir='ltr'>ete</span> <span class='ocrx_word' id='word_1_867' title='bbox 1887 5158 1925 5210; x_wconf 87' lang='lat' dir='ltr'>sq.</span> <span class='ocrx_word' id='word_1_868' title='bbox 2315 5190 2318 5201; x_wconf 74' lang='grc'><strong><em>,</em></strong></span> 
     </span>
    </p>
   </div>
   <div class='ocr_carea' id='block_1_11' title="bbox 0 0 2383 5796">
    <p class='ocr_par' dir='ltr' id='par_1_15' title="bbox 0 0 2383 5796">
     <span class='ocr_line' id='line_1_59' title="bbox 0 0 2383 5796; baseline 0 0"><span class='ocrx_word' id='word_1_869' title='bbox 0 0 2383 5796; x_wconf 95' lang='lat' dir='ltr'> </span> 
     </span>
    </p>
   </div>
  </div>
 </body>
</html>
