4776 5844
194 254 259 318 iii
738 287 740 291 ψ
984 257 1048 322 iu
1070 254 1414 326 wususnnnuu.
1491 298 1493 301 .
2146 242 2209 332 ιιι

199 442 311 522 uelim,
334 440 374 507 de
396 441 499 508 nihilo
520 442 766 511 exoandesoere.
810 444 990 513 Clamitant
1006 443 1069 511 sibi
1091 466 1180 511 siim-
1232 454 1353 524 tamem
1373 447 1472 513 aienti
1492 447 1619 528 volunt,
1641 451 1822 534 spiritualis
1850 452 2075 537 interpretatio
2097 454 2209 521 exolu-

201 547 334 609 mopere
361 527 549 611 displieere‚
577 526 665 612 quod
692 529 814 595 librum
841 551 952 597 meum
979 530 1040 597 sub
1071 531 1180 614 speeie
1233 529 1329 611 ditur,
1347 553 1434 616 quau
1456 532 1591 599 modum
1612 533 1803 620 distinguat,
1824 538 1954 621 quando
1980 539 2060 606 haee
2087 541 2208 623 optime

198 613 335 680 honoris
357 612 530 680 Saxoniois
550 614 697 681 oeelssiis
725 614 901 682 obtrudere
929 637 1029 682 ausus
1052 617 1198 682 fuerim·
1232 618 1442 696 conveniunt,
1460 618 1549 684 idem
1565 639 1692 704 oorpus,
1710 622 1797 706 quod
1814 623 1916 690 semel
1933 625 2069 690 victime
2087 626 2209 691 fautum

201 700 304 783 Atqui
324 699 406 764 mihi
423 699 660 785 ignosoendum
678 711 739 779 ost,
757 704 784 768 si
804 701 1037 769 hominesesse
1054 702 1178 785 putavi,
1232 713 1292 782 est,
1315 703 1408 770 nobis
1430 703 1510 781 dari,
1534 727 1640 790 nsque
1660 715 1770 773 tamen
1798 708 1924 775 eomsdi
1951 711 2075 777 earnsli
2102 711 2206 778 modo.

195 785 257 870 qui
275 807 337 852 sua
353 783 554 853 hueulsntia
571 808 696 853 meram
707 788 870 854 feritatem
882 788 1018 873 spirant
1065 787 1181 868 Quan—
1233 788 1331 854 Certe
1359 791 1539 874 Augustini
1566 800 1599 857 et
1626 791 1821 878 Hieronymi
1849 802 1954 861 aetate
1981 818 2078 862 nemo
2105 797 2208 864 ambi-

201 892 299 956 quam
319 872 402 937 milii
424 874 460 937 in
504 881 634 956 romptu
655 889 705 940 est
724 876 830 939 verior
847 876 1020 940 exeusatio.
1065 874 1181 957 Neque
1232 876 1339 958 gebat,
1362 876 1443 958 quin
1454 877 1590 942 unicum
1601 888 1688 944 esset
1699 879 1831 945 Christo
1843 901 1971 964 eorpus.
2016 881 2076 947 Ille
2087 890 2207 963 tamen,

194 959 291 1024 enim
312 957 457 1041 Westph
493 958 798 1043 'subscriptoribus
819 960 938 1027 librum
969 960 1077 1027 dioare
1099 960 1182 1024 mihi
1232 968 1271 1025 ut
1289 961 1417 1025 obviam
1439 971 1493 1027 eat
1513 961 1643 1028 o'rassae
1662 965 1897 1050 imaginationi,
1920 967 2091 1033 Christum
2112 969 2210 1035 indu·

201 1044 370 1111 deeretum
391 1045 468 1124 fuit;
497 1066 602 1127 nsque
636 1043 670 1109 id
697 1046 765 1111 ullo
798 1048 900 1112 verbo
928 1067 1074 1129 unquam
1101 1067 1180 1129 prae
1231 1047 1277 1112 eit
1297 1046 1498 1129 loquentem:
1525 1049 1727 1134 Mysterium
1747 1050 1835 1117 vobis
1853 1053 2089 1133 commendavi,
2111 1055 2208 1138 spiri·

201 1151 253 1196 me
276 1130 347 1196 tuli.
391 1130 567 1214 Insoiiptio
596 1140 661 1196 est:
690 1131 744 1197 Ad
769 1133 886 1215 probos
912 1153 1026 1197 omnes
1055 1132 1180 1196 Christi
1231 1132 1365 1197 tualiter
1384 1131 1588 1199 intelleotum
1610 1134 1790 1203 vivificabit
1805 1158 1871 1202 vos.
1916 1137 1981 1203 Hie
1999 1141 2097 1204 otiam
2114 1163 2208 1223 aspe-

200 1215 372 1282 ministros
393 1225 428 1282 et
448 1218 593 1283 sineeros
604 1218 667 1282 Dei
686 1218 837 1295 cultores,
860 1220 915 1300 qui
938 1239 1055 1301 puram
1064 1218 1179 1282 Euan·
1232 1218 1300 1283 rius
1322 1220 1525 1302 pronunoiat,
1546 1219 1645 1286 aliam
1666 1242 1738 1287 esse
1759 1243 1892 1288 earnem
1915 1221 2051 1302 Christi,
2081 1234 2146 1308 qua
2173 1228 2208 1293 in

185 1302 280 1403 gelli
301 1301 484 1369 doetrinam
504 1304 539 1367 in
562 1305 735 1369 Saxoniois
764 1303 911 1370 eoelesiis
937 1312 971 1369 et
998 1302 1179 1370 Germania
1231 1325 1331 1370 ooena
1354 1305 1525 1382 vestimur,
1548 1327 1647 1388 quam
1669 1328 1751 1390 quae
1772 1308 1808 1372 in
1830 1329 1927 1374 erues
1948 1309 2057 1375 oblata
2079 1313 2154 1377 fuit:
2173 1322 2207 1378 st

195 1389 357 1454 inferiore
378 1389 492 1454 oolunt
512 1399 545 1455 et
567 1401 755 1472 sequuntur.
800 1390 855 1454 Ex
881 1409 1019 1473 quorum
1036 1411 1179 1454 numero
1232 1389 1334 1455 alium
1355 1390 1421 1454 bibi
1443 1392 1647 1474 sanguinem,
1667 1414 1768 1475 quam
1791 1393 1848 1476 qui
1869 1394 1932 1458 fuit
1953 1394 2088 1462 oblatus.
2133 1395 2208 1463 Non

200 1496 237 1539 se
257 1475 394 1540 minime
415 1496 487 1540 esse
516 1473 673 1558 produnt„
689 1476 807 1557 quibus
835 1477 988 1558 superbia
1014 1475 1084 1541 loeo
1111 1477 1179 1559 pie-
1231 1475 1317 1557 quod
1339 1497 1375 1540 re
1397 1496 1477 1540 vera
1495 1475 1644 1542 diversas
1672 1478 1781 1543 earnis
1810 1489 1843 1542 ot
1870 1481 2042 1564 sanguinis
2072 1492 2207 1550 naturas

201 1560 282 1626 totis
309 1570 373 1626 ast:
406 1581 487 1644 quos
516 1560 666 1626 ferooitas
698 1562 785 1626 omni
813 1561 1019 1627 humanitate
1042 1561 1178 1644 spoliat:
1231 1581 1303 1626 osse
1325 1570 1470 1643 putaret:
1494 1559 1552 1626 sed
1573 1584 1637 1645 quo
1659 1564 1780 1629 eortius
1804 1566 2005 1648 exprimeret
2026 1569 2061 1632 iii
2084 1577 2208 1653 myste-

200 1655 235 1713 et
265 1646 384 1729 quibus
416 1646 591 1712 obstinatio
629 1647 713 1711 nihil
751 1646 984 1720 moderationis
1017 1647 1178 1729 reliquum
1232 1648 1280 1711 rio
1302 1645 1437 1724 eomedi,
1460 1646 1521 1712 hoo
1543 1658 1602 1722 ost,
1626 1649 1697 1713 fieri
1725 1669 1846 1716 areana
1868 1653 2003 1734 spiritus
2026 1655 2147 1720 virtute
2170 1665 2208 1721 ut

178 1731 287 1798 neit
617 1753 618 1757 ’
682 1794 685 1801 r
1233 1731 1359 1798 Christi
1381 1753 1456 1798 earo
1478 1755 1556 1798 vers
1577 1733 1761 1816 spiritualis
1779 1757 1838 1801 nos
1857 1737 2013 1803 vivificet.
2058 1737 2209 1808 Antehac

286 1819 457 1885 Confessio
478 1831 538 1892 est,
561 1839 677 1884 verum
700 1817 826 1884 Christi
854 1839 971 1901 eorpus
1001 1817 1180 1883 substanti·
1233 1822 1307 1898 [pag.
1326 1824 1403 1898 999]
1426 1817 1596 1907 aliquoties
1617 1833 1783 1903 negarunt
1802 1822 1974 1903 spirituale
1996 1846 2067 1890 esso
2085 1825 2209 1894 Christi

181 1906 302 1972 aliter
333 1904 496 1971 edendum
527 1905 562 1968 in
596 1924 697 1969 poeno
729 1908 803 1984 [pag.
826 1909 900 1982 297]
930 1904 1061 1988 porrigi.
1111 1903 1180 1968 Nos
1232 1925 1357 1986 eorpus,
1381 1903 1468 1987 quod
1489 1905 1581 1970 nobis
1603 1909 1796 1988 proponitur
1812 1907 1847 1971 in
1865 1909 2069 1995 spiritualem
2089 1912 2208 1978 eibum.

203 2013 331 2076 quoquo
352 2012 464 2057 veram
486 1991 594 2056 earnis
616 1989 741 2054 Christi
761 1998 915 2054 κοινωνίαν
933 1988 974 2054 de
995 2012 1061 2073 qua
1077 1990 1180 2072 loqui·
1233 1988 1335 2069 Quasi
1358 2011 1436 2056 vero
1448 1991 1557 2055 minor
1575 1990 1620 2056 sit
1629 1990 1727 2056 hodie
1749 1993 1894 2076 eorporis
1910 1994 2043 2077 gloriosi
2066 1994 2210 2081 dignitas

203 2086 259 2147 tur
280 2077 418 2155 Paulus,
448 2098 515 2141 non
542 2076 652 2140 minus
680 2076 847 2147 luoulente
874 2077 1061 2141 asserimus:
1091 2074 1179 2140 modi
1231 2076 1266 2140 in
1288 2075 1431 2155 Christo,
1453 2096 1551 2157 quam
1574 2075 1653 2141 olim
1682 2077 1793 2159 futura
1821 2086 1872 2143 est
1899 2080 1933 2143 in
1960 2079 2112 2148 omnibus
2140 2085 2210 2151 eius

203 2171 336 2229 tantum
357 2162 503 2228 definitio
523 2162 699 2244 quaeritur.
743 2163 877 2246 Negant
904 2161 967 2226 sibi
991 2183 1086 2228 surae
1108 2183 1180 2227 esse
1233 2161 1397 2228 membris.
1442 2160 1567 2227 Paulus
1585 2159 1625 2227 de
1648 2162 1795 2246 generali
1815 2164 1946 2248 piorum
1973 2172 2209 2236 resurreotions

200 2250 401 2316 Bremensos
422 2247 583 2332 quomodo
600 2246 634 2311 id
652 2248 718 2324 fiat,
737 2249 814 2330 quia
831 2247 1024 2331 simplieiter
1040 2246 1181 2312 eredunt
1232 2246 1405 2324 disserens,
1426 2245 1512 2329 quod
1535 2269 1623 2312 nune
1643 2257 1695 2313 est
1716 2247 1868 2328 animale,
1899 2250 2024 2334 inquit,
2050 2264 2128 2319 tuno
2152 2256 2210 2322 fiet

201 2334 330 2402 Christi
339 2333 456 2400 verbis.
479 2334 606 2399 Iterum
616 2334 750 2417 excipio,
769 2355 827 2399 nos
849 2333 1042 2417 simpliciter
1053 2333 1179 2399 Christi
1232 2332 1416 2416 spirituale:
1439 2332 1519 2415 quia·
1526 2332 1752 2399 absorbebitur
1768 2335 1983 2402 mortalitasa
1999 2339 2067 2403 vita
2088 2341 2119 2421 (l
2134 2340 2208 2407 Cor.

199 2420 315 2488 uerbis
334 2418 474 2498 eredere,
498 2440 605 2504 neque
626 2428 737 2484 tamen
765 2420 853 2485 ultro
880 2420 1039 2486 suffoeare
1068 2419 1179 2484 lumen
1236 2425 1284 2495 19,
1307 2419 1373 2501 44).
1418 2417 1490 2482 Iam
1508 2440 1574 2483 uno
1592 2439 1702 2485 errore
1719 2440 1786 2484 non
1806 2429 1961 2487 eontenta
1976 2423 2209 2493 Bremensium

201 2508 349 2592 spiritus,
371 2507 518 2591 negleoto
535 2507 814 2587 interpretationis
832 2506 925 2570 dono.
969 2505 1022 2570 Ita
1038 2504 1181 2571 eonoidit
1232 2503 1416 2586 pervioaoia
1437 2524 1568 2569 omnem
1591 2505 1795 2587 spiritualem
1815 2506 1958 2585 modum,
1986 2518 2020 2574 et
2046 2510 2210 2594 interpro-

185 2593 353 2678 speeiosa
374 2613 486 2658 eorum
509 2592 684 2668 assumtio,
707 2590 785 2656 dum
813 2613 848 2656 se
876 2599 1018 2673 quatuor
1039 2591 1179 2655 authen·
1232 2591 1389 2654 tationem
1412 2589 1564 2655 eioludit
1609 2590 1726 2675 Longe
1748 2591 1847 2656 etiam
1874 2595 2015 2661 orossius
2051 2617 2093 2662 ei
2120 2598 2208 2663 fran-

198 2680 278 2745 tioia
300 2677 495 2744 tsstimoniis
516 2678 697 2761 oonstringi
717 2676 845 2754 dieunt,
869 2677 1040 2752 Matthaei,
1064 2676 1178 2755 Marsi,
1232 2674 1330 2759 gandi
1341 2674 1441 2741 verbo
1452 2675 1607 2753 inferunt,
1625 2697 1744 2759 panem
1756 2677 1811 2760 qui
1829 2679 1865 2742 iu
1881 2701 1982 2745 coena
1992 2680 2207 2761 distribuitur,

199 2767 318 2832 Lueae
345 2775 379 2829 at
406 2763 511 2830 Pauli.
562 2763 676 2846 Neque
707 2764 796 2829 enim
823 2761 922 2828 fidem
950 2762 1015 2827 illis
1044 2760 1180 2846 abrogat
1232 2781 1348 2827 verum
1379 2777 1413 2826 et
1445 2760 1595 2826 naturale
1626 2783 1698 2828 esse
1732 2762 1858 2830 Christi
1891 2786 2017 2849 eorpus,
2072 2768 2207 2848 Paulus,

190 2860 317 2917 nostra
344 2849 506 2927 doetrina,
534 2847 592 2914 sed
620 2847 705 2932 quod
731 2850 931 2932 praeposteri
953 2849 1007 2913 isti
1030 2848 1179 2913 homines
1231 2847 1344 2925 fateor,
1370 2868 1437 2911 uno
1465 2845 1501 2911 in
1530 2846 1599 2911 loeo
1627 2848 1658 2928 (l
1687 2848 1761 2914 Cor.
1792 2854 1839 2927 10,
1872 2852 1925 2930 16)
1953 2873 2072 2935 panem
2100 2855 2208 2941 frangi

169 2936 349 3004 ‘tenebris
369 2936 553 3013 involvunt,
575 2932 717 3000 fideliter
734 2934 911 3018 dextreque
929 2933 1079 3000 elueidat
1124 2935 1179 2998 An
1232 2931 1318 3012 dieit,
1342 2931 1406 2997 alio
1425 2941 1550 2998 autem:
1573 2932 1649 2999 Hoo
1670 2944 1720 3000 est
1743 2955 1861 3019 oorpus
1884 2959 2010 3017 meum,
2036 2939 2121 3021 quod
2149 2963 2208 3025 pro

197 3044 283 3090 vero
305 3023 490 3089 firmissime
512 3021 561 3086 illi
585 3042 698 3086 omnes
715 3030 750 3088 et
775 3021 897 3104 absque
924 3019 993 3084 ulla
1018 3020 1178 3101 interpre-
1230 3019 1323 3084 vobis
1343 3019 1507 3103 frangitur
1530 3017 1560 3118 (1
1586 3018 1662 3084 Cor.
1689 3026 1737 3098 ll,
1768 3023 1834 3103 24).
1884 3019 1951 3088 Sed
1978 3024 2081 3090 miror
2107 3026 2207 3092 bonos

197 3110 329 3175 tatione
354 3116 504 3174 asserant
532 3128 647 3173 verum
675 3116 709 3172 st
737 3106 888 3173 naturale
909 3105 1034 3171 Christi
1060 3124 1179 3189 eorpus
1230 3105 1311 3170 istos
1332 3103 1503 3171 hebraioae
1524 3103 1657 3189 linguas
1679 3104 1835 3184 dootores,
1856 3109 1913 3190 qui
1941 3108 2037 3189 paulo
2064 3119 2138 3192 post
2166 3133 2206 3177 ex

192 3216 274 3262 esse
292 3214 421 3278 panem,
442 3193 539 3260 leutio
560 3191 683 3258 dooeat
727 3192 801 3258 Hoe
828 3192 962 3258 elioiunt
982 3192 1178 3257 Bremenses
1229 3192 1422 3273 pronomine
1444 3190 1517 3256 Hoo
1538 3190 1664 3256 fauiimt
1683 3191 1903 3257 masculinum
1926 3215 2105 3277 pronomen
2131 3197 2205 3277 Hie,

191 3304 242 3347 ex
272 3288 438 3346 eontextu.
492 3279 582 3362 Ergo
609 3287 643 3343 et
674 3278 768 3344 nobis
795 3300 837 3344 ex
876 3277 991 3349 eodem
1022 3285 1178 3343 eontextu
1230 3277 1308 3359 quia
1329 3287 1447 3342 neutro
1468 3296 1590 3360 genere
1611 3286 1724 3342 oarsnt
1733 3275 1888 3356 Hebraei,
1910 3299 1977 3344 non
1999 3283 2207 3365 tenerequod

191 3368 322 3434 elioere
350 3365 459 3443 lieeat,
488 3364 584 3430 aliter
610 3365 972 3447 quamimeginantur,
1001 3383 1119 3446 eorpus
1145 3371 1179 3428 et
1230 3363 1341 3445 pueris
1369 3360 1589 3440 elementariis
1622 3361 1737 3427 tritum
1766 3370 1829 3440 est,
1856 3367 1929 3444 [pag.
1962 3368 2036 3445 991]
2070 3368 2207 3434 verbum

191 3452 401 3537 sanguinem
424 3450 515 3516 nobis
536 3451 572 3515 in
593 3470 696 3516 eoena
722 3450 833 3516 offerri
863 3456 935 3528 [pag.
958 3453 1043 3528 999].
1089 3447 1179 3529 Quid
1230 3447 1411 3530 praesentis
1422 3447 1578 3530 temporis
1589 3445 1706 3514 debere
1727 3449 1762 3512 in
1773 3450 1922 3515 futurum
1933 3449 2062 3515 iesolvi.
2107 3453 2207 3520 Certe

188 3542 235 3607 in
259 3536 361 3604 ealioe
389 3537 461 3603 dari
485 3537 625 3603 ieoitaiit
652 3537 761 3602 Lueas
789 3546 824 3601 et
848 3534 997 3602 Paulus?
1052 3529 1178 3618 Nempe
1230 3532 1316 3599 idem
1337 3531 1415 3597 dioit
1430 3531 1516 3615 quod
1533 3533 1648 3633 reliqui
1665 3534 1894 3618 evangelistas,
1912 3534 1999 3619 apud
2016 3557 2097 3619 quos
2114 3537 2207 3604 nulla

170 3633 437 3695 assumentum
454 3623 491 3687 iii
507 3623 675 3706 sanguine.
716 3622 841 3688 Eadem
859 3642 960 3705 quum
978 3622 1021 3686 sit
1037 3622 1179 3704 eorporis
1229 3619 1438 3702 quotidianae
1459 3619 1628 3685 fraetioms
1649 3621 1688 3685 fit
1708 3621 1840 3698 mentio,
1862 3621 1919 3686 sed
1942 3631 2072 3687 tantum
2083 3646 2206 3691 memo·

187 3713 298 3790 ratio,
327 3721 481 3793 sequetur
509 3729 552 3774 ex
579 3707 704 3774 Christi
731 3709 839 3775 verbis
875 3729 940 3773 non
967 3706 1056 3774 eliud
1082 3729 1178 3792 posse
1230 3715 1322 3771 ratur
1343 3702 1475 3770 traditio
1496 3706 1533 3770 in
1554 3726 1649 3771 oruee
1670 3706 1764 3773 foeta.
1815 3705 1926 3786 Quare
1947 3708 2074 3792 Fraugi
2100 3711 2206 3776 Paulo

190 3797 323 3883 oolligi
345 3797 410 3863 nisi
429 3793 548 3861 saneiri
569 3795 630 3860 sub
647 3815 732 3877 pane
749 3794 843 3860 nobis
861 3791 974 3860 foedus
990 3795 1027 3858 iii
1044 3814 1178 3876 eorpors
1228 3789 1423 3857 tantundem
1443 3790 1539 3866 valet,
1562 3791 1846 3874 atqueimmoluri:
1869 3793 1932 3858 nisi
1950 3792 2035 3876 quod
2053 3793 2095 3859 ad
2116 3817 2203 3880 mys·

188 3885 265 3953 filii
287 3883 361 3959 Dei,
384 3880 473 3964 quod
493 3901 553 3964 pro
569 3879 664 3946 nobis
682 3880 875 3952 eruoiliiium
893 3888 951 3946 est.
996 3879 1105 3945 Edere
1126 3881 1177 3944 iu·
1229 3878 1328 3944 tioam
1348 3877 1519 3954 sotionem,
1543 3898 1626 3959 quae
1649 3878 1761 3942 vivum
1774 3886 1825 3941 est
1845 3879 1960 3969 mortis
1982 3878 2110 3947 Christi
2132 3903 2206 3965 sps·

179 3972 329 4048 bamur,
348 3967 504 4051 quodpro
521 3966 817 4032 nobisoruoiliiium
827 3972 1017 4048 osteorpus.
1052 3963 1179 4048 Nempe
1229 3962 1349 4040 sulum,
1382 3960 1510 4027 alludit
1566 3962 1798 4027 Commeatum
1827 3985 1915 4048 ergo,
1950 3964 2036 4048 quod
2061 3987 2121 4049 pro
2148 3988 2206 4054 ge-

171 4068 238 4127 ‘ut
261 4054 413 4122 morifioii
434 4052 534 4131 illius,
556 4073 619 4135 quo
641 4052 773 4136 expiata
800 4056 877 4116 sunt
897 4049 1014 4117 mundi
1035 4059 1177 4133 pestate,
1229 4049 1332 4114 uuino
1351 4068 1452 4114 sensu
1472 4046 1653 4112 obtrudunt
1676 4048 1889 4116 Bremenses:
1911 4049 1984 4116 Hoo
2010 4061 2062 4117 est
2088 4073 2206 4138 eorpus

180 4148 323 4213 fiamus
342 4140 525 4223 partieipes.
570 4137 610 4204 Si
630 4159 683 4204 res
700 4138 891 4204 ooniunotas
908 4158 980 4202 osse
998 4137 1177 4220 exoipiunt,
1229 4154 1350 4212 meum,
1372 4131 1459 4217 quod
1481 4154 1543 4231 pro·
1566 4131 1660 4211 vobis
1681 4133 1716 4198 in
1738 4153 1823 4220 pane
1840 4135 2005 4220 frangitur
2023 4137 2078 4203 vel
2094 4138 2205 4206 distri·

181 4226 353 4300 naorifieii
379 4226 524 4292 frustum
550 4232 585 4290 et
610 4224 718 4290 earnis
749 4221 1087 4302 oommuuioationem,
1116 4224 1179 4289 hoo
1229 4221 1355 4298 buitur,
1385 4216 1471 4285 nihil
1502 4216 1592 4283 aliud
1621 4239 1719 4303 quam
1754 4219 1898 4286 belluina
1930 4224 2111 4304 profanatio
2144 4236 2204 4305 est,

179 4320 313 4403 ipsum
340 4333 431 4378 nune
457 4330 573 4395 urgeo:
602 4308 732 4393 quando
759 4309 874 4375 eadem
902 4309 974 4392 lege
1002 4317 1036 4375 et
1061 4309 1178 4375 iisdem
1229 4325 1313 4390 quae
1336 4306 1397 4389 piis
1415 4303 1575 4383 omnibus,
1598 4313 1635 4369 ut
1657 4325 1761 4394 spero,
1784 4307 1999 4374 sxseorabiles
2017 4329 2072 4374 sos
2090 4308 2205 4376 reddet

179 4400 315 4470 verbis
335 4417 453 4482 eorpus
473 4418 569 4463 suum
591 4405 626 4461 et
641 4393 755 4463 foedus
771 4396 806 4460 in
823 4415 957 4479 eorpore
974 4395 1071 4461 offert
1090 4395 1179 4462 filius
1228 4413 1305 4458 oum
1331 4410 1391 4457 sno
1419 4411 1539 4468 erroro,
1566 4411 1663 4472 quem
1690 4390 1787 4457 aliter
1819 4395 1903 4458 tueri
1931 4405 2106 4477 nequeunt,
2140 4395 2204 4460 nisi

170 4486 277 4565 wei,
300 4483 441 4549 alterum
469 4503 536 4549 non
562 4482 662 4565 reeipi
684 4483 755 4547 sine
777 4480 890 4546 altero.
939 4479 1026 4562 Quia
1054 4481 1177 4547 dietum
1229 4478 1339 4543 omnia
1360 4473 1586 4575 pervertendo.
1906 4516 1908 4520 ψ
2052 4563 2058 4577 .
2104 4563 2111 4576 ⁹

177 4586 268 4644 ost:
304 4568 416 4650 lldite,
446 4569 508 4634 hoo
537 4576 588 4634 est
617 4589 735 4652 eorpus
758 4587 877 4646 meum,
905 4567 1024 4633 volunt
1050 4567 1178 4634 Christi
1314 4563 1357 4629 Iu
1390 4582 1521 4627 nomine
1557 4568 1714 4636 astruatur
1746 4585 1805 4629 eur
1841 4573 2012 4647 tantopere
2049 4574 2202 4630 insistant

174 4679 325 4742 „orpus
345 4656 386 4721 ab
411 4653 599 4721 hominibus
627 4653 867 4738 qualesounque
894 4653 970 4731 sint,
999 4655 1178 4721 substanti-
1229 4649 1322 4714 nulla
1342 4656 1394 4714 est
1421 4667 1529 4712 eausa
1577 4646 1867 4731 Partieipationem
1893 4650 2064 4733 signifieat
2113 4647 2201 4730 Quid

181 4746 302 4816 nliter
330 4739 466 4807 oomedi
515 4740 585 4806 Cur
612 4761 681 4806 non
708 4761 768 4824 ogo
797 4746 920 4818 eontra,
948 4739 1110 4821 quoslibet
1136 4762 1179 4807 ex
1229 4734 1322 4800 tum?
1367 4732 1453 4798 Nam
1476 4733 1503 4797 si
1525 4730 1603 4831 indo
1624 4734 1696 4831 oo‘
1766 4733 2059 4800 teubstantialiter
2075 4737 2200 4823 pomedi

174 4830 306 4902 ‹ialioe
319 4826 467 4893 bibendo
488 4825 601 4893 foedus
622 4825 787 4911 resipere?
830 4825 885 4891 Ita
910 4834 1077 4909 sequetur,
1099 4846 1179 4891 vers
1230 4819 1356 4887 Christi
1376 4839 1504 4902 eorpus,
1528 4839 1671 4886 meissim
1712 4821 1833 4886 ‘semus
1849 4817 2032 4919 saperdotss
2052 4819 2202 4886 substan·

167 4929 234 4986 τι
257 4913 475 5001 spiritualiter
495 4912 630 4979 Christo
656 4911 896 4978 eommunioare
924 4911 1109 4995 quieunqus
1137 4910 1179 4977 ad
1230 4907 1310 4972 tiam
1331 4904 1610 4993 altarisvorasse‚
1633 4914 1667 4969 et
1686 4903 1944 4972 substantialiter
1965 4912 2066 4970 otiam
2088 4903 2202 4990 deglu-

182 5021 354 5071 mensam
372 4999 538 5067 aooedunt.
572 4996 704 5066 Nodum
720 4998 811 5065 huno
826 4996 1004 5083 expediant
1018 4998 1180 5063 Bremen·
1229 4992 1285 5057 tiri
1305 4988 1430 5056 idolum
1458 5011 1479 5055 a
1505 4989 1575 5055 suis
1600 4989 1779 5057 eultoribns
1808 4993 1882 5069 [pag.
1905 4993 1981 5070 999]
2009 4989 2139 5073 quando
2166 4993 2202 5058 in

187 5110 267 5168 sss,
289 5086 355 5154 nisi
377 5089 451 5165 [pag.
471 5090 545 5167 999]
573 5083 776 5170 strangulari
802 5083 914 5152 velint
964 5083 1039 5151 Etsi
1067 5089 1179 5149 autem
1228 5084 1366 5161 utroque
1386 5083 1542 5140 κοινωνίαν
1562 5076 1680 5141 statuit
1698 5074 1826 5142 Paulus
1848 5075 1962 5141 sodsm
1981 5074 2060 5141 loeo
2104 5075 2201 5179 Quod

193 5194 326 5246 irarum
346 5169 472 5239 Christi
495 5193 612 5255 eorpus
634 5169 817 5239 comeditur
836 5171 873 5237 in
890 5190 1001 5250 eosne,
1020 5189 1088 5235 non
1104 5168 1178 5235 ideo
1228 5163 1329 5229 etiam
1349 5162 1472 5230 veteris
1491 5162 1680 5228 testamenti
1715 5159 1865 5246 symbola
1896 5168 1930 5225 et
1961 5161 2085 5245 figuras
2124 5163 2201 5231 hino

310 5273 526 5344 Μῄονα.
564 5275 621 5331 Vos
638 5274 695 5330 lx.
1964 5261 1996 5316 16
