4590 5858
656 1343 988 1477 cerrsssrerv
1011 1399 1112 1482 nus
1136 1361 1484 1499 nscnoururs.

135 1655 400 1741 Formulaire
431 1657 484 1738 de
515 1657 748 1740 confession
779 1658 831 1740 de
862 1659 968 1770 Foy,
1270 1659 1476 1742 Formula
1506 1659 1776 1744 confessionis
1806 1659 1905 1742 fidei

66 1778 131 1859 que
152 1772 200 1838 les
222 1771 398 1838 escholicrs
420 1781 538 1836 aurunt
559 1777 579 1836 a
601 1772 680 1837 faire
702 1783 735 1837 et
752 1771 934 1840 soubscrire
953 1782 1044 1839 entre
1096 1773 1149 1841 cui
1171 1794 1206 1841 se
1228 1772 1431 1858 adstringere
1452 1782 1609 1841 tenentur
1629 1795 1742 1839 omnes
1770 1774 1906 1841 studiosi
1927 1774 2074 1857 publicae

345 1856 392 1923 les
414 1857 520 1922 meins
542 1856 587 1921 du
610 1858 762 1923 Recteur.
1378 1860 1510 1927 scholae
1531 1881 1641 1926 coram
1662 1868 1797 1926 rectore.

35 2049 37 2053 ,
153 1995 190 2061 Ie
207 2001 351 2079 protests
368 1994 409 2060 ds
426 1994 553 2061 veuloir
569 2015 692 2078 suyvre
703 2005 736 2059 et
753 1994 839 2060 tenir
856 1995 889 2060 la
900 1994 1045 2061 doctrine
1181 1996 1297 2062 'festor
1319 2017 1372 2062 me
1393 1996 1548 2079 amplecti
1569 2018 1607 2063 ac
1626 1996 1769 2062 retinere
1788 1996 1872 2062 velle
1892 1996 2073 2064 doctrinam

67 2082 109 2148 de
130 2084 184 2167 foy
207 2081 285 2146 telle
306 2081 421 2164 qu’ello
448 2087 497 2146 est
526 2090 685 2146 centenus
713 2102 756 2144 au
777 2079 983 2147 Oatechisme
1005 2081 1045 2147 de
1097 2080 1181 2160 fidei,
1204 2083 1249 2147 ita
1271 2090 1308 2147 ut
1328 2093 1379 2147 est
1400 2082 1436 2146 in
1458 2082 1557 2149 huius
1584 2082 1738 2149 ecclesiae
1764 2083 1960 2150 catechismo
1986 2105 2073 2149 eom-

67 2168 279 2252 cesteEglise
300 2177 335 2233 et
355 2166 395 2232 de
417 2166 650 2232 m‘useubieetir
671 2167 760 2231 aussi
780 2173 801 2231 a
822 2167 854 2230 la
876 2165 1045 2249 discipline
1096 2167 1269 2251 prehensa,
1291 2177 1325 2232 et
1345 2189 1398 2233 ma
1419 2168 1577 2234 subiicere
1598 2166 1835 2251 disciplinaein
1856 2169 1919 2235 hee
1939 2168 2074 2235 eeclesia
2166 2208 2168 2212 ν

67 2254 208 2338 laquelle
229 2275 252 2337 y
274 2261 324 2317 cst
345 2251 490 2329 establis,
511 2260 544 2315 et
566 2251 605 2316 de
623 2251 796 2317 n'udherer
817 2274 858 2317 ou
879 2253 1045 2319 consentit
1096 2253 1302 2332 constitutae,
1324 2274 1430 2336 neque
1452 2253 1671 2320 adhaesurum
1692 2261 1750 2318 aut
1766 2275 1975 2320 assensurum
1997 2254 2073 2320 ullis

67 2340 214 2406 anurles
236 2350 341 2404 sentes
362 2340 418 2421 qui
440 2345 558 2422 seyent
578 2358 661 2420 pour
682 2337 827 2403 troubler
854 2338 886 2403 le
914 2339 990 2421 paix
1012 2349 1046 2405 ct
1097 2339 1193 2405 sectis
1214 2339 1332 2422 quibus
1353 2340 1502 2405 turbetur
1523 2361 1588 2423 pax
1606 2349 1641 2405 et
1662 2339 1834 2406 concordia
1860 2360 1957 2423 quam
1979 2339 2072 2407 Deus

67 2425 170 2491 union
193 2445 257 2507 que
279 2425 364 2489 Disu
386 2445 408 2489 a
425 2424 469 2490 ici
490 2425 572 2488 mise
593 2421 682 2489 selon
705 2444 741 2489 sa
762 2423 894 2506 parelle.
1097 2425 1151 2491 hic
1173 2425 1332 2492 stabilivit
1353 2446 1395 2490 ex
1414 2425 1515 2491 verbe
1537 2446 1605 2491 suo.

154 2511 200 2576 Et
221 2519 243 2576 a
264 2512 310 2575 fin
331 2508 373 2574 de
394 2509 517 2574 mieulx
538 2509 694 2591 speeifier,
717 2517 751 2573 et
766 2511 886 2575 former
903 2509 934 2574 la
952 2517 1045 2593 porte
1181 2510 1292 2593 thue
1319 2530 1358 2576 ea
1384 2532 1437 2576 res
1462 2511 1648 2594 expressius
1675 2509 1774 2575 etiam
1802 2509 2011 2594 significetur,
2040 2520 2074 2577 at

67 2603 90 2662 a
117 2605 191 2662 tous
219 2598 435 2679 subterfuges‚
464 2594 501 2660 Ie
528 2595 674 2660 confesse
702 2594 783 2676 qu’il
815 2617 880 2678 ya
909 2617 954 2660 un
977 2595 1047 2660 seul
1096 2595 1248 2663 omnibus
1268 2596 1479 2680 subterfugiis
1507 2596 1616 2662 editus
1645 2593 1891 2679 praecludatur,
1919 2599 2074 2664 confiteor

68 2682 156 2748 Dieu
173 2681 294 2765 auquel
310 2681 333 2745 il
352 2702 435 2746 nous
446 2681 530 2746 fault
541 2681 637 2758 tenir,
649 2701 730 2763 pour
740 2680 772 2745 le
794 2683 908 2759 servir,
921 2681 1046 2757 aduren,
1096 2704 1200 2747 unum
1226 2702 1298 2748 esse
1325 2681 1435 2747 Deum
1462 2682 1498 2746 in
1522 2703 1586 2765 quo
1614 2703 1675 2748 nes
1703 2682 1907 2765 acquiescere
1936 2690 2072 2766 oportet,

67 2777 104 2832 et
124 2768 252 2853 yavoir
267 2775 377 2833 nostre
400 2768 503 2832 hence
521 2776 555 2831 et
575 2767 696 2850 refuge.
740 2766 787 2831 let
804 2768 951 2833 combion
968 2766 1047 2849 qu’il
1098 2778 1136 2832 ut
1167 2789 1242 2833 eum
1270 2767 1413 2834 colamus
1442 2776 1476 2833 et
1497 2767 1680 2846 adoramus,
1711 2777 1744 2831 et
1771 2768 1807 2831 in
1834 2788 1873 2832 eo
1895 2789 1960 2833 uno
1980 2788 2073 2852 spem

69 2863 144 2937 scyt
170 2851 266 2918 d'une
300 2852 416 2935 simple
448 2873 593 2930 essenos,
627 2852 795 2917 teuteslois
828 2853 853 2917 il
880 2875 921 2918 ne
949 2852 1046 2918 laissa
1097 2874 1230 2918 omnem
1262 2865 1408 2919 nostram
1446 2852 1647 2918 collocemus.
1707 2851 1868 2932 Quamvis
1901 2863 2012 2919 autem
2043 2854 2073 2920 is

68 2957 128 3023 pes
150 2937 268 3004 d'estre
286 2936 451 3022 distinguo
473 2960 514 3003 en
533 2940 612 3002 trois
629 2957 815 3020 perseunes.
860 2939 904 3002 Et
921 2937 1046 3004 detesto
1097 2939 1196 3004 nnius
1215 2946 1250 3004 et
1270 2938 1427 3022 simplicis
1449 2939 1492 3004 sit
1512 2938 1682 3016 essentiae,
1711 2937 1883 3004 distinctus
1910 2947 1961 3004 est
1986 2939 2073 3004 nihi·

68 3034 176 3090 toutes
196 3025 245 3089 les
267 3023 412 3089 heresias
432 3025 488 3107 qui
509 3033 569 3089 out
589 3033 658 3088 este
675 3022 891 3089 condamnees
907 3032 1046 3089 tantan
1096 3023 1240 3090 lominus
1260 3025 1297 3088 in
1316 3032 1382 3089 tres
1393 3045 1559 3106 personas.
1603 3022 1677 3104 Quo
1688 3024 1728 3087 fit
1749 3031 1786 3088 ιιι
1796 3020 1940 3089 detester
1958 3045 2073 3090 omnes

69 3111 211 3194 premier
221 3110 342 3174 concile
354 3109 495 3187 deNice‚
507 3113 606 3191 qu'au
615 3109 757 3191 premier
773 3110 862 3174 aussi
872 3108 1046 3192 d’Ephese,
1098 3109 1249 3176 haereses
1277 3109 1448 3176 damnatas
1476 3109 1583 3192 prima
1611 3107 1736 3193 synodo
1762 3109 1901 3186 Nicena,
1930 3110 2073 3193 itemque

68 3209 105 3261 st
125 3218 166 3261 en
190 3196 286 3280 celuy
308 3196 349 3260 ds
371 3192 586 3260 Chalcedone.
631 3196 716 3259 ltem
745 3204 818 3260 tous
847 3193 893 3260 les
916 3202 1046 3261 err‘eurs
1096 3195 1265 3278 Ephesius
1286 3204 1320 3260 et
1341 3193 1607 3272 Chalcedonensi,
1629 3213 1695 3259 una
1714 3215 1788 3259 cum
1811 3192 1962 3260 omnibus
1984 3215 2073 3260 arro-
2180 3196 2185 3205 “

70 3281 126 3365 qui
148 3297 206 3347 ont
227 3281 498 3347 esterenouvelez
521 3302 580 3363 por
591 3277 711 3346 Servat
731 3289 765 3345 et
782 3301 834 3345 ses
856 3281 1044 3363 complices:
1097 3281 1188 3346 ribus
1210 3301 1230 3344 a
1257 3279 1398 3346 Servate
1415 3290 1449 3345 et
1475 3279 1578 3362 ipsius
1606 3279 1737 3345 asseclis
1764 3281 1938 3344 renovatis.
1987 3280 2073 3345 Nam

69 3388 124 3432 ure
151 3376 346 3433 eontentaut
373 3366 413 3431 ds
444 3375 531 3432 ceste
557 3365 738 3449 simplicite,
766 3370 863 3448 qu’eu
890 3367 1046 3432 l'essence
1097 3369 1132 3431 in
1154 3367 1216 3432 hac
1238 3365 1446 3449 simplicitate
1468 3365 1644 3448 acquiesco,
1666 3366 1702 3430 in
1729 3366 1827 3431 unica
1848 3365 1912 3429 Dei
1934 3366 2074 3431 essentia

70 3454 194 3536 unique
217 3452 257 3517 de
280 3454 366 3517 Dieu
389 3453 411 3516 il
433 3475 457 3537 y
479 3473 499 3516 a
519 3453 551 3517 le
572 3452 657 3516 Pere
683 3454 739 3534 qui
767 3473 787 3516 a
813 3452 978 3536 engeudrs
1006 3452 1046 3516 de
1097 3472 1172 3518 esse
1190 3461 1318 3536 patrem
1338 3452 1394 3534 qui
1416 3452 1456 3518 ab
1479 3461 1611 3517 aeterno
1629 3450 1742 3534 genuit
1760 3449 1895 3515 verbum
1915 3472 2022 3530 suum,
2040 3461 2074 3517 st

69 3547 161 3603 toute
183 3538 322 3603 sternite
344 3559 382 3603 sa
404 3536 535 3603 Parolle
556 3548 590 3602 et
610 3538 727 3603 carissi
740 3538 901 3603 tcusiours
922 3560 965 3602 eu
986 3558 1047 3603 son
1098 3558 1194 3615 suum
1212 3536 1363 3621 spiritum
1389 3557 1518 3620 semper
1545 3538 1578 3601 in
1607 3558 1678 3602 sess
1709 3534 1839 3601 hahuit:
1866 3543 1900 3600 et
1927 3536 2073 3620 singulas

69 3623 198 3706 llsprit:
221 3637 254 3689 et
285 3644 349 3706 que
380 3623 542 3689 chaseune
569 3644 731 3705 personne
762 3645 786 3688 a
813 3622 990 3689 tellement.
1011 3643 1047 3688 sa
1097 3624 1178 3688 istas
1200 3643 1356 3705 personas
1387 3623 1434 3687 ita
1466 3621 1586 3688 habere
1608 3641 1668 3688 sua
1698 3621 1853 3686 idiomate
1887 3621 2072 3704 peculiaria,

67 3711 236 3793 propriata
257 3729 319 3791 que
341 3709 373 3774 la
394 3707 532 3774 divinite
554 3709 707 3773 domeure
728 3710 891 3775 tousiours
919 3728 959 3774 eu
986 3729 1047 3774 son
1098 3716 1136 3774 ut
1153 3705 1258 3774 deitas
1279 3709 1408 3793 integra
1429 3729 1558 3791 semper
1580 3715 1716 3773 maneat

66 3799 184 3861 entier.

155 3880 192 3945 Ie
213 3878 359 3946 confesse
370 3880 459 3945 aussi
477 3900 539 3961 que
551 3880 636 3944 Dieu
657 3899 677 3943 a
698 3889 771 3945 eree
789 3900 855 3944 nen
868 3879 1048 3945 seulement
1183 3879 1269 3944 Item
1290 3881 1445 3945 confiteor
1466 3877 1576 3942 Deum
1593 3897 1721 3944 creasse
1743 3897 1809 3942 non
1831 3887 1963 3943 tantum
1984 3878 2073 3945 hunc

69 3967 102 4031 lc
132 3964 251 4031 monde
286 3966 410 4042 visible,
440 3973 461 4029 u
487 3965 615 4046 spevoir
643 3965 674 4029 le
702 3965 763 4030 cicl
791 3975 824 4030 et
851 3965 883 4029 la
904 3976 991 4030 terre
1013 3972 1047 4029 et
1096 3964 1258 4030 mundum
1279 3964 1452 4045 visibilem,
1472 3962 1507 4028 id
1527 3972 1577 4029 est
1597 3962 1721 4029 coelum
1735 3969 1768 4027 st
1784 3974 1906 4029 terram
1926 3972 1960 4030 ct
1980 3965 2074 4047 quid·

70 4059 143 4117 tout
163 4073 201 4118 ce
221 4052 321 4136 quiy
341 4061 392 4116 est
413 4059 563 4128 contenu,
585 4051 668 4115 meis
690 4052 777 4116 aussi
793 4050 840 4116 les
858 4051 978 4133 esprits
995 4051 1046 4115 in·
1097 4050 1177 4134 qnid
1199 4050 1246 4116 eis
1273 4049 1473 4127 continetur,
1503 4050 1561 4115 sed
1590 4049 1689 4113 etiam
1716 4049 1849 4130 spiritus
1876 4049 2072 4116 invisibiles:

70 4138 219 4203 visibles:
241 4137 322 4201 dont
343 4137 392 4201 les
403 4158 465 4201 uns
487 4137 694 4220 ontpersiste
715 4157 827 4202 cnsou
850 4137 1046 4214 obeissanoe‚
1097 4157 1236 4219 quorum
1249 4134 1304 4200 alii
1326 4136 1363 4200 in
1374 4137 1437 4201 Dei
1448 4134 1632 4201 obedientis
1643 4135 1864 4216 perstiterunt,
1886 4135 1942 4200 alii
1959 4146 2073 4220 suapte

71 4234 107 4288 et
127 4222 175 4288 les
196 4233 307 4287 autres
329 4223 370 4287 de
391 4222 463 4287 leur
484 4243 601 4304 propre
628 4220 742 4287 melice
769 4231 843 4288 sont
872 4220 1046 4287 trehnchea
1098 4221 1225 4287 malitis
1245 4221 1282 4286 in
1304 4221 1443 4286 exitium
1469 4227 1549 4288 sunt
1575 4219 1788 4302 praecipitati.
1840 4219 1937 4301 Quod
1963 4228 2073 4287 autem

71 4329 116 4375 en
137 4308 313 4391 perdition:
341 4309 424 4374 meis
452 4329 514 4391 que
540 4307 573 4371 la
598 4328 833 4391 perseverasse
859 4307 914 4390 qui
938 4329 957 4373 a
980 4315 1048 4373 este
1097 4302 1147 4372 ini
1167 4305 1417 4391 perseverarint,
1439 4326 1579 4390 agnosco
1601 4304 1709 4371 deberi
1729 4306 1892 4389 gratuitae
1909 4305 1974 4371 Dei
1989 4305 2073 4373 elec·

70 4415 108 4460 es
131 4397 243 4478 Auges
265 4403 316 4459 est
338 4415 442 4459 venue
470 4393 510 4459 de
537 4393 696 4460 l’election
725 4395 866 4477 gratuite
893 4393 933 4458 de
961 4391 1048 4458 Dieu
1099 4393 1190 4470 tioni,
1211 4393 1267 4475 qui
1287 4392 1434 4476 perrexit
1453 4413 1509 4457 eos
1530 4390 1665 4475 diligere
1687 4399 1720 4455 et
1740 4411 1800 4457 sua
1821 4391 1965 4457 bonitate
1986 4411 2074 4456 com·

65 4481 129 4564 ·qui
151 4501 171 4544 a
192 4480 348 4546 continue
370 4502 428 4545 son
451 4500 566 4544 amour
588 4490 621 4545 et
641 4500 678 4544 sa
699 4478 797 4544 honre
817 4500 935 4544 envers
961 4480 1049 4557 eulx,
1099 4477 1206 4562 plecti,
1229 4478 1290 4545 hoe
1311 4477 1377 4544 illis
1398 4478 1567 4577 largiendo
1589 4477 1772 4543 utfirmiac
1792 4483 1978 4542 constantes
2000 4496 2074 4559 per·

69 4588 115 4631 eu
133 4565 206 4630 leur
223 4566 372 4631 donuent
389 4567 522 4631 termete
540 4565 716 4631 immuable
734 4564 940 4647 depersister
958 4574 1049 4630 tous-
1099 4572 1279 4630 manerent
1322 4565 1372 4630 Ac
1393 4561 1529 4646 prolude
1548 4583 1699 4628 exsecror
1719 4582 1862 4627 errorem
1884 4560 2074 4628 Manichae-

72 4653 164 4717 iours
200 4672 242 4716 en
274 4650 358 4716 bion.
412 4651 567 4736 Parquoy
604 4653 635 4716 ie
668 4650 791 4716 deteste
823 4650 961 4716 l'erreur
993 4649 1054 4716 des·
1100 4671 1204 4728 orum,
1227 4649 1282 4733 qui
1311 4648 1481 4733 imaginati
1509 4658 1586 4714 sunt
1612 4646 1775 4714 diabolum
1807 4654 1925 4711 natura
1949 4646 2074 4714 mulum

72 4736 298 4814 Manichacus,
325 4735 382 4820 qui
414 4747 472 4803 ont
500 4737 644 4820 imagine
671 4757 734 4820 que
769 4736 800 4801 le
828 4734 933 4801 diable
955 4736 1052 4801 estoit
1100 4756 1171 4802 esse
1192 4743 1226 4801 et
1246 4734 1405 4819 originem
1426 4754 1465 4802 ae
1485 4734 1682 4818 principium
1704 4755 1724 4799 a
1745 4752 1780 4798 se
1800 4730 1872 4815 ipso
1893 4730 2020 4800 ducere.

70 4824 223 4888 mauvais
240 4822 280 4887 ds
302 4835 429 4901 nature,
456 4830 490 4887 et
518 4844 642 4889 mesms
669 4823 757 4889 aveit
785 4843 844 4888 son
870 4821 997 4905 origine
1018 4831 1052 4887 et

72 4909 220 4993 principe
242 4907 283 4972 de
303 4928 494 4993 soymcsme.
598 4956 601 4964 .
2032 4968 2034 4972 Α

161 4994 198 5058 le
220 4994 364 5060 matese
385 5013 449 5077 quc
461 4993 547 5059 Dieu
564 5015 584 5059 a
605 4993 774 5060 tellement
786 5001 866 5059 eree
880 4993 912 5057 le
933 4991 1053 5058 monde
1189 4990 1357 5058 Oontiteor
1382 4991 1492 5058 Deum
1513 4991 1561 5056 ita
1587 4988 1688 5056 semel
1709 5005 1836 5060 creasse
1855 4985 2016 5053 mundum
2037 4995 2076 5056 ut

74 5099 142 5145 unc
163 5079 226 5144 fois
247 5080 441 5163 qu'ilcncst
459 5079 624 5144 tousicurs
640 5097 862 5164 gcuverneur:
885 5078 1054 5144 tellement
1104 5079 1147 5144 sit
1174 5084 1351 5162 perpetuus
1379 5077 1451 5145 eius
1476 5077 1685 5162 gubernator:
1714 5070 1794 5138 adeo
1826 5077 1865 5138 ut
1895 5071 1979 5138 nihil
2004 5074 2082 5149 fieri

183 5178 293 5236 θσὶοιιιι·
306 5197 400 5253 opero.
439 5181 495 5238 Vct
515 5180 569 5236 IX.
1832 5172 1868 5230 46
