<?xml version="1.0" encoding="UTF-8"?>
<!DOCTYPE html PUBLIC "-//W3C//DTD XHTML 1.0 Transitional//EN"
    "http://www.w3.org/TR/xhtml1/DTD/xhtml1-transitional.dtd">
<html xmlns="http://www.w3.org/1999/xhtml" xml:lang="en" lang="en">
 <head>
  <title>
</title>
<meta http-equiv="Content-Type" content="text/html;charset=utf-8" />
  <meta name='ocr-system' content='tesseract 3.04.00' />
  <meta name='ocr-capabilities' content='ocr_page ocr_carea ocr_par ocr_line ocrx_word'/>
</head>
<body>
  <div class='ocr_page' id='page_1' title='image "./ioanniscalvinio01reusgoog_0329.png"; bbox 0 0 4620 5828; ppageno 0'>
   <div class='ocr_carea' id='block_1_1' title="bbox 212 243 2215 342">
    <p class='ocr_par' dir='ltr' id='par_1_1' title="bbox 212 243 2215 342">
     <span class='ocr_line' id='line_1_1' title="bbox 212 243 2215 342; baseline -0.002 -25"><span class='ocrx_word' id='word_1_1' title='bbox 212 255 276 318; x_wconf 80' lang='grc' dir='ltr'>ιιι</span> <span class='ocrx_word' id='word_1_2' title='bbox 965 338 966 342; x_wconf 4' lang='grc' dir='ltr'><strong><em>Ν</em></strong></span> <span class='ocrx_word' id='word_1_3' title='bbox 1078 243 1342 316; x_wconf 81' lang='lat' dir='ltr'>aaarousro</span> <span class='ocrx_word' id='word_1_4' title='bbox 2153 248 2215 313; x_wconf 75' lang='lat' dir='ltr'>aas</span> 
     </span>
    </p>
   </div>
   <div class='ocr_carea' id='block_1_2' title="bbox 134 434 2220 1976">
    <p class='ocr_par' dir='ltr' id='par_1_2' title="bbox 134 434 2220 1976">
     <span class='ocr_line' id='line_1_2' title="bbox 208 434 2216 524; baseline -0.002 -18"><span class='ocrx_word' id='word_1_5' title='bbox 208 439 298 506; x_wconf 89' lang='lat' dir='ltr'>lans:</span> <span class='ocrx_word' id='word_1_6' title='bbox 326 460 428 524; x_wconf 90' lang='lat' dir='ltr'>quum</span> <span class='ocrx_word' id='word_1_7' title='bbox 457 439 556 524; x_wconf 89' lang='lat' dir='ltr'>longo</span> <span class='ocrx_word' id='word_1_8' title='bbox 587 444 664 504; x_wconf 85' lang='lat' dir='ltr'>ante</span> <span class='ocrx_word' id='word_1_9' title='bbox 696 443 841 521; x_wconf 84' lang='lat' dir='ltr'>tempore</span> <span class='ocrx_word' id='word_1_10' title='bbox 872 435 1027 519; x_wconf 87' lang='lat' dir='ltr'>praedam</span> <span class='ocrx_word' id='word_1_11' title='bbox 1060 441 1134 516; x_wconf 68' lang='lat' dir='ltr'>[prag.</span> <span class='ocrx_word' id='word_1_12' title='bbox 1152 439 1186 515; x_wconf 79' lang='grc'>7]</span> <span class='ocrx_word' id='word_1_13' title='bbox 1237 435 1323 503; x_wconf 86' lang='lat' dir='ltr'>futili</span> <span class='ocrx_word' id='word_1_14' title='bbox 1356 434 1415 501; x_wconf 89' lang='lat' dir='ltr'>illa</span> <span class='ocrx_word' id='word_1_15' title='bbox 1449 435 1659 520; x_wconf 86' lang='lat' dir='ltr'>procacitate,</span> <span class='ocrx_word' id='word_1_16' title='bbox 1694 435 1780 519; x_wconf 90' lang='lat' dir='ltr'>quod</span> <span class='ocrx_word' id='word_1_17' title='bbox 1813 435 1960 520; x_wconf 89' lang='lat' dir='ltr'>apprime</span> <span class='ocrx_word' id='word_1_18' title='bbox 1993 435 2216 502; x_wconf 87' lang='lat' dir='ltr'>necessarium</span> 
     </span>
     <span class='ocr_line' id='line_1_3' title="bbox 209 519 2216 609; baseline -0.002 -17"><span class='ocrx_word' id='word_1_19' title='bbox 209 525 296 592; x_wconf 86' lang='lat' dir='ltr'>hauc</span> <span class='ocrx_word' id='word_1_20' title='bbox 317 524 402 609; x_wconf 92' lang='lat' dir='ltr'>apud</span> <span class='ocrx_word' id='word_1_21' title='bbox 426 523 650 590; x_wconf 79' lang='lat' dir='ltr'>Cassandrum</span> <span class='ocrx_word' id='word_1_22' title='bbox 671 530 812 589; x_wconf 82' lang='lat' dir='ltr'>venatus</span> <span class='ocrx_word' id='word_1_23' title='bbox 838 529 934 588; x_wconf 85' lang='lat' dir='ltr'>esset</span> <span class='ocrx_word' id='word_1_24' title='bbox 977 520 1074 587; x_wconf 78' lang='lat' dir='ltr'>Adde</span> <span class='ocrx_word' id='word_1_25' title='bbox 1100 519 1186 605; x_wconf 89' lang='lat' dir='ltr'>quod</span> <span class='ocrx_word' id='word_1_26' title='bbox 1238 533 1317 601; x_wconf 86' lang='lat' dir='ltr'>erat,</span> <span class='ocrx_word' id='word_1_27' title='bbox 1347 521 1476 587; x_wconf 90' lang='lat' dir='ltr'>detecta</span> <span class='ocrx_word' id='word_1_28' title='bbox 1506 522 1569 587; x_wconf 85' lang='lat' dir='ltr'>fait</span> <span class='ocrx_word' id='word_1_29' title='bbox 1600 519 1790 588; x_wconf 90' lang='lat' dir='ltr'>mediatoris</span> <span class='ocrx_word' id='word_1_30' title='bbox 1817 520 1968 605; x_wconf 87' lang='lat' dir='ltr'>perfidia:</span> <span class='ocrx_word' id='word_1_31' title='bbox 1996 542 2080 605; x_wconf 90' lang='lat' dir='ltr'>quae</span> <span class='ocrx_word' id='word_1_32' title='bbox 2106 520 2216 588; x_wconf 87' lang='lat' dir='ltr'>fallaci</span> 
     </span>
     <span class='ocr_line' id='line_1_4' title="bbox 208 603 2216 776; baseline -0.001 -14"><span class='ocrx_word' id='word_1_33' title='bbox 208 611 322 763; x_wconf 60' lang='lat' dir='ltr'>lut?</span> <span class='ocrx_word' id='word_1_34' title='bbox 349 607 1030 774; x_wconf 50' lang='lat' dir='ltr'>⁰‘l3miimwidlloednf&#39;iiqulllii</span> <span class='ocrx_word' id='word_1_35' title='bbox 1054 603 1188 759; x_wconf 56' lang='lat' dir='ltr'>”didi</span> <span class='ocrx_word' id='word_1_36' title='bbox 1238 605 1577 760; x_wconf 66' lang='lat' dir='ltr'>tltt‘ltmttlt</span> <span class='ocrx_word' id='word_1_37' title='bbox 1595 607 1988 776; x_wconf 56' lang='lat' dir='ltr'>{attalem</span> <span class='ocrx_word' id='word_1_38' title='bbox 2016 606 2113 674; x_wconf 66' lang='lat' dir='ltr'>mn</span> <span class='ocrx_word' id='word_1_39' title='bbox 2141 627 2216 674; x_wconf 63' lang='lat'>⁰³¹⁰</span> 
     </span>
     <span class='ocr_line' id='line_1_5' title="bbox 210 718 2219 866; baseline -0.002 -19"><span class='ocrx_word' id='word_1_40' title='bbox 210 783 286 848; x_wconf 80' lang='lat' dir='ltr'>&#39;sinu</span> <span class='ocrx_word' id='word_1_41' title='bbox 314 718 461 866; x_wconf 59' lang='lat' dir='ltr'>desgleret,</span> <span class='ocrx_word' id='word_1_42' title='bbox 492 779 640 864; x_wconf 74' lang='lat' dir='ltr'>deplorat</span> <span class='ocrx_word' id='word_1_43' title='bbox 671 779 900 845; x_wconf 89' lang='lat' dir='ltr'>turbulentum</span> <span class='ocrx_word' id='word_1_44' title='bbox 927 781 1021 863; x_wconf 90' lang='lat' dir='ltr'>regni</span> <span class='ocrx_word' id='word_1_45' title='bbox 1054 785 1186 844; x_wconf 88' lang='lat' dir='ltr'>statum.</span> <span class='ocrx_word' id='word_1_46' title='bbox 1324 778 1391 846; x_wconf 93' lang='lat' dir='ltr'>Hic</span> <span class='ocrx_word' id='word_1_47' title='bbox 1423 781 1562 844; x_wconf 87' lang='lat' dir='ltr'>miratur</span> <span class='ocrx_word' id='word_1_48' title='bbox 1589 778 1776 845; x_wconf 77' lang='lat' dir='ltr'>Belduinus</span> <span class='ocrx_word' id='word_1_49' title='bbox 1808 799 1862 845; x_wconf 89' lang='lat' dir='ltr'>me</span> <span class='ocrx_word' id='word_1_50' title='bbox 1888 778 2092 856; x_wconf 89' lang='lat' dir='ltr'>tumultuari,</span> <span class='ocrx_word' id='word_1_51' title='bbox 2120 799 2160 845; x_wconf 91' lang='lat' dir='ltr'>ac</span> <span class='ocrx_word' id='word_1_52' title='bbox 2189 777 2219 843; x_wconf 94' lang='lat' dir='ltr'>si</span> 
     </span>
     <span class='ocr_line' id='line_1_6' title="bbox 167 862 2218 950; baseline 0 -22"><span class='ocrx_word' id='word_1_53' title='bbox 167 883 177 928; x_wconf 73' lang='lat' dir='ltr'><strong><em>J</em></strong></span> <span class='ocrx_word' id='word_1_54' title='bbox 210 866 379 950; x_wconf 75' lang='lat' dir='ltr'><strong>Quorsum</strong></span> <span class='ocrx_word' id='word_1_55' title='bbox 406 867 487 933; x_wconf 90' lang='lat' dir='ltr'>haec</span> <span class='ocrx_word' id='word_1_56' title='bbox 514 872 582 931; x_wconf 89' lang='lat' dir='ltr'>tam</span> <span class='ocrx_word' id='word_1_57' title='bbox 608 865 722 948; x_wconf 88' lang='lat' dir='ltr'>putida</span> <span class='ocrx_word' id='word_1_58' title='bbox 755 864 887 932; x_wconf 85' lang='lat' dir='ltr'>fabula?</span> <span class='ocrx_word' id='word_1_59' title='bbox 936 865 984 931; x_wconf 78' lang='lat' dir='ltr'>Et</span> <span class='ocrx_word' id='word_1_60' title='bbox 1014 865 1087 949; x_wconf 90' lang='lat' dir='ltr'>quis</span> <span class='ocrx_word' id='word_1_61' title='bbox 1118 872 1188 926; x_wconf 90' lang='lat' dir='ltr'>tam</span> <span class='ocrx_word' id='word_1_62' title='bbox 1238 862 1409 931; x_wconf 88' lang='lat' dir='ltr'>Hannibal</span> <span class='ocrx_word' id='word_1_63' title='bbox 1435 874 1522 931; x_wconf 86' lang='lat' dir='ltr'>esset</span> <span class='ocrx_word' id='word_1_64' title='bbox 1547 863 1590 929; x_wconf 91' lang='lat' dir='ltr'>ad</span> <span class='ocrx_word' id='word_1_65' title='bbox 1617 873 1736 948; x_wconf 88' lang='lat' dir='ltr'>portas.</span> <span class='ocrx_word' id='word_1_66' title='bbox 1785 865 1886 949; x_wconf 87' lang='lat' dir='ltr'>Legit</span> <span class='ocrx_word' id='word_1_67' title='bbox 1911 863 1973 930; x_wconf 92' lang='lat' dir='ltr'>hoc</span> <span class='ocrx_word' id='word_1_68' title='bbox 2000 864 2102 930; x_wconf 92' lang='lat' dir='ltr'>semel</span> <span class='ocrx_word' id='word_1_69' title='bbox 2130 862 2218 947; x_wconf 92' lang='lat' dir='ltr'>apud</span> 
     </span>
     <span class='ocr_line' id='line_1_7' title="bbox 210 946 2219 1036; baseline -0.002 -17"><span class='ocrx_word' id='word_1_70' title='bbox 210 954 346 1019; x_wconf 88' lang='lat' dir='ltr'>obtusus</span> <span class='ocrx_word' id='word_1_71' title='bbox 367 960 426 1031; x_wconf 91' lang='lat' dir='ltr'>est,</span> <span class='ocrx_word' id='word_1_72' title='bbox 453 952 510 1036; x_wconf 90' lang='lat' dir='ltr'>qui</span> <span class='ocrx_word' id='word_1_73' title='bbox 530 973 598 1017; x_wconf 86' lang='lat' dir='ltr'>non</span> <span class='ocrx_word' id='word_1_74' title='bbox 618 951 776 1017; x_wconf 89' lang='lat' dir='ltr'>Balduini</span> <span class='ocrx_word' id='word_1_75' title='bbox 797 950 987 1034; x_wconf 76' lang='lat' dir='ltr'>penicillum</span> <span class='ocrx_word' id='word_1_76' title='bbox 1008 946 1186 1035; x_wconf 75' lang='lat' dir='ltr'>agnoscat?</span> <span class='ocrx_word' id='word_1_77' title='bbox 1239 949 1440 1016; x_wconf 76' lang='lat' dir='ltr'>eicemncm.</span> <span class='ocrx_word' id='word_1_78' title='bbox 1468 950 1607 1017; x_wconf 86' lang='lat' dir='ltr'>Placuit</span> <span class='ocrx_word' id='word_1_79' title='bbox 1637 948 1740 1031; x_wconf 80' lang='lat' dir='ltr'>Quasi</span> <span class='ocrx_word' id='word_1_80' title='bbox 1757 950 1953 1032; x_wconf 79' lang='lat' dir='ltr'>proverbiali</span> <span class='ocrx_word' id='word_1_81' title='bbox 1972 949 2108 1016; x_wconf 88' lang='lat' dir='ltr'>dicterio</span> <span class='ocrx_word' id='word_1_82' title='bbox 2120 949 2219 1016; x_wconf 88' lang='lat' dir='ltr'>farcit</span> 
     </span>
     <span class='ocr_line' id='line_1_8' title="bbox 209 1032 2220 1120; baseline -0.002 -14"><span class='ocrx_word' id='word_1_83' title='bbox 209 1038 312 1106; x_wconf 87' lang='lat' dir='ltr'>Nullo</span> <span class='ocrx_word' id='word_1_84' title='bbox 339 1044 427 1104; x_wconf 87' lang='lat' dir='ltr'>certe</span> <span class='ocrx_word' id='word_1_85' title='bbox 461 1057 607 1120; x_wconf 89' lang='lat' dir='ltr'>unquam</span> <span class='ocrx_word' id='word_1_86' title='bbox 640 1043 823 1103; x_wconf 89' lang='lat' dir='ltr'>atramento</span> <span class='ocrx_word' id='word_1_87' title='bbox 854 1036 916 1101; x_wconf 93' lang='lat' dir='ltr'>hoc</span> <span class='ocrx_word' id='word_1_88' title='bbox 947 1032 1106 1120; x_wconf 87' lang='lat' dir='ltr'>quidquid</span> <span class='ocrx_word' id='word_1_89' title='bbox 1137 1040 1189 1098; x_wconf 90' lang='lat' dir='ltr'>est</span> <span class='ocrx_word' id='word_1_90' title='bbox 1240 1057 1352 1102; x_wconf 90' lang='lat' dir='ltr'>omnes</span> <span class='ocrx_word' id='word_1_91' title='bbox 1373 1057 1450 1102; x_wconf 91' lang='lat' dir='ltr'>suos</span> <span class='ocrx_word' id='word_1_92' title='bbox 1470 1035 1606 1102; x_wconf 90' lang='lat' dir='ltr'>libellos.</span> <span class='ocrx_word' id='word_1_93' title='bbox 1650 1036 1724 1120; x_wconf 83' lang='lat' dir='ltr'>Ego</span> <span class='ocrx_word' id='word_1_94' title='bbox 1751 1057 1829 1102; x_wconf 78' lang='lat' dir='ltr'>vero</span> <span class='ocrx_word' id='word_1_95' title='bbox 1855 1057 1922 1101; x_wconf 91' lang='lat' dir='ltr'>non</span> <span class='ocrx_word' id='word_1_96' title='bbox 1948 1036 2071 1102; x_wconf 87' lang='lat' dir='ltr'>frustra</span> <span class='ocrx_word' id='word_1_97' title='bbox 2099 1056 2220 1120; x_wconf 87' lang='lat' dir='ltr'>operae</span> 
     </span>
     <span class='ocr_line' id='line_1_9' title="bbox 156 1120 2220 1207; baseline -0.001 -17"><span class='ocrx_word' id='word_1_98' title='bbox 156 1200 158 1204; x_wconf 11' lang='lat' dir='ltr'>y</span> <span class='ocrx_word' id='word_1_99' title='bbox 212 1123 341 1190; x_wconf 80' lang='lat' dir='ltr'>delebit.</span> <span class='ocrx_word' id='word_1_100' title='bbox 385 1123 478 1189; x_wconf 88' lang='lat' dir='ltr'>Haec</span> <span class='ocrx_word' id='word_1_101' title='bbox 502 1123 594 1198; x_wconf 88' lang='lat' dir='ltr'>enim</span> <span class='ocrx_word' id='word_1_102' title='bbox 622 1123 717 1207; x_wconf 93' lang='lat' dir='ltr'>probi</span> <span class='ocrx_word' id='word_1_103' title='bbox 742 1122 884 1188; x_wconf 90' lang='lat' dir='ltr'>bominis</span> <span class='ocrx_word' id='word_1_104' title='bbox 907 1129 941 1188; x_wconf 89' lang='lat' dir='ltr'>et</span> <span class='ocrx_word' id='word_1_105' title='bbox 967 1121 1102 1206; x_wconf 87' lang='lat' dir='ltr'>ingenui</span> <span class='ocrx_word' id='word_1_106' title='bbox 1130 1141 1188 1185; x_wconf 84' lang='lat' dir='ltr'>ex·</span> <span class='ocrx_word' id='word_1_107' title='bbox 1239 1122 1382 1205; x_wconf 90' lang='lat' dir='ltr'>pretium</span> <span class='ocrx_word' id='word_1_108' title='bbox 1402 1121 1483 1187; x_wconf 82' lang='lat' dir='ltr'>duxi</span> <span class='ocrx_word' id='word_1_109' title='bbox 1504 1120 1619 1187; x_wconf 89' lang='lat' dir='ltr'>fideles</span> <span class='ocrx_word' id='word_1_110' title='bbox 1635 1141 1768 1190; x_wconf 90' lang='lat' dir='ltr'>monere</span> <span class='ocrx_word' id='word_1_111' title='bbox 1789 1141 1858 1186; x_wconf 93' lang='lat' dir='ltr'>non</span> <span class='ocrx_word' id='word_1_112' title='bbox 1870 1135 1908 1186; x_wconf 90' lang='lat' dir='ltr'>ut</span> <span class='ocrx_word' id='word_1_113' title='bbox 1920 1121 2101 1188; x_wconf 86' lang='lat' dir='ltr'>Hannibali</span> <span class='ocrx_word' id='word_1_114' title='bbox 2122 1129 2220 1187; x_wconf 85' lang='lat' dir='ltr'>extra</span> 
     </span>
     <span class='ocr_line' id='line_1_10' title="bbox 212 1205 2220 1292; baseline -0.002 -16"><span class='ocrx_word' id='word_1_115' title='bbox 212 1211 345 1287; x_wconf 69' lang='lat' dir='ltr'>eustatio,</span> <span class='ocrx_word' id='word_1_116' title='bbox 368 1208 448 1275; x_wconf 91' lang='lat' dir='ltr'>dum</span> <span class='ocrx_word' id='word_1_117' title='bbox 467 1207 639 1274; x_wconf 90' lang='lat' dir='ltr'>histrionis</span> <span class='ocrx_word' id='word_1_118' title='bbox 659 1208 696 1273; x_wconf 92' lang='lat' dir='ltr'>in</span> <span class='ocrx_word' id='word_1_119' title='bbox 712 1229 838 1274; x_wconf 89' lang='lat' dir='ltr'>morem</span> <span class='ocrx_word' id='word_1_120' title='bbox 856 1207 1058 1292; x_wconf 90' lang='lat' dir='ltr'>querulando</span> <span class='ocrx_word' id='word_1_121' title='bbox 1079 1206 1188 1289; x_wconf 83' lang='lat' dir='ltr'>lacry-</span> <span class='ocrx_word' id='word_1_122' title='bbox 1239 1215 1351 1290; x_wconf 86' lang='lat' dir='ltr'>portas</span> <span class='ocrx_word' id='word_1_123' title='bbox 1372 1216 1593 1273; x_wconf 88' lang='lat' dir='ltr'>occurrerent:</span> <span class='ocrx_word' id='word_1_124' title='bbox 1615 1207 1673 1272; x_wconf 89' lang='lat' dir='ltr'>sed</span> <span class='ocrx_word' id='word_1_125' title='bbox 1694 1205 1824 1290; x_wconf 88' lang='lat' dir='ltr'>quando</span> <span class='ocrx_word' id='word_1_126' title='bbox 1845 1207 1936 1273; x_wconf 86' lang='lat' dir='ltr'>intua</span> <span class='ocrx_word' id='word_1_127' title='bbox 1953 1214 2024 1272; x_wconf 91' lang='lat' dir='ltr'>erat</span> <span class='ocrx_word' id='word_1_128' title='bbox 2041 1206 2159 1286; x_wconf 80' lang='lat' dir='ltr'>Sinon,</span> <span class='ocrx_word' id='word_1_129' title='bbox 2180 1214 2220 1272; x_wconf 92' lang='grc' dir='ltr'>ιιι</span> 
     </span>
     <span class='ocr_line' id='line_1_11' title="bbox 212 1291 2219 1374; baseline -0.001 -14"><span class='ocrx_word' id='word_1_130' title='bbox 212 1316 284 1361; x_wconf 89' lang='lat' dir='ltr'>mas</span> <span class='ocrx_word' id='word_1_131' title='bbox 313 1294 424 1361; x_wconf 90' lang='lat' dir='ltr'>stultis</span> <span class='ocrx_word' id='word_1_132' title='bbox 455 1293 528 1360; x_wconf 84' lang='lat' dir='ltr'>vult</span> <span class='ocrx_word' id='word_1_133' title='bbox 561 1293 685 1360; x_wconf 93' lang='lat' dir='ltr'>elicere.</span> <span class='ocrx_word' id='word_1_134' title='bbox 735 1292 847 1374; x_wconf 77' lang='lat' dir='ltr'>Quum</span> <span class='ocrx_word' id='word_1_135' title='bbox 873 1293 910 1358; x_wconf 91' lang='lat' dir='ltr'>in</span> <span class='ocrx_word' id='word_1_136' title='bbox 936 1294 1055 1359; x_wconf 89' lang='lat' dir='ltr'>intima</span> <span class='ocrx_word' id='word_1_137' title='bbox 1082 1311 1189 1358; x_wconf 86' lang='lat' dir='ltr'>essem</span> <span class='ocrx_word' id='word_1_138' title='bbox 1240 1294 1302 1359; x_wconf 90' lang='lat' dir='ltr'>sibi</span> <span class='ocrx_word' id='word_1_139' title='bbox 1329 1299 1458 1358; x_wconf 90' lang='lat' dir='ltr'>mature</span> <span class='ocrx_word' id='word_1_140' title='bbox 1485 1300 1640 1359; x_wconf 84' lang='lat' dir='ltr'>caverent</span> <span class='ocrx_word' id='word_1_141' title='bbox 1659 1294 1700 1359; x_wconf 89' lang='lat' dir='ltr'>ab</span> <span class='ocrx_word' id='word_1_142' title='bbox 1722 1293 1793 1359; x_wconf 88' lang='lat' dir='ltr'>eius</span> <span class='ocrx_word' id='word_1_143' title='bbox 1814 1291 1951 1359; x_wconf 87' lang='lat' dir='ltr'>insidiis.</span> <span class='ocrx_word' id='word_1_144' title='bbox 1982 1292 2219 1358; x_wconf 80' lang='lat' dir='ltr'>Excudebatur</span> 
     </span>
     <span class='ocr_line' id='line_1_12' title="bbox 213 1377 2219 1462; baseline -0.002 -14"><span class='ocrx_word' id='word_1_145' title='bbox 213 1380 332 1462; x_wconf 82' lang='lat' dir='ltr'>Gallia,</span> <span class='ocrx_word' id='word_1_146' title='bbox 354 1380 390 1445; x_wconf 90' lang='lat' dir='ltr'>in</span> <span class='ocrx_word' id='word_1_147' title='bbox 413 1379 471 1459; x_wconf 91' lang='lat' dir='ltr'>uit,</span> <span class='ocrx_word' id='word_1_148' title='bbox 493 1379 626 1462; x_wconf 90' lang='lat' dir='ltr'>quidam</span> <span class='ocrx_word' id='word_1_149' title='bbox 648 1380 682 1444; x_wconf 94' lang='lat' dir='ltr'>in</span> <span class='ocrx_word' id='word_1_150' title='bbox 710 1380 867 1445; x_wconf 78' lang='lat' dir='ltr'>extremis</span> <span class='ocrx_word' id='word_1_151' title='bbox 888 1378 1087 1445; x_wconf 76' lang='lat' dir='ltr'>Germaniae</span> <span class='ocrx_word' id='word_1_152' title='bbox 1113 1377 1188 1442; x_wconf 89' lang='lat' dir='ltr'>fini-</span> <span class='ocrx_word' id='word_1_153' title='bbox 1241 1384 1314 1458; x_wconf 77' lang='lat' dir='ltr'>[pag.</span> <span class='ocrx_word' id='word_1_154' title='bbox 1335 1383 1387 1458; x_wconf 89' lang='lat'>10]</span> <span class='ocrx_word' id='word_1_155' title='bbox 1409 1378 1559 1445; x_wconf 88' lang='lat' dir='ltr'>Basileae</span> <span class='ocrx_word' id='word_1_156' title='bbox 1580 1379 1675 1445; x_wconf 91' lang='lat' dir='ltr'>liber:</span> <span class='ocrx_word' id='word_1_157' title='bbox 1705 1378 1844 1444; x_wconf 90' lang='lat' dir='ltr'>Rhemis</span> <span class='ocrx_word' id='word_1_158' title='bbox 1887 1377 2010 1444; x_wconf 86' lang='lat' dir='ltr'>roditor</span> <span class='ocrx_word' id='word_1_159' title='bbox 2030 1378 2219 1445; x_wconf 87' lang='lat' dir='ltr'>licitabatur</span> 
     </span>
     <span class='ocr_line' id='line_1_13' title="bbox 212 1399 2219 1564; baseline 0 -34"><span class='ocrx_word' id='word_1_160' title='bbox 212 1464 283 1546; x_wconf 92' lang='lat' dir='ltr'>bus,</span> <span class='ocrx_word' id='word_1_161' title='bbox 313 1466 369 1548; x_wconf 92' lang='lat' dir='ltr'>qui</span> <span class='ocrx_word' id='word_1_162' title='bbox 391 1401 437 1531; x_wconf 70' lang='lat' dir='ltr'>de</span> <span class='ocrx_word' id='word_1_163' title='bbox 464 1464 574 1530; x_wconf 81' lang='lat' dir='ltr'>Gallia</span> <span class='ocrx_word' id='word_1_164' title='bbox 604 1476 711 1548; x_wconf 79' lang='lat' dir='ltr'>neqtie</span> <span class='ocrx_word' id='word_1_165' title='bbox 743 1465 865 1531; x_wconf 81' lang='lat' dir='ltr'>sciebat</span> <span class='ocrx_word' id='word_1_166' title='bbox 889 1486 996 1548; x_wconf 89' lang='lat' dir='ltr'>neque</span> <span class='ocrx_word' id='word_1_167' title='bbox 1023 1463 1190 1563; x_wconf 83' lang='lat' dir='ltr'>cogitabat</span> <span class='ocrx_word' id='word_1_168' title='bbox 1240 1486 1316 1530; x_wconf 89' lang='lat' dir='ltr'>eum</span> <span class='ocrx_word' id='word_1_169' title='bbox 1337 1463 1523 1551; x_wconf 80' lang='lat' dir='ltr'>Oardinale.</span> <span class='ocrx_word' id='word_1_170' title='bbox 1546 1462 1778 1564; x_wconf 72' lang='lat' dir='ltr'>Tacendumne</span> <span class='ocrx_word' id='word_1_171' title='bbox 1795 1399 1886 1530; x_wconf 58' lang='lat' dir='ltr'>ffitp</span> <span class='ocrx_word' id='word_1_172' title='bbox 1901 1462 1990 1564; x_wconf 81' lang='lat' dir='ltr'>Quid</span> <span class='ocrx_word' id='word_1_173' title='bbox 2005 1485 2084 1549; x_wconf 88' lang='lat' dir='ltr'>ergo</span> <span class='ocrx_word' id='word_1_174' title='bbox 2095 1464 2219 1531; x_wconf 90' lang='lat' dir='ltr'>iudices</span> 
     </span>
     <span class='ocr_line' id='line_1_14' title="bbox 213 1548 2219 1636; baseline -0 -19"><span class='ocrx_word' id='word_1_175' title='bbox 213 1550 401 1636; x_wconf 89' lang='lat' dir='ltr'>quidquam,</span> <span class='ocrx_word' id='word_1_176' title='bbox 422 1550 569 1616; x_wconf 91' lang='lat' dir='ltr'>libellum</span> <span class='ocrx_word' id='word_1_177' title='bbox 586 1552 768 1634; x_wconf 89' lang='lat' dir='ltr'>composuit</span> <span class='ocrx_word' id='word_1_178' title='bbox 790 1560 823 1616; x_wconf 91' lang='lat' dir='ltr'>et</span> <span class='ocrx_word' id='word_1_179' title='bbox 846 1550 956 1617; x_wconf 88' lang='lat' dir='ltr'>edidit.</span> <span class='ocrx_word' id='word_1_180' title='bbox 1001 1549 1090 1631; x_wconf 78' lang='lat' dir='ltr'>de</span> <span class='ocrx_word' id='word_1_181' title='bbox 1111 1569 1189 1632; x_wconf 88' lang='lat' dir='ltr'>ergo</span> <span class='ocrx_word' id='word_1_182' title='bbox 1241 1551 1341 1615; x_wconf 85' lang='lat' dir='ltr'>citare</span> <span class='ocrx_word' id='word_1_183' title='bbox 1365 1570 1446 1633; x_wconf 89' lang='lat' dir='ltr'>opus</span> <span class='ocrx_word' id='word_1_184' title='bbox 1474 1551 1552 1630; x_wconf 86' lang='lat' dir='ltr'>fuit,</span> <span class='ocrx_word' id='word_1_185' title='bbox 1574 1552 1630 1634; x_wconf 90' lang='lat' dir='ltr'>qui</span> <span class='ocrx_word' id='word_1_186' title='bbox 1657 1548 1848 1633; x_wconf 85' lang='lat' dir='ltr'>drlrgentrus</span> <span class='ocrx_word' id='word_1_187' title='bbox 1875 1551 2045 1634; x_wconf 79' lang='lat' dir='ltr'>inquirant</span> <span class='ocrx_word' id='word_1_188' title='bbox 2073 1572 2133 1616; x_wconf 90' lang='lat' dir='ltr'>cur</span> <span class='ocrx_word' id='word_1_189' title='bbox 2159 1571 2219 1635; x_wconf 90' lang='lat' dir='ltr'>ego</span> 
     </span>
     <span class='ocr_line' id='line_1_15' title="bbox 213 1635 2219 1722; baseline -0 -20"><span class='ocrx_word' id='word_1_190' title='bbox 213 1636 277 1713; x_wconf 88' lang='lat' dir='ltr'>sibi</span> <span class='ocrx_word' id='word_1_191' title='bbox 297 1635 372 1702; x_wconf 81' lang='lat' dir='ltr'>vult</span> <span class='ocrx_word' id='word_1_192' title='bbox 392 1635 605 1720; x_wconf 90' lang='lat' dir='ltr'>querimonia,</span> <span class='ocrx_word' id='word_1_193' title='bbox 626 1638 663 1702; x_wconf 91' lang='lat' dir='ltr'>in</span> <span class='ocrx_word' id='word_1_194' title='bbox 680 1658 745 1722; x_wconf 89' lang='lat' dir='ltr'>qua</span> <span class='ocrx_word' id='word_1_195' title='bbox 755 1636 885 1703; x_wconf 82' lang='lat' dir='ltr'>Galliae</span> <span class='ocrx_word' id='word_1_196' title='bbox 907 1636 1021 1701; x_wconf 90' lang='lat' dir='ltr'>turbas</span> <span class='ocrx_word' id='word_1_197' title='bbox 1041 1635 1191 1721; x_wconf 86' lang='lat' dir='ltr'>deploret</span> <span class='ocrx_word' id='word_1_198' title='bbox 1241 1636 1295 1701; x_wconf 91' lang='lat' dir='ltr'>hio</span> <span class='ocrx_word' id='word_1_199' title='bbox 1317 1635 1486 1718; x_wconf 91' lang='lat' dir='ltr'>trepidem,</span> <span class='ocrx_word' id='word_1_200' title='bbox 1508 1637 1565 1720; x_wconf 91' lang='lat' dir='ltr'>qui</span> <span class='ocrx_word' id='word_1_201' title='bbox 1587 1644 1655 1701; x_wconf 89' lang='lat' dir='ltr'>tum</span> <span class='ocrx_word' id='word_1_202' title='bbox 1678 1655 1790 1701; x_wconf 88' lang='lat' dir='ltr'>secure</span> <span class='ocrx_word' id='word_1_203' title='bbox 1814 1635 1936 1719; x_wconf 76' lang='lat' dir='ltr'>alioqui</span> <span class='ocrx_word' id='word_1_204' title='bbox 1960 1644 2134 1703; x_wconf 92' lang='lat' dir='ltr'>contemno</span> <span class='ocrx_word' id='word_1_205' title='bbox 2153 1637 2219 1720; x_wconf 92' lang='lat' dir='ltr'>spi·</span> 
     </span>
     <span class='ocr_line' id='line_1_16' title="bbox 213 1720 2219 1807; baseline 0 -20"><span class='ocrx_word' id='word_1_206' title='bbox 213 1723 270 1788; x_wconf 91' lang='lat' dir='ltr'>ille</span> <span class='ocrx_word' id='word_1_207' title='bbox 294 1723 439 1807; x_wconf 90' lang='lat' dir='ltr'>quisquis</span> <span class='ocrx_word' id='word_1_208' title='bbox 470 1730 521 1787; x_wconf 89' lang='lat' dir='ltr'>est</span> <span class='ocrx_word' id='word_1_209' title='bbox 552 1721 654 1788; x_wconf 92' lang='lat' dir='ltr'>libelli</span> <span class='ocrx_word' id='word_1_210' title='bbox 689 1721 805 1805; x_wconf 82' lang='lat' dir='ltr'>autor?</span> <span class='ocrx_word' id='word_1_211' title='bbox 854 1722 927 1787; x_wconf 90' lang='lat' dir='ltr'>Iam</span> <span class='ocrx_word' id='word_1_212' title='bbox 959 1720 1038 1804; x_wconf 88' lang='lat' dir='ltr'>quid</span> <span class='ocrx_word' id='word_1_213' title='bbox 1071 1722 1190 1786; x_wconf 80' lang='lat' dir='ltr'>attinet</span> <span class='ocrx_word' id='word_1_214' title='bbox 1242 1720 1316 1786; x_wconf 87' lang='lat' dir='ltr'>cula</span> <span class='ocrx_word' id='word_1_215' title='bbox 1338 1722 1374 1787; x_wconf 92' lang='lat' dir='ltr'>in</span> <span class='ocrx_word' id='word_1_216' title='bbox 1401 1742 1454 1787; x_wconf 92' lang='lat' dir='ltr'>me</span> <span class='ocrx_word' id='word_1_217' title='bbox 1482 1721 1626 1788; x_wconf 69' lang='lat' dir='ltr'>directa?</span> <span class='ocrx_word' id='word_1_218' title='bbox 1669 1721 1796 1804; x_wconf 91' lang='lat' dir='ltr'>Nempe</span> <span class='ocrx_word' id='word_1_219' title='bbox 1823 1722 1901 1805; x_wconf 91' lang='lat' dir='ltr'>quia</span> <span class='ocrx_word' id='word_1_220' title='bbox 1928 1741 1988 1787; x_wconf 89' lang='lat' dir='ltr'>noc</span> <span class='ocrx_word' id='word_1_221' title='bbox 2015 1721 2099 1786; x_wconf 90' lang='lat' dir='ltr'>mihi</span> <span class='ocrx_word' id='word_1_222' title='bbox 2126 1720 2219 1805; x_wconf 89' lang='lat' dir='ltr'>quid·</span> 
     </span>
     <span class='ocr_line' id='line_1_17' title="bbox 134 1806 2220 1892; baseline -0 -18"><span class='ocrx_word' id='word_1_223' title='bbox 134 1818 136 1823; x_wconf 75' lang='grc'>’</span> <span class='ocrx_word' id='word_1_224' title='bbox 213 1808 384 1875; x_wconf 81' lang='lat' dir='ltr'>(loleniam</span> <span class='ocrx_word' id='word_1_225' title='bbox 406 1808 610 1892; x_wconf 81' lang='lat' dir='ltr'>Agrippinae</span> <span class='ocrx_word' id='word_1_226' title='bbox 634 1808 741 1874; x_wconf 90' lang='lat' dir='ltr'>locare</span> <span class='ocrx_word' id='word_1_227' title='bbox 766 1810 802 1874; x_wconf 92' lang='lat' dir='ltr'>in</span> <span class='ocrx_word' id='word_1_228' title='bbox 829 1808 946 1874; x_wconf 91' lang='lat' dir='ltr'>ultimo</span> <span class='ocrx_word' id='word_1_229' title='bbox 973 1807 1081 1890; x_wconf 89' lang='lat' dir='ltr'>aliquo</span> <span class='ocrx_word' id='word_1_230' title='bbox 1104 1807 1190 1872; x_wconf 81' lang='lat' dir='ltr'>Ger·</span> <span class='ocrx_word' id='word_1_231' title='bbox 1242 1826 1339 1889; x_wconf 90' lang='lat' dir='ltr'>quam</span> <span class='ocrx_word' id='word_1_232' title='bbox 1361 1806 1496 1889; x_wconf 90' lang='lat' dir='ltr'>periculi</span> <span class='ocrx_word' id='word_1_233' title='bbox 1519 1818 1569 1874; x_wconf 88' lang='lat' dir='ltr'>est</span> <span class='ocrx_word' id='word_1_234' title='bbox 1589 1828 1611 1872; x_wconf 90' lang='lat' dir='ltr'>a</span> <span class='ocrx_word' id='word_1_235' title='bbox 1631 1807 1750 1873; x_wconf 88' lang='lat' dir='ltr'>talibus</span> <span class='ocrx_word' id='word_1_236' title='bbox 1771 1807 1968 1892; x_wconf 80' lang='lat' dir='ltr'>quisquiliis:</span> <span class='ocrx_word' id='word_1_237' title='bbox 1990 1818 2024 1873; x_wconf 92' lang='lat' dir='ltr'>et</span> <span class='ocrx_word' id='word_1_238' title='bbox 2040 1807 2220 1873; x_wconf 85' lang='lat' dir='ltr'>multorum</span> 
     </span>
     <span class='ocr_line' id='line_1_18' title="bbox 213 1890 2219 1976; baseline 0 -18"><span class='ocrx_word' id='word_1_239' title='bbox 213 1895 343 1959; x_wconf 91' lang='lat' dir='ltr'>maniae</span> <span class='ocrx_word' id='word_1_240' title='bbox 364 1890 514 1960; x_wconf 79' lang='lat' dir='ltr'>recessu?</span> <span class='ocrx_word' id='word_1_241' title='bbox 538 1902 576 1962; x_wconf 90' lang='lat' dir='ltr'>ut</span> <span class='ocrx_word' id='word_1_242' title='bbox 598 1901 724 1960; x_wconf 89' lang='lat' dir='ltr'>taceam</span> <span class='ocrx_word' id='word_1_243' title='bbox 746 1893 787 1959; x_wconf 89' lang='lat' dir='ltr'>de</span> <span class='ocrx_word' id='word_1_244' title='bbox 807 1894 925 1958; x_wconf 88' lang='lat' dir='ltr'>intima</span> <span class='ocrx_word' id='word_1_245' title='bbox 946 1892 1071 1972; x_wconf 84' lang='lat' dir='ltr'>Gallia,</span> <span class='ocrx_word' id='word_1_246' title='bbox 1088 1913 1190 1976; x_wconf 91' lang='lat' dir='ltr'>quum</span> <span class='ocrx_word' id='word_1_247' title='bbox 1242 1891 1442 1975; x_wconf 87' lang='lat' dir='ltr'>simplicitati</span> <span class='ocrx_word' id='word_1_248' title='bbox 1463 1904 1612 1959; x_wconf 88' lang='lat' dir='ltr'>metuens</span> <span class='ocrx_word' id='word_1_249' title='bbox 1630 1899 1758 1958; x_wconf 89' lang='lat' dir='ltr'>mature</span> <span class='ocrx_word' id='word_1_250' title='bbox 1777 1893 1932 1958; x_wconf 86' lang='lat' dir='ltr'>existimo</span> <span class='ocrx_word' id='word_1_251' title='bbox 1948 1913 2019 1958; x_wconf 91' lang='lat' dir='ltr'>esse</span> <span class='ocrx_word' id='word_1_252' title='bbox 2029 1891 2219 1973; x_wconf 90' lang='lat' dir='ltr'>monendos,</span> 
     </span>
    </p>
   </div>
   <div class='ocr_carea' id='block_1_3' title="bbox 100 1977 2246 2064">
    <p class='ocr_par' dir='ltr' id='par_1_3' title="bbox 100 1977 2246 2064">
     <span class='ocr_line' id='line_1_19' title="bbox 100 1977 2246 2064; baseline -0 -19"><span class='ocrx_word' id='word_1_253' title='bbox 100 1983 109 2006; x_wconf 90' lang='lat'>&#39;</span> <span class='ocrx_word' id='word_1_254' title='bbox 213 1980 332 2045; x_wconf 87' lang='lat' dir='ltr'>emisso</span> <span class='ocrx_word' id='word_1_255' title='bbox 354 1979 466 2046; x_wconf 90' lang='lat' dir='ltr'>aculeo</span> <span class='ocrx_word' id='word_1_256' title='bbox 487 1979 635 2044; x_wconf 85' lang='lat' dir='ltr'>Rhemos</span> <span class='ocrx_word' id='word_1_257' title='bbox 656 2002 691 2046; x_wconf 89' lang='lat' dir='ltr'>se</span> <span class='ocrx_word' id='word_1_258' title='bbox 713 1980 888 2046; x_wconf 90' lang='lat' dir='ltr'>contulerit</span> <span class='ocrx_word' id='word_1_259' title='bbox 909 1978 951 2044; x_wconf 90' lang='lat' dir='ltr'>ad</span> <span class='ocrx_word' id='word_1_260' title='bbox 973 1977 1190 2045; x_wconf 80' lang='lat' dir='ltr'>venditandae</span> <span class='ocrx_word' id='word_1_261' title='bbox 1243 1985 1280 2041; x_wconf 96' lang='lat' dir='ltr'>ut</span> <span class='ocrx_word' id='word_1_262' title='bbox 1307 1978 1415 2044; x_wconf 88' lang='lat' dir='ltr'>sibia</span> <span class='ocrx_word' id='word_1_263' title='bbox 1449 1979 1668 2063; x_wconf 85' lang='lat' dir='ltr'>proditoribus</span> <span class='ocrx_word' id='word_1_264' title='bbox 1681 1986 1845 2045; x_wconf 64' lang='lat' dir='ltr'>&#39;caveam</span> <span class='ocrx_word' id='word_1_265' title='bbox 1868 2046 1869 2049; x_wconf 63' lang='grc'>,</span> <span class='ocrx_word' id='word_1_266' title='bbox 1894 1977 1993 2061; x_wconf 82' lang='lat' dir='ltr'>Quod</span> <span class='ocrx_word' id='word_1_267' title='bbox 2026 1988 2129 2064; x_wconf 87' lang='lat' dir='ltr'>negat</span> <span class='ocrx_word' id='word_1_268' title='bbox 2159 1999 2220 2064; x_wconf 93' lang='lat' dir='ltr'>pro</span> <span class='ocrx_word' id='word_1_269' title='bbox 2237 1996 2246 2005; x_wconf 62' lang='lat'>·‘</span> 
     </span>
    </p>
   </div>
   <div class='ocr_carea' id='block_1_4' title="bbox 170 2063 2252 5234">
    <p class='ocr_par' dir='ltr' id='par_1_4' title="bbox 170 2063 2252 5234">
     <span class='ocr_line' id='line_1_20' title="bbox 213 2063 2222 2148; baseline -0 -16"><span class='ocrx_word' id='word_1_270' title='bbox 213 2064 383 2132; x_wconf 81' lang='lat' dir='ltr'>Oardinali</span> <span class='ocrx_word' id='word_1_271' title='bbox 405 2086 481 2130; x_wconf 85' lang='lat' dir='ltr'>suae</span> <span class='ocrx_word' id='word_1_272' title='bbox 499 2084 624 2148; x_wconf 88' lang='lat' dir='ltr'>operas.</span> <span class='ocrx_word' id='word_1_273' title='bbox 1079 2123 1083 2134; x_wconf 92' lang='grc'><em>,</em></span> <span class='ocrx_word' id='word_1_274' title='bbox 1242 2063 1336 2129; x_wconf 92' lang='lat' dir='ltr'>hoste</span> <span class='ocrx_word' id='word_1_275' title='bbox 1373 2063 1502 2147; x_wconf 87' lang='lat' dir='ltr'>capitali</span> <span class='ocrx_word' id='word_1_276' title='bbox 1540 2064 1726 2130; x_wconf 91' lang='lat' dir='ltr'>habendum</span> <span class='ocrx_word' id='word_1_277' title='bbox 1764 2085 1836 2130; x_wconf 85' lang='lat' dir='ltr'>esse</span> <span class='ocrx_word' id='word_1_278' title='bbox 1872 2085 1969 2147; x_wconf 92' lang='lat' dir='ltr'>quem</span> <span class='ocrx_word' id='word_1_279' title='bbox 2005 2064 2222 2131; x_wconf 88' lang='lat' dir='ltr'>mediatorem</span> 
     </span>
     <span class='ocr_line' id='line_1_21' title="bbox 298 2146 2220 2235; baseline 0.002 -20"><span class='ocrx_word' id='word_1_280' title='bbox 298 2152 404 2216; x_wconf 86' lang='lat' dir='ltr'>Porro</span> <span class='ocrx_word' id='word_1_281' title='bbox 431 2171 532 2235; x_wconf 90' lang='lat' dir='ltr'>quum</span> <span class='ocrx_word' id='word_1_282' title='bbox 559 2149 722 2233; x_wconf 90' lang='lat' dir='ltr'>duplicem</span> <span class='ocrx_word' id='word_1_283' title='bbox 752 2151 974 2234; x_wconf 88' lang='lat' dir='ltr'>quaestionem</span> <span class='ocrx_word' id='word_1_284' title='bbox 1001 2146 1200 2234; x_wconf 84' lang='lat' dir='ltr'>agitandam·</span> <span class='ocrx_word' id='word_1_285' title='bbox 1242 2149 1389 2215; x_wconf 92' lang='lat' dir='ltr'>nomino:</span> <span class='ocrx_word' id='word_1_286' title='bbox 1424 2151 1567 2233; x_wconf 89' lang='lat' dir='ltr'>primum</span> <span class='ocrx_word' id='word_1_287' title='bbox 1589 2150 1741 2216; x_wconf 89' lang='lat' dir='ltr'>consulat</span> <span class='ocrx_word' id='word_1_288' title='bbox 1763 2150 2220 2235; x_wconf 84' lang='lat' dir='ltr'>rudimentagrammatiees,</span> 
     </span>
     <span class='ocr_line' id='line_1_22' title="bbox 214 2233 2221 2320; baseline 0 -18"><span class='ocrx_word' id='word_1_289' title='bbox 214 2257 285 2302; x_wconf 85' lang='lat' dir='ltr'>esse</span> <span class='ocrx_word' id='word_1_290' title='bbox 302 2236 467 2319; x_wconf 86' lang='lat' dir='ltr'>praefatus</span> <span class='ocrx_word' id='word_1_291' title='bbox 489 2237 541 2314; x_wconf 91' lang='lat' dir='ltr'>sit,</span> <span class='ocrx_word' id='word_1_292' title='bbox 564 2236 668 2315; x_wconf 79' lang='lat' dir='ltr'>Facti,</span> <span class='ocrx_word' id='word_1_293' title='bbox 689 2256 732 2300; x_wconf 90' lang='lat' dir='ltr'>an</span> <span class='ocrx_word' id='word_1_294' title='bbox 744 2237 814 2318; x_wconf 92' lang='lat' dir='ltr'>ipse</span> <span class='ocrx_word' id='word_1_295' title='bbox 830 2236 952 2301; x_wconf 90' lang='lat' dir='ltr'>librum</span> <span class='ocrx_word' id='word_1_296' title='bbox 963 2233 1189 2319; x_wconf 78' lang='lat' dir='ltr'>composuerit,</span> <span class='ocrx_word' id='word_1_297' title='bbox 1242 2234 1297 2307; x_wconf 89' lang='lat' dir='ltr'>ubi</span> <span class='ocrx_word' id='word_1_298' title='bbox 1319 2236 1464 2300; x_wconf 83' lang='lat' dir='ltr'>inveniet</span> <span class='ocrx_word' id='word_1_299' title='bbox 1485 2234 1567 2319; x_wconf 90' lang='lat' dir='ltr'>quid·</span> <span class='ocrx_word' id='word_1_300' title='bbox 1576 2238 1619 2301; x_wconf 93' lang='lat' dir='ltr'>sit</span> <span class='ocrx_word' id='word_1_301' title='bbox 1636 2258 1694 2319; x_wconf 90' lang='lat' dir='ltr'>per</span> <span class='ocrx_word' id='word_1_302' title='bbox 1706 2238 1948 2302; x_wconf 90' lang='lat' dir='ltr'>concessionem</span> <span class='ocrx_word' id='word_1_303' title='bbox 1968 2236 2066 2320; x_wconf 90' lang='lat' dir='ltr'>loqui.</span> <span class='ocrx_word' id='word_1_304' title='bbox 2090 2235 2221 2303; x_wconf 89' lang='lat' dir='ltr'>Deinde</span> 
     </span>
     <span class='ocr_line' id='line_1_23' title="bbox 214 2320 2221 2408; baseline 0 -21"><span class='ocrx_word' id='word_1_305' title='bbox 214 2329 249 2387; x_wconf 89' lang='lat' dir='ltr'>et</span> <span class='ocrx_word' id='word_1_306' title='bbox 264 2322 362 2400; x_wconf 82' lang='lat' dir='ltr'>Iuris,</span> <span class='ocrx_word' id='word_1_307' title='bbox 385 2342 428 2387; x_wconf 90' lang='lat' dir='ltr'>an</span> <span class='ocrx_word' id='word_1_308' title='bbox 449 2321 568 2405; x_wconf 90' lang='lat' dir='ltr'>dignus</span> <span class='ocrx_word' id='word_1_309' title='bbox 590 2320 726 2408; x_wconf 81' lang='lat' dir='ltr'>sitlibcr</span> <span class='ocrx_word' id='word_1_310' title='bbox 746 2330 814 2387; x_wconf 83' lang='lat' dir='ltr'>tam</span> <span class='ocrx_word' id='word_1_311' title='bbox 830 2321 946 2388; x_wconf 88' lang='lat' dir='ltr'>acerba</span> <span class='ocrx_word' id='word_1_312' title='bbox 962 2320 1189 2387; x_wconf 87' lang='lat' dir='ltr'>insectatione:</span> <span class='ocrx_word' id='word_1_313' title='bbox 1241 2320 1364 2385; x_wconf 91' lang='lat' dir='ltr'>librum</span> <span class='ocrx_word' id='word_1_314' title='bbox 1385 2341 1482 2403; x_wconf 91' lang='lat' dir='ltr'>quem</span> <span class='ocrx_word' id='word_1_315' title='bbox 1503 2321 1632 2405; x_wconf 91' lang='lat' dir='ltr'>impetit</span> <span class='ocrx_word' id='word_1_316' title='bbox 1652 2343 1734 2391; x_wconf 89' lang='lat' dir='ltr'>sana</span> <span class='ocrx_word' id='word_1_317' title='bbox 1758 2329 1796 2387; x_wconf 90' lang='lat' dir='ltr'>et·</span> <span class='ocrx_word' id='word_1_318' title='bbox 1815 2322 2125 2406; x_wconf 82' lang='lat' dir='ltr'>compositamente</span> <span class='ocrx_word' id='word_1_319' title='bbox 2146 2344 2221 2406; x_wconf 90' lang='lat' dir='ltr'>per·</span> 
     </span>
     <span class='ocr_line' id='line_1_24' title="bbox 214 2406 2222 2491; baseline 0 -19"><span class='ocrx_word' id='word_1_320' title='bbox 214 2412 288 2486; x_wconf 78' lang='lat' dir='ltr'>[pag.</span> <span class='ocrx_word' id='word_1_321' title='bbox 306 2412 339 2487; x_wconf 84' lang='lat'>8]</span> <span class='ocrx_word' id='word_1_322' title='bbox 360 2427 459 2490; x_wconf 88' lang='lat' dir='ltr'>quam</span> <span class='ocrx_word' id='word_1_323' title='bbox 480 2407 617 2472; x_wconf 86' lang='lat' dir='ltr'>feliciter</span> <span class='ocrx_word' id='word_1_324' title='bbox 638 2408 779 2491; x_wconf 92' lang='lat' dir='ltr'>priorem</span> <span class='ocrx_word' id='word_1_325' title='bbox 788 2407 1190 2490; x_wconf 89' lang='lat' dir='ltr'>partemexpediatpenes</span> <span class='ocrx_word' id='word_1_326' title='bbox 1242 2417 1360 2486; x_wconf 89' lang='lat' dir='ltr'>currat,</span> <span class='ocrx_word' id='word_1_327' title='bbox 1382 2407 1437 2472; x_wconf 90' lang='lat' dir='ltr'>ubi</span> <span class='ocrx_word' id='word_1_328' title='bbox 1459 2407 1569 2490; x_wconf 88' lang='lat' dir='ltr'>palam</span> <span class='ocrx_word' id='word_1_329' title='bbox 1591 2406 1891 2491; x_wconf 89' lang='lat' dir='ltr'>ostenditur·quam</span> <span class='ocrx_word' id='word_1_330' title='bbox 1915 2407 2043 2473; x_wconf 82' lang='lat' dir='ltr'>exitiali</span> <span class='ocrx_word' id='word_1_331' title='bbox 2068 2407 2222 2474; x_wconf 91' lang='lat' dir='ltr'>mercede</span> 
     </span>
     <span class='ocr_line' id='line_1_25' title="bbox 214 2490 2222 2576; baseline 0.001 -19"><span class='ocrx_word' id='word_1_332' title='bbox 214 2492 352 2557; x_wconf 92' lang='lat' dir='ltr'>lectores</span> <span class='ocrx_word' id='word_1_333' title='bbox 373 2499 441 2558; x_wconf 87' lang='lat' dir='ltr'>esto</span> <span class='ocrx_word' id='word_1_334' title='bbox 462 2490 634 2557; x_wconf 87' lang='lat' dir='ltr'>iudicium:</span> <span class='ocrx_word' id='word_1_335' title='bbox 656 2513 775 2576; x_wconf 90' lang='lat' dir='ltr'>nempe</span> <span class='ocrx_word' id='word_1_336' title='bbox 801 2492 903 2558; x_wconf 89' lang='lat' dir='ltr'>libelli</span> <span class='ocrx_word' id='word_1_337' title='bbox 930 2492 1069 2575; x_wconf 88' lang='lat' dir='ltr'>culpam,</span> <span class='ocrx_word' id='word_1_338' title='bbox 1097 2491 1190 2557; x_wconf 85' lang='lat' dir='ltr'>cuius</span> <span class='ocrx_word' id='word_1_339' title='bbox 1241 2513 1354 2574; x_wconf 88' lang='lat' dir='ltr'>pacem</span> <span class='ocrx_word' id='word_1_340' title='bbox 1376 2492 1494 2556; x_wconf 89' lang='lat' dir='ltr'>redimi</span> <span class='ocrx_word' id='word_1_341' title='bbox 1515 2493 1672 2576; x_wconf 76' lang='lat' dir='ltr'>velit-qui</span> <span class='ocrx_word' id='word_1_342' title='bbox 1693 2514 1729 2558; x_wconf 90' lang='lat' dir='ltr'>se</span> <span class='ocrx_word' id='word_1_343' title='bbox 1751 2494 1813 2558; x_wconf 92' lang='lat' dir='ltr'>sub</span> <span class='ocrx_word' id='word_1_344' title='bbox 1840 2493 1948 2558; x_wconf 83' lang='lat' dir='ltr'>fallaci</span> <span class='ocrx_word' id='word_1_345' title='bbox 1974 2513 2117 2576; x_wconf 89' lang='lat' dir='ltr'>persona</span> <span class='ocrx_word' id='word_1_346' title='bbox 2142 2495 2222 2560; x_wconf 91' lang='lat' dir='ltr'>insi·</span> 
     </span>
     <span class='ocr_line' id='line_1_26' title="bbox 214 2576 2223 2661; baseline 0.001 -18"><span class='ocrx_word' id='word_1_347' title='bbox 214 2584 309 2643; x_wconf 89' lang='lat' dir='ltr'>autor</span> <span class='ocrx_word' id='word_1_348' title='bbox 329 2598 397 2643; x_wconf 92' lang='lat' dir='ltr'>non</span> <span class='ocrx_word' id='word_1_349' title='bbox 419 2586 478 2656; x_wconf 90' lang='lat' dir='ltr'>est,</span> <span class='ocrx_word' id='word_1_350' title='bbox 499 2579 662 2642; x_wconf 89' lang='lat' dir='ltr'>immerito</span> <span class='ocrx_word' id='word_1_351' title='bbox 681 2579 718 2642; x_wconf 92' lang='lat' dir='ltr'>in</span> <span class='ocrx_word' id='word_1_352' title='bbox 737 2599 773 2644; x_wconf 89' lang='lat' dir='ltr'>se</span> <span class='ocrx_word' id='word_1_353' title='bbox 796 2579 976 2644; x_wconf 81' lang='lat' dir='ltr'>transferri.</span> <span class='ocrx_word' id='word_1_354' title='bbox 1011 2576 1190 2644; x_wconf 90' lang='lat' dir='ltr'>Infitiando</span> <span class='ocrx_word' id='word_1_355' title='bbox 1224 2586 1329 2642; x_wconf 85' lang='lat' dir='ltr'>nnat.</span> <span class='ocrx_word' id='word_1_356' title='bbox 1381 2576 1481 2645; x_wconf 81' lang='lat' dir='ltr'>Oerte</span> <span class='ocrx_word' id='word_1_357' title='bbox 1506 2578 1692 2661; x_wconf 83' lang='lat' dir='ltr'>praestabat</span> <span class='ocrx_word' id='word_1_358' title='bbox 1719 2579 1825 2645; x_wconf 85' lang='lat' dir='ltr'>malae</span> <span class='ocrx_word' id='word_1_359' title='bbox 1844 2599 1969 2645; x_wconf 87' lang='lat' dir='ltr'>·causae</span> <span class='ocrx_word' id='word_1_360' title='bbox 1996 2579 2223 2646; x_wconf 77' lang='lat' dir='ltr'>defensionem</span> 
     </span>
     <span class='ocr_line' id='line_1_27' title="bbox 215 2661 2223 2749; baseline 0.001 -20"><span class='ocrx_word' id='word_1_361' title='bbox 215 2684 251 2729; x_wconf 88' lang='lat' dir='ltr'>se</span> <span class='ocrx_word' id='word_1_362' title='bbox 272 2669 399 2746; x_wconf 81' lang='lat' dir='ltr'>purgat</span> <span class='ocrx_word' id='word_1_363' title='bbox 444 2661 484 2729; x_wconf 83' lang='lat' dir='ltr'>Si</span> <span class='ocrx_word' id='word_1_364' title='bbox 504 2663 593 2730; x_wconf 86' lang='lat' dir='ltr'>volet</span> <span class='ocrx_word' id='word_1_365' title='bbox 613 2663 772 2749; x_wconf 75' lang='lat' dir='ltr'>adimgat</span> <span class='ocrx_word' id='word_1_366' title='bbox 798 2672 832 2729; x_wconf 91' lang='lat' dir='ltr'>et</span> <span class='ocrx_word' id='word_1_367' title='bbox 852 2665 1031 2748; x_wconf 87' lang='lat' dir='ltr'>periurium</span> <span class='ocrx_word' id='word_1_368' title='bbox 1053 2684 1116 2746; x_wconf 90' lang='lat' dir='ltr'>quo</span> <span class='ocrx_word' id='word_1_369' title='bbox 1136 2683 1191 2728; x_wconf 90' lang='lat' dir='ltr'>me</span> <span class='ocrx_word' id='word_1_370' title='bbox 1242 2664 1408 2742; x_wconf 83' lang='lat' dir='ltr'>omittere,</span> <span class='ocrx_word' id='word_1_371' title='bbox 1447 2685 1546 2748; x_wconf 91' lang='lat' dir='ltr'>quam</span> <span class='ocrx_word' id='word_1_372' title='bbox 1578 2665 1714 2730; x_wconf 88' lang='lat' dir='ltr'>insulsis</span> <span class='ocrx_word' id='word_1_373' title='bbox 1744 2663 1974 2731; x_wconf 88' lang='lat' dir='ltr'>scommatibus</span> <span class='ocrx_word' id='word_1_374' title='bbox 2006 2667 2223 2731; x_wconf 88' lang='lat' dir='ltr'>manifestum</span> 
     </span>
     <span class='ocr_line' id='line_1_28' title="bbox 214 2747 2223 2833; baseline 0.001 -18"><span class='ocrx_word' id='word_1_375' title='bbox 214 2748 408 2815; x_wconf 87' lang='lat' dir='ltr'>temeritatis</span> <span class='ocrx_word' id='word_1_376' title='bbox 440 2769 535 2814; x_wconf 89' lang='lat' dir='ltr'>reum</span> <span class='ocrx_word' id='word_1_377' title='bbox 566 2749 678 2815; x_wconf 85' lang='lat' dir='ltr'>faciat:</span> <span class='ocrx_word' id='word_1_378' title='bbox 705 2749 783 2833; x_wconf 86' lang='lat' dir='ltr'>quia</span> <span class='ocrx_word' id='word_1_379' title='bbox 809 2748 850 2814; x_wconf 91' lang='lat' dir='ltr'>de</span> <span class='ocrx_word' id='word_1_380' title='bbox 876 2771 913 2815; x_wconf 91' lang='lat' dir='ltr'>re</span> <span class='ocrx_word' id='word_1_381' title='bbox 937 2750 1064 2816; x_wconf 90' lang='lat' dir='ltr'>incerta</span> <span class='ocrx_word' id='word_1_382' title='bbox 1089 2747 1191 2814; x_wconf 89' lang='lat' dir='ltr'>libere</span> <span class='ocrx_word' id='word_1_383' title='bbox 1241 2749 1367 2814; x_wconf 86' lang='lat' dir='ltr'>crimen</span> <span class='ocrx_word' id='word_1_384' title='bbox 1394 2749 1542 2829; x_wconf 90' lang='lat' dir='ltr'>eludere,</span> <span class='ocrx_word' id='word_1_385' title='bbox 1562 2751 1665 2816; x_wconf 56' lang='lat' dir='ltr'>&gt;cuius</span> <span class='ocrx_word' id='word_1_386' title='bbox 1693 2750 1805 2816; x_wconf 92' lang='lat' dir='ltr'>odium</span> <span class='ocrx_word' id='word_1_387' title='bbox 1833 2758 1868 2815; x_wconf 91' lang='lat' dir='ltr'>et</span> <span class='ocrx_word' id='word_1_388' title='bbox 1894 2749 2147 2816; x_wconf 66' lang='lat' dir='ltr'>detesmionem</span> <span class='ocrx_word' id='word_1_389' title='bbox 2182 2773 2223 2818; x_wconf 84' lang='lat' dir='ltr'>ex</span> 
     </span>
     <span class='ocr_line' id='line_1_29' title="bbox 237 2833 2231 2921; baseline 0.001 -20"><span class='ocrx_word' id='word_1_390' title='bbox 237 2834 430 2901; x_wconf 86' lang='lat' dir='ltr'>renunciare</span> <span class='ocrx_word' id='word_1_391' title='bbox 461 2854 560 2900; x_wconf 87' lang='lat' dir='ltr'>ausus</span> <span class='ocrx_word' id='word_1_392' title='bbox 591 2835 719 2900; x_wconf 85' lang='lat' dir='ltr'>fuerim.</span> <span class='ocrx_word' id='word_1_393' title='bbox 773 2835 847 2919; x_wconf 83' lang='lat' dir='ltr'>Ego</span> <span class='ocrx_word' id='word_1_394' title='bbox 878 2855 956 2901; x_wconf 87' lang='lat' dir='ltr'>vero</span> <span class='ocrx_word' id='word_1_395' title='bbox 982 2851 1054 2901; x_wconf 90' lang='lat' dir='ltr'>rem</span> <span class='ocrx_word' id='word_1_396' title='bbox 1086 2841 1191 2900; x_wconf 85' lang='lat' dir='ltr'>totam</span> <span class='ocrx_word' id='word_1_397' title='bbox 1240 2836 1369 2917; x_wconf 91' lang='lat' dir='ltr'>piorum</span> <span class='ocrx_word' id='word_1_398' title='bbox 1382 2833 1536 2902; x_wconf 81' lang='lat' dir='ltr'>cordibus</span> <span class='ocrx_word' id='word_1_399' title='bbox 1553 2836 1832 2920; x_wconf 85' lang='lat' dir='ltr'>nunquameluet</span> <span class='ocrx_word' id='word_1_400' title='bbox 1868 2836 2048 2916; x_wconf 78' lang='lat' dir='ltr'>Quaeritur</span> <span class='ocrx_word' id='word_1_401' title='bbox 2059 2838 2170 2921; x_wconf 87' lang='lat' dir='ltr'>qualis</span> <span class='ocrx_word' id='word_1_402' title='bbox 2181 2839 2231 2904; x_wconf 88' lang='lat' dir='ltr'>sit</span> 
     </span>
     <span class='ocr_line' id='line_1_30' title="bbox 214 2856 2236 3021; baseline 0.001 -35"><span class='ocrx_word' id='word_1_403' title='bbox 214 2856 257 2987; x_wconf 71' lang='lat' dir='ltr'>de</span> <span class='ocrx_word' id='word_1_404' title='bbox 287 2941 351 3003; x_wconf 89' lang='lat' dir='ltr'>qua</span> <span class='ocrx_word' id='word_1_405' title='bbox 388 2919 516 3003; x_wconf 91' lang='lat' dir='ltr'>trepide</span> <span class='ocrx_word' id='word_1_406' title='bbox 548 2919 704 3000; x_wconf 88' lang='lat' dir='ltr'>balbutit,</span> <span class='ocrx_word' id='word_1_407' title='bbox 736 2919 880 3005; x_wconf 89' lang='lat' dir='ltr'>ingenue</span> <span class='ocrx_word' id='word_1_408' title='bbox 920 2930 954 2987; x_wconf 91' lang='lat' dir='ltr'>et</span> <span class='ocrx_word' id='word_1_409' title='bbox 985 2920 1191 2986; x_wconf 86' lang='lat' dir='ltr'>familiariter</span> <span class='ocrx_word' id='word_1_410' title='bbox 1241 2920 1334 2999; x_wconf 89' lang='lat' dir='ltr'>liber,</span> <span class='ocrx_word' id='word_1_411' title='bbox 1354 2922 1494 3021; x_wconf 74' lang='lat' dir='ltr'>quamsi</span> <span class='ocrx_word' id='word_1_412' title='bbox 1513 2921 1926 3021; x_wconf 36' lang='lat' dir='ltr'>nonkpeperitBalduinus,</span> <span class='ocrx_word' id='word_1_413' title='bbox 1942 2923 1977 2987; x_wconf 93' lang='lat' dir='ltr'>in</span> <span class='ocrx_word' id='word_1_414' title='bbox 1996 2930 2236 3005; x_wconf 82' lang='lat' dir='ltr'>partutamen</span> 
     </span>
     <span class='ocr_line' id='line_1_31' title="bbox 215 3005 2248 3093; baseline 0.001 -21"><span class='ocrx_word' id='word_1_415' title='bbox 215 3007 341 3090; x_wconf 89' lang='lat' dir='ltr'>aperio:</span> <span class='ocrx_word' id='word_1_416' title='bbox 374 3028 438 3072; x_wconf 92' lang='lat' dir='ltr'>nec</span> <span class='ocrx_word' id='word_1_417' title='bbox 469 3005 594 3073; x_wconf 84' lang='lat' dir='ltr'>invidia</span> <span class='ocrx_word' id='word_1_418' title='bbox 631 3007 760 3071; x_wconf 91' lang='lat' dir='ltr'>onerari</span> <span class='ocrx_word' id='word_1_419' title='bbox 802 3006 892 3087; x_wconf 88' lang='lat' dir='ltr'>volo,</span> <span class='ocrx_word' id='word_1_420' title='bbox 938 3015 1100 3091; x_wconf 87' lang='lat' dir='ltr'>quantum</span> <span class='ocrx_word' id='word_1_421' title='bbox 1136 3028 1190 3072; x_wconf 93' lang='lat' dir='ltr'>res</span> <span class='ocrx_word' id='word_1_422' title='bbox 1241 3006 1424 3073; x_wconf 78' lang='lat' dir='ltr'>obstetricis</span> <span class='ocrx_word' id='word_1_423' title='bbox 1457 3027 1595 3073; x_wconf 89' lang='lat' dir='ltr'>munere</span> <span class='ocrx_word' id='word_1_424' title='bbox 1621 3009 1754 3074; x_wconf 87' lang='lat' dir='ltr'>functus</span> <span class='ocrx_word' id='word_1_425' title='bbox 1787 3016 1845 3074; x_wconf 86' lang='lat' dir='ltr'>est</span> <span class='ocrx_word' id='word_1_426' title='bbox 1893 3008 1997 3074; x_wconf 76' lang='lat' dir='ltr'>Mens</span> <span class='ocrx_word' id='word_1_427' title='bbox 2029 3010 2248 3093; x_wconf 64' lang='lat' dir='ltr'>imposturis</span> 
     </span>
     <span class='ocr_line' id='line_1_32' title="bbox 214 3092 2248 3177; baseline 0.001 -20"><span class='ocrx_word' id='word_1_428' title='bbox 214 3092 349 3176; x_wconf 87' lang='lat' dir='ltr'>patitur.</span> <span class='ocrx_word' id='word_1_429' title='bbox 393 3092 531 3157; x_wconf 79' lang='lat' dir='ltr'>Editum</span> <span class='ocrx_word' id='word_1_430' title='bbox 569 3098 620 3156; x_wconf 89' lang='lat' dir='ltr'>est</span> <span class='ocrx_word' id='word_1_431' title='bbox 652 3093 811 3175; x_wconf 89' lang='lat' dir='ltr'>sc1iptum</span> <span class='ocrx_word' id='word_1_432' title='bbox 843 3092 931 3176; x_wconf 91' lang='lat' dir='ltr'>quod</span> <span class='ocrx_word' id='word_1_433' title='bbox 962 3093 1045 3158; x_wconf 80' lang='lat' dir='ltr'>milri</span> <span class='ocrx_word' id='word_1_434' title='bbox 1077 3100 1190 3158; x_wconf 89' lang='lat' dir='ltr'>notam</span> <span class='ocrx_word' id='word_1_435' title='bbox 1241 3093 1400 3157; x_wconf 85' lang='lat' dir='ltr'>refertum</span> <span class='ocrx_word' id='word_1_436' title='bbox 1421 3099 1456 3158; x_wconf 90' lang='lat' dir='ltr'>et</span> <span class='ocrx_word' id='word_1_437' title='bbox 1477 3093 1693 3176; x_wconf 84' lang='lat' dir='ltr'>compositum</span> <span class='ocrx_word' id='word_1_438' title='bbox 1715 3114 1786 3159; x_wconf 86' lang='lat' dir='ltr'>esse</span> <span class='ocrx_word' id='word_1_439' title='bbox 1807 3095 1843 3159; x_wconf 91' lang='lat' dir='ltr'>in</span> <span class='ocrx_word' id='word_1_440' title='bbox 1859 3094 2014 3160; x_wconf 86' lang='lat' dir='ltr'>eccleciae</span> <span class='ocrx_word' id='word_1_441' title='bbox 2030 3097 2248 3177; x_wconf 83' lang='lat' dir='ltr'>perniciem,</span> 
     </span>
     <span class='ocr_line' id='line_1_33' title="bbox 214 3177 2252 3264; baseline 0.002 -21"><span class='ocrx_word' id='word_1_442' title='bbox 214 3178 370 3244; x_wconf 87' lang='lat' dir='ltr'>infamiae</span> <span class='ocrx_word' id='word_1_443' title='bbox 401 3177 490 3260; x_wconf 87' lang='lat' dir='ltr'>apud</span> <span class='ocrx_word' id='word_1_444' title='bbox 521 3198 635 3244; x_wconf 91' lang='lat' dir='ltr'>omnes</span> <span class='ocrx_word' id='word_1_445' title='bbox 662 3185 864 3263; x_wconf 79' lang='lat' dir='ltr'>aspergeret:</span> <span class='ocrx_word' id='word_1_446' title='bbox 901 3199 1111 3262; x_wconf 88' lang='lat' dir='ltr'>suppressum</span> <span class='ocrx_word' id='word_1_447' title='bbox 1140 3185 1192 3243; x_wconf 89' lang='lat' dir='ltr'>est</span> <span class='ocrx_word' id='word_1_448' title='bbox 1241 3178 1436 3261; x_wconf 83' lang='lat' dir='ltr'>Responsio,</span> <span class='ocrx_word' id='word_1_449' title='bbox 1463 3179 1517 3243; x_wconf 89' lang='lat' dir='ltr'>cui</span> <span class='ocrx_word' id='word_1_450' title='bbox 1544 3185 1616 3258; x_wconf 78' lang='lat' dir='ltr'>[pag.</span> <span class='ocrx_word' id='word_1_451' title='bbox 1638 3185 1688 3257; x_wconf 89' lang='lat'>11]</span> <span class='ocrx_word' id='word_1_452' title='bbox 1722 3177 1906 3246; x_wconf 80' lang='lat' dir='ltr'>Belduinus</span> <span class='ocrx_word' id='word_1_453' title='bbox 1933 3180 2102 3261; x_wconf 89' lang='lat' dir='ltr'>irascitur,</span> <span class='ocrx_word' id='word_1_454' title='bbox 2131 3182 2252 3264; x_wconf 77' lang='lat' dir='ltr'>quasi</span> 
     </span>
     <span class='ocr_line' id='line_1_34' title="bbox 216 3262 2251 3355; baseline 0.002 -26"><span class='ocrx_word' id='word_1_455' title='bbox 216 3263 339 3330; x_wconf 90' lang='lat' dir='ltr'>autoris</span> <span class='ocrx_word' id='word_1_456' title='bbox 360 3274 395 3328; x_wconf 89' lang='lat' dir='ltr'>et</span> <span class='ocrx_word' id='word_1_457' title='bbox 475 3263 613 3348; x_wconf 89' lang='lat' dir='ltr'>ographi</span> <span class='ocrx_word' id='word_1_458' title='bbox 632 3284 752 3332; x_wconf 89' lang='lat' dir='ltr'>nomen</span> <span class='ocrx_word' id='word_1_459' title='bbox 773 3263 850 3328; x_wconf 90' lang='lat' dir='ltr'>data</span> <span class='ocrx_word' id='word_1_460' title='bbox 866 3284 974 3348; x_wconf 88' lang='lat' dir='ltr'>opera,</span> <span class='ocrx_word' id='word_1_461' title='bbox 996 3273 1034 3329; x_wconf 91' lang='lat' dir='ltr'>ut</span> <span class='ocrx_word' id='word_1_462' title='bbox 1056 3264 1191 3347; x_wconf 88' lang='lat' dir='ltr'>impune</span> <span class='ocrx_word' id='word_1_463' title='bbox 1242 3262 1345 3348; x_wconf 79' lang='lat' dir='ltr'>digito</span> <span class='ocrx_word' id='word_1_464' title='bbox 1366 3271 1536 3329; x_wconf 77' lang='lat' dir='ltr'>monstrat</span> <span class='ocrx_word' id='word_1_465' title='bbox 1580 3265 1695 3331; x_wconf 90' lang='lat' dir='ltr'>Bonus</span> <span class='ocrx_word' id='word_1_466' title='bbox 1715 3266 1777 3344; x_wconf 79' lang='lat' dir='ltr'>vir,</span> <span class='ocrx_word' id='word_1_467' title='bbox 1802 3276 1841 3330; x_wconf 89' lang='lat' dir='ltr'>ut</span> <span class='ocrx_word' id='word_1_468' title='bbox 1860 3262 2005 3331; x_wconf 78' lang='lat' dir='ltr'>¹dedecus</span> <span class='ocrx_word' id='word_1_469' title='bbox 2030 3273 2140 3355; x_wconf 83' lang='lat' dir='ltr'>tegat</span> <span class='ocrx_word' id='word_1_470' title='bbox 2155 3289 2251 3333; x_wconf 90' lang='lat' dir='ltr'>cm-</span> 
     </span>
     <span class='ocr_line' id='line_1_35' title="bbox 170 3348 2243 3434; baseline 0.002 -20"><span class='ocrx_word' id='word_1_471' title='bbox 170 3429 172 3433; x_wconf 22' lang='lat'>,</span> <span class='ocrx_word' id='word_1_472' title='bbox 215 3371 268 3414; x_wconf 92' lang='lat' dir='ltr'>me</span> <span class='ocrx_word' id='word_1_473' title='bbox 289 3348 433 3415; x_wconf 89' lang='lat' dir='ltr'>lacerare</span> <span class='ocrx_word' id='word_1_474' title='bbox 467 3349 595 3414; x_wconf 89' lang='lat' dir='ltr'>iberum</span> <span class='ocrx_word' id='word_1_475' title='bbox 605 3356 709 3416; x_wconf 82' lang='lat' dir='ltr'>essct</span> <span class='ocrx_word' id='word_1_476' title='bbox 733 3349 882 3416; x_wconf 84' lang='lat' dir='ltr'>Excusat</span> <span class='ocrx_word' id='word_1_477' title='bbox 901 3349 1086 3416; x_wconf 89' lang='lat' dir='ltr'>Belduinus</span> <span class='ocrx_word' id='word_1_478' title='bbox 1108 3370 1191 3434; x_wconf 91' lang='lat' dir='ltr'>opus</span> <span class='ocrx_word' id='word_1_479' title='bbox 1242 3349 1337 3414; x_wconf 88' lang='lat' dir='ltr'>nium</span> <span class='ocrx_word' id='word_1_480' title='bbox 1357 3350 1459 3415; x_wconf 94' lang='lat' dir='ltr'>oculis</span> <span class='ocrx_word' id='word_1_481' title='bbox 1478 3350 1906 3433; x_wconf 76' lang='lat' dir='ltr'>expositumccnviciandc</span> <span class='ocrx_word' id='word_1_482' title='bbox 1922 3352 2100 3433; x_wconf 87' lang='lat' dir='ltr'>perturbat</span> <span class='ocrx_word' id='word_1_483' title='bbox 2120 3361 2243 3419; x_wconf 81' lang='lat' dir='ltr'>totam</span> 
     </span>
     <span class='ocr_line' id='line_1_36' title="bbox 214 3428 2237 3520; baseline 0.002 -20"><span class='ocrx_word' id='word_1_484' title='bbox 214 3456 283 3501; x_wconf 93' lang='lat' dir='ltr'>non</span> <span class='ocrx_word' id='word_1_485' title='bbox 315 3455 387 3500; x_wconf 89' lang='lat' dir='ltr'>esse</span> <span class='ocrx_word' id='word_1_486' title='bbox 418 3456 523 3504; x_wconf 87' lang='lat' dir='ltr'>suum.</span> <span class='ocrx_word' id='word_1_487' title='bbox 578 3435 626 3501; x_wconf 90' lang='lat' dir='ltr'>Ut</span> <span class='ocrx_word' id='word_1_488' title='bbox 661 3435 725 3500; x_wconf 92' lang='lat' dir='ltr'>hoe</span> <span class='ocrx_word' id='word_1_489' title='bbox 755 3435 805 3499; x_wconf 93' lang='lat' dir='ltr'>illi</span> <span class='ocrx_word' id='word_1_490' title='bbox 837 3435 1027 3502; x_wconf 85' lang='lat' dir='ltr'>concedam:</span> <span class='ocrx_word' id='word_1_491' title='bbox 1059 3428 1191 3520; x_wconf 86' lang='lat' dir='ltr'>quando</span> <span class='ocrx_word' id='word_1_492' title='bbox 1242 3437 1413 3501; x_wconf 88' lang='lat' dir='ltr'>actionem.</span> <span class='ocrx_word' id='word_1_493' title='bbox 1436 3436 1540 3500; x_wconf 90' lang='lat' dir='ltr'>Porro</span> <span class='ocrx_word' id='word_1_494' title='bbox 1563 3443 1601 3501; x_wconf 92' lang='lat' dir='ltr'>ut</span> <span class='ocrx_word' id='word_1_495' title='bbox 1621 3436 1817 3519; x_wconf 88' lang='lat' dir='ltr'>persuadeat</span> <span class='ocrx_word' id='word_1_496' title='bbox 1838 3459 1891 3502; x_wconf 89' lang='lat' dir='ltr'>me</span> <span class='ocrx_word' id='word_1_497' title='bbox 1911 3437 2095 3502; x_wconf 86' lang='lat' dir='ltr'>terribilem</span> <span class='ocrx_word' id='word_1_498' title='bbox 2112 3439 2237 3517; x_wconf 82' lang='lat' dir='ltr'>bilem,</span> 
     </span>
     <span class='ocr_line' id='line_1_37' title="bbox 215 3520 2231 3605; baseline 0.002 -20"><span class='ocrx_word' id='word_1_499' title='bbox 215 3528 405 3604; x_wconf 80' lang='lat' dir='ltr'>proxeneta,</span> <span class='ocrx_word' id='word_1_500' title='bbox 427 3520 480 3585; x_wconf 87' lang='lat' dir='ltr'>vel</span> <span class='ocrx_word' id='word_1_501' title='bbox 501 3520 576 3585; x_wconf 93' lang='lat' dir='ltr'>lenc</span> <span class='ocrx_word' id='word_1_502' title='bbox 598 3527 632 3586; x_wconf 89' lang='lat' dir='ltr'>et</span> <span class='ocrx_word' id='word_1_503' title='bbox 649 3520 914 3605; x_wconf 72' lang='lat' dir='ltr'>productor&#39;firit</span> <span class='ocrx_word' id='word_1_504' title='bbox 936 3522 1077 3604; x_wconf 89' lang='lat' dir='ltr'>denique</span> <span class='ocrx_word' id='word_1_505' title='bbox 1098 3521 1190 3587; x_wconf 90' lang='lat' dir='ltr'>libel·</span> <span class='ocrx_word' id='word_1_506' title='bbox 1243 3530 1280 3585; x_wconf 91' lang='lat' dir='ltr'>ut</span> <span class='ocrx_word' id='word_1_507' title='bbox 1300 3521 1453 3604; x_wconf 83' lang='lat' dir='ltr'>loquitur,</span> <span class='ocrx_word' id='word_1_508' title='bbox 1476 3542 1571 3588; x_wconf 90' lang='lat' dir='ltr'>caeco</span> <span class='ocrx_word' id='word_1_509' title='bbox 1592 3522 1702 3587; x_wconf 85' lang='lat' dir='ltr'>firrore</span> <span class='ocrx_word' id='word_1_510' title='bbox 1720 3521 1896 3600; x_wconf 88' lang='lat' dir='ltr'>effundere,</span> <span class='ocrx_word' id='word_1_511' title='bbox 1916 3524 2134 3589; x_wconf 71' lang='lat' dir='ltr'>&#39;coniecturas</span> <span class='ocrx_word' id='word_1_512' title='bbox 2163 3525 2231 3591; x_wconf 87' lang='lat' dir='ltr'>sibi</span> 
     </span>
     <span class='ocr_line' id='line_1_38' title="bbox 215 3604 2222 3687; baseline 0.002 -17"><span class='ocrx_word' id='word_1_513' title='bbox 215 3604 285 3670; x_wconf 91' lang='lat' dir='ltr'>lum</span> <span class='ocrx_word' id='word_1_514' title='bbox 307 3606 442 3671; x_wconf 88' lang='lat' dir='ltr'>tradidit</span> <span class='ocrx_word' id='word_1_515' title='bbox 459 3622 561 3671; x_wconf 88' lang='lat' dir='ltr'>manu</span> <span class='ocrx_word' id='word_1_516' title='bbox 582 3627 650 3687; x_wconf 90' lang='lat' dir='ltr'>sua,</span> <span class='ocrx_word' id='word_1_517' title='bbox 673 3614 747 3672; x_wconf 87' lang='lat' dir='ltr'>etv</span> <span class='ocrx_word' id='word_1_518' title='bbox 850 3605 930 3672; x_wconf 89' lang='lat' dir='ltr'>dum</span> <span class='ocrx_word' id='word_1_519' title='bbox 946 3607 1083 3686; x_wconf 84' lang='lat' dir='ltr'>curavit,</span> <span class='ocrx_word' id='word_1_520' title='bbox 1105 3608 1191 3672; x_wconf 89' lang='lat' dir='ltr'>eius·</span> <span class='ocrx_word' id='word_1_521' title='bbox 1241 3604 1380 3672; x_wconf 83' lang='lat' dir='ltr'>fabricat</span> <span class='ocrx_word' id='word_1_522' title='bbox 1409 3628 1469 3672; x_wconf 91' lang='lat' dir='ltr'>cur</span> <span class='ocrx_word' id='word_1_523' title='bbox 1499 3609 1632 3672; x_wconf 81' lang='lat' dir='ltr'>veteris</span> <span class='ocrx_word' id='word_1_524' title='bbox 1653 3609 1815 3674; x_wconf 89' lang='lat' dir='ltr'>amicitiae</span> <span class='ocrx_word' id='word_1_525' title='bbox 1847 3608 1967 3674; x_wconf 90' lang='lat' dir='ltr'>oblitus</span> <span class='ocrx_word' id='word_1_526' title='bbox 1991 3608 2161 3676; x_wconf 88' lang='lat' dir='ltr'>hostiliter</span> <span class='ocrx_word' id='word_1_527' title='bbox 2187 3611 2222 3675; x_wconf 93' lang='lat' dir='ltr'>in</span> 
     </span>
     <span class='ocr_line' id='line_1_39' title="bbox 217 3689 2217 3779; baseline 0.003 -25"><span class='ocrx_word' id='word_1_528' title='bbox 217 3689 292 3756; x_wconf 91' lang='lat' dir='ltr'>dem</span> <span class='ocrx_word' id='word_1_529' title='bbox 313 3692 459 3758; x_wconf 90' lang='lat' dir='ltr'>oriminis</span> <span class='ocrx_word' id='word_1_530' title='bbox 486 3713 562 3757; x_wconf 91' lang='lat' dir='ltr'>reus</span> <span class='ocrx_word' id='word_1_531' title='bbox 588 3699 752 3757; x_wconf 70' lang='lat' dir='ltr'>tenetur·</span> <span class='ocrx_word' id='word_1_532' title='bbox 801 3692 875 3756; x_wconf 94' lang='lat' dir='ltr'>iin</span> <span class='ocrx_word' id='word_1_533' title='bbox 902 3694 954 3759; x_wconf 92' lang='lat' dir='ltr'>ius</span> <span class='ocrx_word' id='word_1_534' title='bbox 980 3714 1056 3758; x_wconf 90' lang='lat' dir='ltr'>eum</span> <span class='ocrx_word' id='word_1_535' title='bbox 1083 3712 1190 3758; x_wconf 89' lang='lat' dir='ltr'>accer-</span> <span class='ocrx_word' id='word_1_536' title='bbox 1242 3711 1318 3757; x_wconf 89' lang='lat' dir='ltr'>eum</span> <span class='ocrx_word' id='word_1_537' title='bbox 1346 3693 1534 3757; x_wconf 86' lang='lat' dir='ltr'>exarserim.</span> <span class='ocrx_word' id='word_1_538' title='bbox 1584 3693 1736 3758; x_wconf 91' lang='lat' dir='ltr'>Primum</span> <span class='ocrx_word' id='word_1_539' title='bbox 1763 3691 1895 3760; x_wconf 89' lang='lat' dir='ltr'>adducit</span> <span class='ocrx_word' id='word_1_540' title='bbox 1923 3694 2009 3777; x_wconf 93' lang='lat' dir='ltr'>quod</span> <span class='ocrx_word' id='word_1_541' title='bbox 2036 3704 2217 3779; x_wconf 83' lang='lat' dir='ltr'>rogatcsa</span> 
     </span>
     <span class='ocr_line' id='line_1_40' title="bbox 216 3776 2212 3866; baseline 0.002 -24"><span class='ocrx_word' id='word_1_542' title='bbox 216 3797 332 3855; x_wconf 91' lang='lat' dir='ltr'>serem,</span> <span class='ocrx_word' id='word_1_543' title='bbox 352 3776 458 3844; x_wconf 92' lang='lat' dir='ltr'>tribus</span> <span class='ocrx_word' id='word_1_544' title='bbox 478 3778 589 3853; x_wconf 83' lang='lat' dir='ltr'>verbis</span> <span class='ocrx_word' id='word_1_545' title='bbox 610 3777 705 3842; x_wconf 90' lang='lat' dir='ltr'>finita</span> <span class='ocrx_word' id='word_1_546' title='bbox 726 3785 812 3842; x_wconf 90' lang='lat' dir='ltr'>esset</span> <span class='ocrx_word' id='word_1_547' title='bbox 833 3798 940 3844; x_wconf 84' lang='lat' dir='ltr'>causa</span> <span class='ocrx_word' id='word_1_548' title='bbox 963 3776 1097 3859; x_wconf 83' lang='lat' dir='ltr'>Quanta</span> <span class='ocrx_word' id='word_1_549' title='bbox 1113 3799 1192 3844; x_wconf 87' lang='lat' dir='ltr'>vero</span> <span class='ocrx_word' id='word_1_550' title='bbox 1243 3778 1305 3861; x_wconf 87' lang='lat' dir='ltr'>piis</span> <span class='ocrx_word' id='word_1_551' title='bbox 1326 3778 1512 3866; x_wconf 84' lang='lat' dir='ltr'>proceribus</span> <span class='ocrx_word' id='word_1_552' title='bbox 1533 3780 1731 3844; x_wconf 85' lang='lat' dir='ltr'>sententiam</span> <span class='ocrx_word' id='word_1_553' title='bbox 1752 3799 1845 3845; x_wconf 88' lang='lat' dir='ltr'>suam</span> <span class='ocrx_word' id='word_1_554' title='bbox 1874 3780 2120 3864; x_wconf 84' lang='lat' dir='ltr'>consignaverit</span> <span class='ocrx_word' id='word_1_555' title='bbox 2147 3801 2212 3846; x_wconf 91' lang='lat' dir='ltr'>con·</span> 
     </span>
     <span class='ocr_line' id='line_1_41' title="bbox 217 3861 2211 3948; baseline 0.002 -22"><span class='ocrx_word' id='word_1_556' title='bbox 217 3861 262 3927; x_wconf 89' lang='lat' dir='ltr'>sit</span> <span class='ocrx_word' id='word_1_557' title='bbox 282 3863 485 3942; x_wconf 84' lang='lat' dir='ltr'>iniuriarum,</span> <span class='ocrx_word' id='word_1_558' title='bbox 506 3862 624 3946; x_wconf 90' lang='lat' dir='ltr'>quibus</span> <span class='ocrx_word' id='word_1_559' title='bbox 646 3884 698 3929; x_wconf 93' lang='lat' dir='ltr'>me</span> <span class='ocrx_word' id='word_1_560' title='bbox 719 3861 895 3929; x_wconf 84' lang='lat' dir='ltr'>vulnerare</span> <span class='ocrx_word' id='word_1_561' title='bbox 908 3872 1044 3930; x_wconf 85' lang='lat' dir='ltr'>conatus</span> <span class='ocrx_word' id='word_1_562' title='bbox 1065 3872 1116 3929; x_wconf 88' lang='lat' dir='ltr'>est</span> <span class='ocrx_word' id='word_1_563' title='bbox 1135 3863 1192 3929; x_wconf 89' lang='lat' dir='ltr'>ille</span> <span class='ocrx_word' id='word_1_564' title='bbox 1243 3862 1377 3928; x_wconf 85' lang='lat' dir='ltr'>trariam</span> <span class='ocrx_word' id='word_1_565' title='bbox 1410 3864 1504 3929; x_wconf 86' lang='lat' dir='ltr'>novis</span> <span class='ocrx_word' id='word_1_566' title='bbox 1534 3864 1617 3929; x_wconf 91' lang='lat' dir='ltr'>meis</span> <span class='ocrx_word' id='word_1_567' title='bbox 1649 3872 1683 3929; x_wconf 90' lang='lat' dir='ltr'>et</span> <span class='ocrx_word' id='word_1_568' title='bbox 1720 3865 1914 3948; x_wconf 78' lang='lat' dir='ltr'>capitalibus</span> <span class='ocrx_word' id='word_1_569' title='bbox 1946 3864 2104 3946; x_wconf 89' lang='lat' dir='ltr'>decretis,</span> <span class='ocrx_word' id='word_1_570' title='bbox 2143 3864 2211 3931; x_wconf 89' lang='lat' dir='ltr'>dun</span> 
     </span>
     <span class='ocr_line' id='line_1_42' title="bbox 218 3947 2212 4032; baseline 0.003 -20"><span class='ocrx_word' id='word_1_571' title='bbox 218 3947 365 4030; x_wconf 88' lang='lat' dir='ltr'>scriptor,</span> <span class='ocrx_word' id='word_1_572' title='bbox 386 3950 537 4014; x_wconf 86' lang='lat' dir='ltr'>atrocitas</span> <span class='ocrx_word' id='word_1_573' title='bbox 559 3969 627 4014; x_wconf 93' lang='lat' dir='ltr'>non</span> <span class='ocrx_word' id='word_1_574' title='bbox 648 3967 881 4015; x_wconf 89' lang='lat' dir='ltr'>commemoro:</span> <span class='ocrx_word' id='word_1_575' title='bbox 911 3951 989 4032; x_wconf 88' lang='lat' dir='ltr'>quia</span> <span class='ocrx_word' id='word_1_576' title='bbox 1016 3949 1100 4014; x_wconf 90' lang='lat' dir='ltr'>mihi</span> <span class='ocrx_word' id='word_1_577' title='bbox 1124 3949 1192 4032; x_wconf 91' lang='lat' dir='ltr'>pri·</span> <span class='ocrx_word' id='word_1_578' title='bbox 1243 3970 1358 4015; x_wconf 89' lang='lat' dir='ltr'>censeo</span> <span class='ocrx_word' id='word_1_579' title='bbox 1379 3969 1494 4015; x_wconf 78' lang='lat' dir='ltr'>severe</span> <span class='ocrx_word' id='word_1_580' title='bbox 1512 3948 1671 4016; x_wconf 86' lang='lat' dir='ltr'>adversus</span> <span class='ocrx_word' id='word_1_581' title='bbox 1692 3951 1873 4017; x_wconf 87' lang='lat' dir='ltr'>haereticos</span> <span class='ocrx_word' id='word_1_582' title='bbox 1892 3950 2212 4017; x_wconf 84' lang='lat' dir='ltr'>animadvertendum</span> 
     </span>
     <span class='ocr_line' id='line_1_43' title="bbox 218 4031 2213 4122; baseline 0.003 -25"><span class='ocrx_word' id='word_1_583' title='bbox 218 4033 326 4099; x_wconf 81' lang='lat' dir='ltr'>vatim</span> <span class='ocrx_word' id='word_1_584' title='bbox 347 4032 431 4097; x_wconf 92' lang='lat' dir='ltr'>nihil</span> <span class='ocrx_word' id='word_1_585' title='bbox 453 4034 637 4118; x_wconf 87' lang='lat' dir='ltr'>exprobrat.</span> <span class='ocrx_word' id='word_1_586' title='bbox 681 4031 750 4100; x_wconf 81' lang='lat' dir='ltr'>Sed</span> <span class='ocrx_word' id='word_1_587' title='bbox 776 4056 878 4117; x_wconf 89' lang='lat' dir='ltr'>quum</span> <span class='ocrx_word' id='word_1_588' title='bbox 900 4035 984 4100; x_wconf 92' lang='lat' dir='ltr'>nihil</span> <span class='ocrx_word' id='word_1_589' title='bbox 1002 4034 1067 4102; x_wconf 85' lang='lat' dir='ltr'>sibi</span> <span class='ocrx_word' id='word_1_590' title='bbox 1087 4041 1198 4118; x_wconf 90' lang='lat' dir='ltr'>posset</span> <span class='ocrx_word' id='word_1_591' title='bbox 1244 4055 1324 4100; x_wconf 89' lang='lat' dir='ltr'>esse.</span> <span class='ocrx_word' id='word_1_592' title='bbox 1373 4034 1450 4099; x_wconf 90' lang='lat' dir='ltr'>Non</span> <span class='ocrx_word' id='word_1_593' title='bbox 1480 4034 1609 4118; x_wconf 89' lang='lat' dir='ltr'>inquiro</span> <span class='ocrx_word' id='word_1_594' title='bbox 1636 4036 1783 4122; x_wconf 40' lang='lat' dir='ltr'>quinam,</span> <span class='ocrx_word' id='word_1_595' title='bbox 1805 4037 1873 4102; x_wconf 90' lang='lat' dir='ltr'>sint</span> <span class='ocrx_word' id='word_1_596' title='bbox 1902 4058 2056 4121; x_wconf 88' lang='lat' dir='ltr'>proceres</span> <span class='ocrx_word' id='word_1_597' title='bbox 2082 4057 2213 4121; x_wconf 89' lang='lat' dir='ltr'>quorum</span> 
     </span>
     <span class='ocr_line' id='line_1_44' title="bbox 217 4116 2214 4208; baseline 0.003 -25"><span class='ocrx_word' id='word_1_598' title='bbox 217 4116 295 4183; x_wconf 87' lang='lat' dir='ltr'>fidei</span> <span class='ocrx_word' id='word_1_599' title='bbox 317 4118 491 4201; x_wconf 88' lang='lat' dir='ltr'>acquirere,</span> <span class='ocrx_word' id='word_1_600' title='bbox 513 4120 577 4185; x_wconf 91' lang='lat' dir='ltr'>nisi</span> <span class='ocrx_word' id='word_1_601' title='bbox 598 4128 760 4203; x_wconf 88' lang='lat' dir='ltr'>quantum</span> <span class='ocrx_word' id='word_1_602' title='bbox 780 4121 862 4185; x_wconf 90' lang='lat' dir='ltr'>mihi</span> <span class='ocrx_word' id='word_1_603' title='bbox 879 4121 1076 4206; x_wconf 79' lang='lat' dir='ltr'>abrogasset,</span> <span class='ocrx_word' id='word_1_604' title='bbox 1098 4120 1194 4205; x_wconf 90' lang='lat' dir='ltr'>quid·</span> <span class='ocrx_word' id='word_1_605' title='bbox 1244 4128 1356 4205; x_wconf 90' lang='lat' dir='ltr'>crepat</span> <span class='ocrx_word' id='word_1_606' title='bbox 1387 4122 1529 4186; x_wconf 89' lang='lat' dir='ltr'>nomina.</span> <span class='ocrx_word' id='word_1_607' title='bbox 1578 4120 1657 4188; x_wconf 83' lang='lat' dir='ltr'>Sint</span> <span class='ocrx_word' id='word_1_608' title='bbox 1689 4142 1770 4187; x_wconf 88' lang='lat' dir='ltr'>sane</span> <span class='ocrx_word' id='word_1_609' title='bbox 1801 4121 1960 4188; x_wconf 81' lang='lat' dir='ltr'>Castalio·</span> <span class='ocrx_word' id='word_1_610' title='bbox 1978 4131 2012 4187; x_wconf 80' lang='grc' dir='ltr'>ιιι</span> <span class='ocrx_word' id='word_1_611' title='bbox 2044 4124 2180 4189; x_wconf 83' lang='lat' dir='ltr'>Boinoa</span> <span class='ocrx_word' id='word_1_612' title='bbox 2191 4121 2214 4208; x_wconf 87' lang='lat'>¹)</span> 
     </span>
     <span class='ocr_line' id='line_1_45' title="bbox 219 4202 2214 4294; baseline 0.003 -25"><span class='ocrx_word' id='word_1_613' title='bbox 219 4202 298 4289; x_wconf 91' lang='lat' dir='ltr'>quid</span> <span class='ocrx_word' id='word_1_614' title='bbox 319 4203 478 4268; x_wconf 89' lang='lat' dir='ltr'>hactenus</span> <span class='ocrx_word' id='word_1_615' title='bbox 499 4225 558 4287; x_wconf 92' lang='lat' dir='ltr'>pro</span> <span class='ocrx_word' id='word_1_616' title='bbox 580 4204 766 4272; x_wconf 89' lang='lat' dir='ltr'>defensione</span> <span class='ocrx_word' id='word_1_617' title='bbox 787 4205 935 4272; x_wconf 89' lang='lat' dir='ltr'>coelestis</span> <span class='ocrx_word' id='word_1_618' title='bbox 963 4211 1037 4286; x_wconf 78' lang='lat' dir='ltr'>[pag.</span> <span class='ocrx_word' id='word_1_619' title='bbox 1056 4210 1089 4286; x_wconf 88' lang='lat'>9]</span> <span class='ocrx_word' id='word_1_620' title='bbox 1118 4206 1195 4273; x_wconf 92' lang='lat' dir='ltr'>doc·</span> <span class='ocrx_word' id='word_1_621' title='bbox 1245 4204 1344 4287; x_wconf 78' lang='lat' dir='ltr'>Quod</span> <span class='ocrx_word' id='word_1_622' title='bbox 1371 4227 1436 4271; x_wconf 90' lang='lat' dir='ltr'>uno</span> <span class='ocrx_word' id='word_1_623' title='bbox 1463 4205 1562 4272; x_wconf 87' lang='lat' dir='ltr'>verbo</span> <span class='ocrx_word' id='word_1_624' title='bbox 1589 4208 1751 4291; x_wconf 88' lang='lat' dir='ltr'>attingere</span> <span class='ocrx_word' id='word_1_625' title='bbox 1780 4207 1891 4273; x_wconf 89' lang='lat' dir='ltr'>libuit:</span> <span class='ocrx_word' id='word_1_626' title='bbox 1924 4215 1963 4273; x_wconf 87' lang='lat' dir='ltr'>ut</span> <span class='ocrx_word' id='word_1_627' title='bbox 1987 4217 2134 4294; x_wconf 83' lang='lat' dir='ltr'>nugator</span> <span class='ocrx_word' id='word_1_628' title='bbox 2159 4210 2214 4275; x_wconf 76' lang='lat' dir='ltr'>istc</span> 
     </span>
     <span class='ocr_line' id='line_1_46' title="bbox 218 4288 2215 4378; baseline 0.003 -23"><span class='ocrx_word' id='word_1_629' title='bbox 218 4291 326 4355; x_wconf 90' lang='lat' dir='ltr'>trinae</span> <span class='ocrx_word' id='word_1_630' title='bbox 346 4288 496 4353; x_wconf 80' lang='lat' dir='ltr'>laborum</span> <span class='ocrx_word' id='word_1_631' title='bbox 513 4291 662 4368; x_wconf 86' lang='lat' dir='ltr'>sustinui,</span> <span class='ocrx_word' id='word_1_632' title='bbox 686 4291 843 4376; x_wconf 88' lang='lat' dir='ltr'>quidquid</span> <span class='ocrx_word' id='word_1_633' title='bbox 853 4292 954 4358; x_wconf 88' lang='lat' dir='ltr'>studii</span> <span class='ocrx_word' id='word_1_634' title='bbox 965 4291 1062 4357; x_wconf 89' lang='lat' dir='ltr'>etdili</span> <span class='ocrx_word' id='word_1_635' title='bbox 1086 4292 1194 4358; x_wconf 90' lang='lat' dir='ltr'>entiae</span> <span class='ocrx_word' id='word_1_636' title='bbox 1245 4312 1321 4357; x_wconf 88' lang='lat' dir='ltr'>suas</span> <span class='ocrx_word' id='word_1_637' title='bbox 1345 4291 1499 4375; x_wconf 91' lang='lat' dir='ltr'>phaleras</span> <span class='ocrx_word' id='word_1_638' title='bbox 1531 4292 1615 4358; x_wconf 87' lang='lat' dir='ltr'>alibi</span> <span class='ocrx_word' id='word_1_639' title='bbox 1639 4292 1794 4359; x_wconf 85' lang='lat' dir='ltr'>venditet.</span> <span class='ocrx_word' id='word_1_640' title='bbox 1845 4291 1912 4359; x_wconf 81' lang='lat' dir='ltr'>Sed</span> <span class='ocrx_word' id='word_1_641' title='bbox 1944 4293 2110 4378; x_wconf 91' lang='lat' dir='ltr'>quomodo</span> <span class='ocrx_word' id='word_1_642' title='bbox 2162 4314 2215 4360; x_wconf 82' lang='lat' dir='ltr'>uae</span> 
     </span>
     <span class='ocr_line' id='line_1_47' title="bbox 218 4316 2216 4478; baseline 0.001 -36"><span class='ocrx_word' id='word_1_643' title='bbox 218 4374 365 4459; x_wconf 89' lang='lat' dir='ltr'>impendi</span> <span class='ocrx_word' id='word_1_644' title='bbox 384 4375 419 4438; x_wconf 92' lang='lat' dir='ltr'>in</span> <span class='ocrx_word' id='word_1_645' title='bbox 451 4375 625 4472; x_wconf 81' lang='lat' dir='ltr'>asserendo</span> <span class='ocrx_word' id='word_1_646' title='bbox 647 4378 711 4442; x_wconf 91' lang='lat' dir='ltr'>Dei</span> <span class='ocrx_word' id='word_1_647' title='bbox 738 4378 838 4457; x_wconf 91' lang='lat' dir='ltr'>cultu,</span> <span class='ocrx_word' id='word_1_648' title='bbox 864 4378 1008 4463; x_wconf 87' lang='lat' dir='ltr'>maligne</span> <span class='ocrx_word' id='word_1_649' title='bbox 1084 4380 1194 4444; x_wconf 90' lang='lat' dir='ltr'>umni-</span> <span class='ocrx_word' id='word_1_650' title='bbox 1245 4385 1376 4442; x_wconf 88' lang='lat' dir='ltr'>tantum</span> <span class='ocrx_word' id='word_1_651' title='bbox 1393 4396 1435 4442; x_wconf 81' lang='lat' dir='ltr'>ex</span> <span class='ocrx_word' id='word_1_652' title='bbox 1452 4379 1517 4443; x_wconf 89' lang='lat' dir='ltr'>Dei</span> <span class='ocrx_word' id='word_1_653' title='bbox 1532 4377 1607 4478; x_wconf 83' lang='lat' dir='ltr'>lege</span> <span class='ocrx_word' id='word_1_654' title='bbox 1627 4380 1751 4464; x_wconf 80' lang='lat' dir='ltr'>sumpsi</span> <span class='ocrx_word' id='word_1_655' title='bbox 1765 4379 1918 4446; x_wconf 80' lang='lat' dir='ltr'>novitatis</span> <span class='ocrx_word' id='word_1_656' title='bbox 1934 4316 2216 4446; x_wconf 61' lang='lat' dir='ltr'>insimulat‘lqlmo</span> 
     </span>
     <span class='ocr_line' id='line_1_48' title="bbox 219 4459 2218 4549; baseline 0.002 -21"><span class='ocrx_word' id='word_1_657' title='bbox 219 4462 305 4528; x_wconf 92' lang='lat' dir='ltr'>ando</span> <span class='ocrx_word' id='word_1_658' title='bbox 328 4480 380 4524; x_wconf 93' lang='lat' dir='ltr'>me</span> <span class='ocrx_word' id='word_1_659' title='bbox 402 4459 481 4524; x_wconf 76' lang='lat' dir='ltr'>iacit</span> <span class='ocrx_word' id='word_1_660' title='bbox 501 4459 664 4526; x_wconf 84' lang='lat' dir='ltr'>violentae</span> <span class='ocrx_word' id='word_1_661' title='bbox 684 4469 792 4529; x_wconf 92' lang='lat' dir='ltr'>sectae</span> <span class='ocrx_word' id='word_1_662' title='bbox 817 4463 949 4530; x_wconf 88' lang='lat' dir='ltr'>ducem:</span> <span class='ocrx_word' id='word_1_663' title='bbox 977 4483 1062 4548; x_wconf 85' lang='lat' dir='ltr'>quae</span> <span class='ocrx_word' id='word_1_664' title='bbox 1090 4470 1193 4528; x_wconf 85' lang='lat' dir='ltr'>totam</span> <span class='ocrx_word' id='word_1_665' title='bbox 1245 4463 1356 4528; x_wconf 89' lang='lat' dir='ltr'>Deum</span> <span class='ocrx_word' id='word_1_666' title='bbox 1377 4463 1494 4546; x_wconf 90' lang='lat' dir='ltr'>ipsum,</span> <span class='ocrx_word' id='word_1_667' title='bbox 1516 4484 1619 4530; x_wconf 82' lang='lat' dir='ltr'>curus</span> <span class='ocrx_word' id='word_1_668' title='bbox 1646 4464 1735 4549; x_wconf 86' lang='lat' dir='ltr'>leges</span> <span class='ocrx_word' id='word_1_669' title='bbox 1763 4466 1874 4545; x_wconf 84' lang='lat' dir='ltr'>recito,</span> <span class='ocrx_word' id='word_1_670' title='bbox 1902 4465 2060 4531; x_wconf 80' lang='lat' dir='ltr'>saevitiae</span> <span class='ocrx_word' id='word_1_671' title='bbox 2085 4465 2218 4532; x_wconf 85' lang='lat' dir='ltr'>infamia</span> 
     </span>
     <span class='ocr_line' id='line_1_49' title="bbox 220 4544 2220 4637; baseline 0.002 -23"><span class='ocrx_word' id='word_1_672' title='bbox 220 4546 391 4615; x_wconf 89' lang='lat' dir='ltr'>ecclesiam</span> <span class='ocrx_word' id='word_1_673' title='bbox 411 4544 622 4629; x_wconf 89' lang='lat' dir='ltr'>pessumdare</span> <span class='ocrx_word' id='word_1_674' title='bbox 638 4548 741 4627; x_wconf 90' lang='lat' dir='ltr'>malit,</span> <span class='ocrx_word' id='word_1_675' title='bbox 762 4570 860 4633; x_wconf 90' lang='lat' dir='ltr'>quam</span> <span class='ocrx_word' id='word_1_676' title='bbox 881 4571 924 4616; x_wconf 85' lang='lat' dir='ltr'>ex</span> <span class='ocrx_word' id='word_1_677' title='bbox 940 4571 1001 4616; x_wconf 88' lang='lat' dir='ltr'>sua</span> <span class='ocrx_word' id='word_1_678' title='bbox 1014 4549 1195 4633; x_wconf 84' lang='lat' dir='ltr'>pertinacia</span> <span class='ocrx_word' id='word_1_679' title='bbox 1245 4566 1419 4632; x_wconf 83' lang='lat' dir='ltr'>aspergere</span> <span class='ocrx_word' id='word_1_680' title='bbox 1449 4570 1516 4616; x_wconf 89' lang='lat' dir='ltr'>non</span> <span class='ocrx_word' id='word_1_681' title='bbox 1547 4558 1691 4616; x_wconf 82' lang='lat' dir='ltr'>veretur.</span> <span class='ocrx_word' id='word_1_682' title='bbox 1742 4551 1788 4616; x_wconf 80' lang='lat' dir='ltr'>lat</span> <span class='ocrx_word' id='word_1_683' title='bbox 1814 4570 1894 4617; x_wconf 91' lang='lat' dir='ltr'>sane</span> <span class='ocrx_word' id='word_1_684' title='bbox 1921 4549 1957 4616; x_wconf 92' lang='lat' dir='ltr'>id</span> <span class='ocrx_word' id='word_1_685' title='bbox 1988 4562 2220 4637; x_wconf 79' lang='lat' dir='ltr'>argumentum</span> 
     </span>
     <span class='ocr_line' id='line_1_50' title="bbox 219 4630 2223 4720; baseline 0.002 -21"><span class='ocrx_word' id='word_1_686' title='bbox 219 4634 394 4699; x_wconf 90' lang='lat' dir='ltr'>minimum</span> <span class='ocrx_word' id='word_1_687' title='bbox 422 4630 544 4696; x_wconf 88' lang='lat' dir='ltr'>cedere.</span> <span class='ocrx_word' id='word_1_688' title='bbox 600 4631 746 4699; x_wconf 87' lang='lat' dir='ltr'>Dissidia</span> <span class='ocrx_word' id='word_1_689' title='bbox 779 4636 898 4717; x_wconf 90' lang='lat' dir='ltr'>quibus</span> <span class='ocrx_word' id='word_1_690' title='bbox 938 4657 1025 4701; x_wconf 90' lang='lat' dir='ltr'>nunc</span> <span class='ocrx_word' id='word_1_691' title='bbox 1059 4634 1194 4701; x_wconf 87' lang='lat' dir='ltr'>ecclesia</span> <span class='ocrx_word' id='word_1_692' title='bbox 1245 4635 1408 4720; x_wconf 83' lang='lat' dir='ltr'>attingere</span> <span class='ocrx_word' id='word_1_693' title='bbox 1435 4655 1605 4719; x_wconf 90' lang='lat' dir='ltr'>nunquam</span> <span class='ocrx_word' id='word_1_694' title='bbox 1628 4636 1711 4701; x_wconf 91' lang='lat' dir='ltr'>mihi</span> <span class='ocrx_word' id='word_1_695' title='bbox 1736 4637 1771 4701; x_wconf 93' lang='lat' dir='ltr'>in</span> <span class='ocrx_word' id='word_1_696' title='bbox 1797 4643 1943 4704; x_wconf 83' lang='lat' dir='ltr'>mentem</span> <span class='ocrx_word' id='word_1_697' title='bbox 1969 4639 2134 4718; x_wconf 81' lang='lat' dir='ltr'>venisset,</span> <span class='ocrx_word' id='word_1_698' title='bbox 2159 4637 2223 4704; x_wconf 83' lang='lat' dir='ltr'>nisi</span> 
     </span>
     <span class='ocr_line' id='line_1_51' title="bbox 219 4715 2223 4805; baseline 0.002 -21"><span class='ocrx_word' id='word_1_699' title='bbox 219 4720 339 4785; x_wconf 89' lang='lat' dir='ltr'>misere</span> <span class='ocrx_word' id='word_1_700' title='bbox 365 4717 527 4783; x_wconf 87' lang='lat' dir='ltr'>laceratur</span> <span class='ocrx_word' id='word_1_701' title='bbox 552 4715 637 4782; x_wconf 92' lang='lat' dir='ltr'>bello</span> <span class='ocrx_word' id='word_1_702' title='bbox 665 4719 756 4784; x_wconf 88' lang='lat' dir='ltr'>civili</span> <span class='ocrx_word' id='word_1_703' title='bbox 781 4730 955 4805; x_wconf 84' lang='lat' dir='ltr'>comparat</span> <span class='ocrx_word' id='word_1_704' title='bbox 998 4721 1106 4787; x_wconf 71' lang='lat' dir='ltr'>Tanto</span> <span class='ocrx_word' id='word_1_705' title='bbox 1134 4741 1194 4786; x_wconf 93' lang='lat' dir='ltr'>nos</span> <span class='ocrx_word' id='word_1_706' title='bbox 1246 4720 1378 4785; x_wconf 86' lang='lat' dir='ltr'>hortatu</span> <span class='ocrx_word' id='word_1_707' title='bbox 1398 4721 1579 4787; x_wconf 84' lang='lat' dir='ltr'>venerandi</span> <span class='ocrx_word' id='word_1_708' title='bbox 1600 4722 1711 4787; x_wconf 87' lang='lat' dir='ltr'>fratris</span> <span class='ocrx_word' id='word_1_709' title='bbox 1739 4724 1843 4788; x_wconf 85' lang='lat' dir='ltr'>nostri</span> <span class='ocrx_word' id='word_1_710' title='bbox 1863 4723 1906 4789; x_wconf 89' lang='lat' dir='ltr'>D.</span> <span class='ocrx_word' id='word_1_711' title='bbox 1928 4722 2069 4790; x_wconf 88' lang='lat' dir='ltr'>Henrici</span> <span class='ocrx_word' id='word_1_712' title='bbox 2092 4723 2223 4790; x_wconf 85' lang='lat' dir='ltr'>Bullin-</span> 
     </span>
     <span class='ocr_line' id='line_1_52' title="bbox 219 4800 2225 4892; baseline 0.003 -22"><span class='ocrx_word' id='word_1_713' title='bbox 219 4806 360 4889; x_wconf 86' lang='lat' dir='ltr'>flagrare</span> <span class='ocrx_word' id='word_1_714' title='bbox 393 4800 467 4870; x_wconf 90' lang='lat' dir='ltr'>odio</span> <span class='ocrx_word' id='word_1_715' title='bbox 502 4800 658 4868; x_wconf 81' lang='lat' dir='ltr'>adversae</span> <span class='ocrx_word' id='word_1_716' title='bbox 695 4805 799 4886; x_wconf 87' lang='lat' dir='ltr'>partis</span> <span class='ocrx_word' id='word_1_717' title='bbox 830 4807 941 4892; x_wconf 85' lang='lat' dir='ltr'>lingit,</span> <span class='ocrx_word' id='word_1_718' title='bbox 974 4814 1013 4872; x_wconf 89' lang='lat' dir='ltr'>ut</span> <span class='ocrx_word' id='word_1_719' title='bbox 1044 4806 1194 4890; x_wconf 89' lang='lat' dir='ltr'>neglecta</span> <span class='ocrx_word' id='word_1_720' title='bbox 1245 4807 1330 4891; x_wconf 85' lang='lat' dir='ltr'>geri:</span> <span class='ocrx_word' id='word_1_721' title='bbox 1353 4827 1450 4891; x_wconf 88' lang='lat' dir='ltr'>quem</span> <span class='ocrx_word' id='word_1_722' title='bbox 1468 4816 1580 4872; x_wconf 80' lang='lat' dir='ltr'>tamen</span> <span class='ocrx_word' id='word_1_723' title='bbox 1600 4827 1693 4873; x_wconf 89' lang='lat' dir='ltr'>reum</span> <span class='ocrx_word' id='word_1_724' title='bbox 1714 4828 1783 4873; x_wconf 92' lang='lat' dir='ltr'>non</span> <span class='ocrx_word' id='word_1_725' title='bbox 1799 4807 1976 4874; x_wconf 76' lang='lat' dir='ltr'>subsdtuc:</span> <span class='ocrx_word' id='word_1_726' title='bbox 1998 4810 2078 4892; x_wconf 90' lang='lat' dir='ltr'>quia</span> <span class='ocrx_word' id='word_1_727' title='bbox 2098 4828 2225 4876; x_wconf 88' lang='lat' dir='ltr'>morem</span> 
     </span>
     <span class='ocr_line' id='line_1_53' title="bbox 219 4888 2225 4978; baseline 0.003 -22"><span class='ocrx_word' id='word_1_728' title='bbox 219 4889 361 4956; x_wconf 90' lang='lat' dir='ltr'>sanandi</span> <span class='ocrx_word' id='word_1_729' title='bbox 387 4908 467 4954; x_wconf 88' lang='lat' dir='ltr'>cura</span> <span class='ocrx_word' id='word_1_730' title='bbox 496 4898 626 4954; x_wconf 87' lang='lat' dir='ltr'>tantum</span> <span class='ocrx_word' id='word_1_731' title='bbox 652 4888 694 4953; x_wconf 88' lang='lat' dir='ltr'>ad</span> <span class='ocrx_word' id='word_1_732' title='bbox 721 4889 922 4973; x_wconf 88' lang='lat' dir='ltr'>perdendum</span> <span class='ocrx_word' id='word_1_733' title='bbox 948 4894 1100 4959; x_wconf 86' lang='lat' dir='ltr'>feramur.</span> <span class='ocrx_word' id='word_1_734' title='bbox 1143 4892 1194 4958; x_wconf 85' lang='lat' dir='ltr'>Ac</span> <span class='ocrx_word' id='word_1_735' title='bbox 1245 4892 1389 4976; x_wconf 89' lang='lat' dir='ltr'>gerendo</span> <span class='ocrx_word' id='word_1_736' title='bbox 1410 4892 1581 4959; x_wconf 89' lang='lat' dir='ltr'>consilium</span> <span class='ocrx_word' id='word_1_737' title='bbox 1607 4894 1678 4959; x_wconf 90' lang='lat' dir='ltr'>eius</span> <span class='ocrx_word' id='word_1_738' title='bbox 1705 4894 1788 4959; x_wconf 90' lang='lat' dir='ltr'>mihi</span> <span class='ocrx_word' id='word_1_739' title='bbox 1813 4893 1945 4978; x_wconf 87' lang='lat' dir='ltr'>probari</span> <span class='ocrx_word' id='word_1_740' title='bbox 1970 4902 2113 4961; x_wconf 84' lang='lat' dir='ltr'>testatus</span> <span class='ocrx_word' id='word_1_741' title='bbox 2138 4916 2225 4962; x_wconf 82' lang='lat' dir='ltr'>aum</span> 
     </span>
     <span class='ocr_line' id='line_1_54' title="bbox 221 4974 1194 5062; baseline 0.005 -22"><span class='ocrx_word' id='word_1_742' title='bbox 221 4975 320 5040; x_wconf 87' lang='lat' dir='ltr'>huius</span> <span class='ocrx_word' id='word_1_743' title='bbox 342 4974 474 5058; x_wconf 91' lang='lat' dir='ltr'>quidem</span> <span class='ocrx_word' id='word_1_744' title='bbox 495 4974 661 5041; x_wconf 89' lang='lat' dir='ltr'>maledicti</span> <span class='ocrx_word' id='word_1_745' title='bbox 682 4975 787 5041; x_wconf 82' lang='lat' dir='ltr'>facilia</span> <span class='ocrx_word' id='word_1_746' title='bbox 812 4985 862 5042; x_wconf 91' lang='lat' dir='ltr'>est</span> <span class='ocrx_word' id='word_1_747' title='bbox 888 4978 1049 5058; x_wconf 86' lang='lat' dir='ltr'>refutatio,</span> <span class='ocrx_word' id='word_1_748' title='bbox 1077 4978 1194 5062; x_wconf 87' lang='lat' dir='ltr'>quibus</span> 
     </span>
     <span class='ocr_line' id='line_1_55' title="bbox 222 5058 1195 5148; baseline 0.004 -23"><span class='ocrx_word' id='word_1_749' title='bbox 222 5059 310 5125; x_wconf 92' lang='lat' dir='ltr'>cordi</span> <span class='ocrx_word' id='word_1_750' title='bbox 331 5068 382 5125; x_wconf 87' lang='lat' dir='ltr'>cst</span> <span class='ocrx_word' id='word_1_751' title='bbox 402 5060 541 5144; x_wconf 84' lang='lat' dir='ltr'>simplex</span> <span class='ocrx_word' id='word_1_752' title='bbox 562 5061 685 5128; x_wconf 83' lang='lat' dir='ltr'>veritas</span> <span class='ocrx_word' id='word_1_753' title='bbox 705 5058 841 5144; x_wconf 85' lang='lat' dir='ltr'>indigne</span> <span class='ocrx_word' id='word_1_754' title='bbox 862 5064 1003 5147; x_wconf 72' lang='lat' dir='ltr'>gravam,</span> <span class='ocrx_word' id='word_1_755' title='bbox 1031 5065 1109 5148; x_wconf 88' lang='lat' dir='ltr'>quia</span> <span class='ocrx_word' id='word_1_756' title='bbox 1128 5083 1195 5129; x_wconf 89' lang='lat' dir='ltr'>non</span> 
     </span>
     <span class='ocr_line' id='line_1_56' title="bbox 220 5144 1730 5234; baseline 0.008 -25"><span class='ocrx_word' id='word_1_757' title='bbox 220 5144 406 5211; x_wconf 89' lang='lat' dir='ltr'>claudicent</span> <span class='ocrx_word' id='word_1_758' title='bbox 439 5148 475 5211; x_wconf 91' lang='lat' dir='ltr'>in</span> <span class='ocrx_word' id='word_1_759' title='bbox 513 5148 686 5231; x_wconf 85' lang='lat' dir='ltr'>utramque</span> <span class='ocrx_word' id='word_1_760' title='bbox 720 5155 857 5230; x_wconf 88' lang='lat' dir='ltr'>partem.</span> <span class='ocrx_word' id='word_1_761' title='bbox 913 5146 981 5214; x_wconf 83' lang='lat' dir='ltr'>Sed</span> <span class='ocrx_word' id='word_1_762' title='bbox 996 5149 1197 5234; x_wconf 55' lang='lat' dir='ltr'>,posthabita</span> <span class='ocrx_word' id='word_1_763' title='bbox 1316 5166 1345 5233; x_wconf 87' lang='lat'>1)</span> <span class='ocrx_word' id='word_1_764' title='bbox 1364 5165 1440 5221; x_wconf 77' lang='lat' dir='ltr'>Basa</span> <span class='ocrx_word' id='word_1_765' title='bbox 1456 5171 1481 5222; x_wconf 79' lang='lat' dir='ltr'>ct</span> <span class='ocrx_word' id='word_1_766' title='bbox 1498 5166 1585 5222; x_wconf 74' lang='lat' dir='ltr'>Aac.</span> <span class='ocrx_word' id='word_1_767' title='bbox 1602 5167 1730 5224; x_wconf 83' lang='lat' dir='ltr'>Bcicncs.</span> 
     </span>
    </p>
   </div>
   <div class='ocr_carea' id='block_1_5' title="bbox 0 0 2326 5828">
    <p class='ocr_par' dir='ltr' id='par_1_5' title="bbox 0 0 2326 5828">
     <span class='ocr_line' id='line_1_57' title="bbox 0 0 2326 5828; baseline 0 0"><span class='ocrx_word' id='word_1_768' title='bbox 0 0 2326 5828; x_wconf 95' lang='lat' dir='ltr'> </span> 
     </span>
    </p>
   </div>
  </div>
 </body>
</html>
