4590 5858
222 234 289 323 rar
572 342 582 363 ο
1069 229 1427 341 666666666666.
2167 246 2229 311 666

226 440 385 525 qu'ayans
411 437 504 504 Iesus
533 436 648 504 Christ
673 458 757 522 pour
784 434 966 502 mediateur
993 439 1027 499 61
1054 430 1200 511 advocat,
1253 433 1337 499 nihil
1360 441 1410 500 661
1432 434 1571 518 amplius
1594 456 1613 500 6
1635 435 1727 502 66116
1750 434 1991 518 requirendum.
2036 433 2111 516 Quo
2133 435 2230 500 litut

227 546 309 591 6666
331 545 433 591 avons
454 523 528 589 bien
551 523 591 589 de
603 544 688 609 quoy
706 544 788 588 nous
810 522 989 588 contentcr.
1026 515 1093 584 Sur
1114 537 1202 602 quoy
1252 519 1420 586 abominer
1430 520 1703 671 exportationem,
1714 541 1811 605 quum
1823 521 1973 586 nonnulli
1990 522 2228 604 excogitarunt,

226 609 460 678 16161661616
481 609 691 692 superstition
719 610 775 692 qui
801 628 821 672 a
847 613 916 672 6616
943 609 1140 672 6661666166
1162 601 1202 667 16
1254 605 1427 671 accedendi
1510 616 1639 673 sanctos
1661 615 1694 672 et
1715 617 1854 687 sanctas,
1876 608 1968 691 quasi
1996 613 2151 690 patronos
2170 629 2229 691 pro

227 696 394 764 s'adresser
414 716 479 760 aux
499 697 620 760 saincts
643 702 676 758 et
702 715 770 759 aux
796 693 936 759 sainctcs
966 698 986 755 a
1012 688 1059 754 fin
1087 688 1127 754 de
1144 688 1202 754 ’166
1254 691 1347 757 66116
1370 691 1455 774 apud
1478 693 1585 757 Duum
1609 694 1743 758 futuros.
1859 734 1860 737 =

227 781 318 849 avoir
339 803 420 864 pour
441 789 575 864 patrone
596 780 653 863 qui
674 778 877 845 intercedent
899 796 1017 842 envers
1037 774 1132 839 Dieu.

268 929 269 932 ,
312 866 349 932 16
371 867 516 933 66616666
538 887 600 948 666
621 875 695 930 1661
710 865 744 929 16
760 863 862 948 reigle
880 861 920 927 dc
937 860 1011 926 bien
1030 860 1122 926 vivre
1139 881 1202 943 666
1338 859 1505 928 Confiteor
1526 870 1596 927 tum
1614 862 1801 927 universam
1820 864 1902 929 bene
1920 863 2050 928 vivendi
2068 863 2227 949 regulam,

226 948 443 1018 l'instmction
466 950 506 1015 de
527 950 560 1015 16
581 951 637 1036 foy
648 957 723 1016 6661
739 958 914 1016 contenues
936 967 977 1011 66
988 946 1201 1029 l’llscripture
1253 952 1325 1010 tum
1353 948 1449 1012 otiam
1478 947 1555 1014 fidei
1581 950 1828 1014 instructionem
1861 948 2050 1032 plenissime
2078 948 2165 1014 tradi
2194 952 2227 1016 in

227 1039 360 1117 saincte,
393 1037 481 1103 voire
514 1059 555 1101 en
587 1044 676 1102 toute
708 1036 895 1118 perfectiori,
929 1032 1100 1097 tellement
1122 1030 1201 1114 qu’il
1253 1052 1345 1098 sacra
1366 1033 1537 1115 scriptura,
1560 1035 1611 1099 cui
1634 1036 1677 1100 sit
1698 1035 1788 1099 66166
1811 1034 1985 1117 quidquam
2014 1034 2154 1101 adiicere
2176 1036 2228 1101 vel

226 1123 312 1190 n’est
332 1123 420 1189 licite
442 1121 482 1187 16
493 1122 564 1187 6166
575 1121 738 1187 adionster
759 1142 801 1186 ne
813 1119 984 1185 diminucr.
1029 1114 1096 1183 Sur
1115 1137 1201 1200 quoy
1252 1115 1432 1183 detrahere.
1476 1120 1591 1202 Itaque
1613 1120 1755 1184 detestor
1775 1119 1932 1203 quidquid
1960 1121 2110 1187 homines
2132 1142 2228 1186 exco-

227 1210 259 1275 ie
281 1208 405 1273 detesto
433 1215 504 1272 tout
531 1227 567 1272 66
598 1228 660 1290 666
687 1207 735 1272 166
762 1206 909 1271 hommes
937 1211 996 1269 ont
1022 1201 1133 1268 166666
1161 1201 1201 1267 16
1252 1203 1401 1286 gitarnnt
1422 1211 1460 1269 ut
1482 1219 1541 1288 pro
1563 1205 1709 1271 articulis
1731 1206 1806 1271 fidei
1836 1205 2057 1285 obtruderent,
2086 1217 2121 1272 61
2153 1229 2227 1274 con·

225 1295 298 1359 leur
318 1294 487 1360 invention
508 1314 634 1376 propre,
656 1302 728 1359 tant
749 1312 832 1376 pour
853 1313 893 1355 en
910 1288 993 1353 faire
1010 1288 1139 1353 articles
1161 1286 1201 1352 de
1252 1289 1404 1354 scientias
1427 1291 1495 1356 suis
1517 1290 1643 1375 legibus
1665 1300 1699 1356 61
1719 1292 1848 1356 61616116
1869 1292 2121 1375 adstringcront.
2167 1296 2227 1359 At·

225 1381 280 1465 foy
300 1399 362 1462 que
383 1399 465 1464 pour
486 1378 611 1463 obliger
631 1378 678 1445 les
700 1378 904 1444 consciences
926 1382 947 1439 1
968 1374 1056 1439 16666
1077 1373 1145 1438 loix
1167 1381 1202 1439 et
1252 1394 1316 1456 666
1337 1374 1418 1440 6166
1438 1376 1472 1440 16
1495 1395 1615 1460 genere
1636 1376 1773 1460 repudio
1801 1376 1955 1460 quidquid
1985 1379 2109 1461 absque
2135 1389 2226 1444 auto·

225 1464 355 1532 statuts.
388 1466 447 1529 'Et
468 1484 507 1528 en
530 1463 664 1549 general
684 1463 715 1528 ie
743 1463 857 1528 reiette
879 1468 987 1526 tontes
1013 1459 1061 1524 les
1088 1459 1201 1542 166666
1252 1460 1347 1526 ritate
1368 1460 1460 1526 verbi
1480 1460 1545 1526 Dei
1566 1463 1788 1527 introductum
1810 1472 1861 1527 661
1881 1485 1940 1546 pro
1958 1463 2021 1528 bei
2039 1464 2149 1536 cultu.
2173 1486 2228 1531 cu·

226 1549 266 1617 de
288 1551 368 1615 faire
385 1549 480 1633 qu'on
498 1571 517 1614 a
534 1548 747 1615 introduictes
763 1569 845 1632 pour
862 1547 894 1613 le
909 1545 1036 1611 service
1054 1544 1094 1609 ds
1111 1543 1200 1609 Dieu
1251 1544 1393 1611 iusmodi
1414 1554 1492 1611 sunt
1513 1567 1626 1612 omnes
1646 1550 1868 1614 caeremoniae
1889 1550 2073 1632 papisticae.
2125 1551 2228 1617 Deni-

225 1658 302 1702 sans
330 1635 514 1700 l'authorite
550 1634 590 1700 16
617 1655 654 1699 66
680 1633 812 1717 parolle,
842 1652 967 1699 comme
993 1638 1069 1696 6661
1095 1636 1201 1695 166166
1252 1642 1315 1714 666
1338 1631 1481 1697 16166166
1502 1635 1710 1718 tyrannicum
1733 1633 1812 1698 illud
1835 1635 1948 1718 iugum
1971 1655 2036 1717 666
2063 1649 2144 1700 6661
2171 1658 2226 1721 op·

224 1721 273 1788 les
296 1722 492 1787 ceremonias
514 1720 554 1785 16
577 1722 608 1785 16
630 1720 811 1803 Ρ666616.“
841 1720 887 1783 Et
914 1717 1039 1783 detesto
1071 1722 1144 1781 tout
1170 1716 1201 1780 le
1252 1737 1382 1799 pressae
1403 1718 1542 1784 miserae
1563 1719 1789 1798 eonscientiae,
1812 1720 1915 1784 veluti
1941 1720 2047 1805 legem
2081 1721 2122 1786 de
2136 1750 2139 1755 ·
2152 1742 2227 1788 con·

224 1808 304 1892 ioug
325 1806 522 1893 tyrannique
544 1805 625 1871 dont
645 1804 692 1871 les
713 1826 831 1888 povres
855 1824 945 1869 amos
962 1810 1020 1867 ont
1048 1810 1115 1867 6616
1143 1821 1201 1883 op·
1251 1803 1390 1869 sessione
1412 1804 1595 1884 auriculari,
1618 1804 1659 1869 de
1681 1804 1848 1884 caelibatu,
1871 1806 1991 1871 616116
2012 1806 2180 1872 eiusmodi.

224 1913 385 1977 pressees:
408 1913 532 1957 comme
555 1900 604 1956 661
625 1891 657 1957 16
677 1891 732 1974 loy
754 1889 794 1956 de
816 1911 851 1955 se
878 1889 1057 1966 confessor,
1085 1888 1119 1952 la
1144 1886 1201 1952 de·

224 1979 313 2045 16666
335 1977 379 2041 16
400 1975 553 2059 mariage,
577 1984 611 2041 et
632 1976 746 2042 choses
769 1973 971 2041 semblables.

309 2064 346 2128 Ie
366 2064 511 2128 confesse
533 2084 596 2147 quo
623 2061 759 2146 l'Eglise
788 2060 878 2126 doibt
904 2067 989 2125 estre
1010 2075 1200 2142 'gouverneo
1338 2058 1506 2125 Confiteor
1525 2068 1674 2144 oportere
1696 2061 1863 2127 ecclesiam
1881 2064 2056 2147 gubernari
2078 2071 2099 2130 a
2120 2071 2227 2147 pasto-

224 2170 284 2233 par
313 2147 360 2214 les
385 2149 544 2215 Pasteurs
571 2148 766 2231 66166116
793 2147 914 2231 charge
942 2144 1139 2210 d’annonccr
1166 2142 1201 2208 16
1251 2145 1341 2210 61166
1371 2144 1488 2226 quibus
1527 2148 1735 2212 commissum
1776 2157 1826 2213 661
1861 2170 1982 2214 munus
2019 2149 2227 2233 praedicandi

224 2233 347 2318 parolle
369 2233 409 2299 de
431 2234 526 2311 Dion,
555 2240 589 2298 et
615 2232 824 2298 administrer
852 2231 899 2296 lcs
932 2229 1139 2296 Sacramens:
1168 2236 1201 2293 61
1250 2231 1343 2295 verbi
1364 2231 1429 2296 Dei
1450 2239 1485 2296 ot
1506 2230 1839 2298 administrandomm
1856 2247 2150 2301 sacramentorum:
2169 2257 2227 2303 nec

225 2340 288 2404 666
321 2318 380 2384 661
412 2341 454 2384 66
485 2322 536 2402 s'y
568 2316 658 2384 doibt
679 2318 809 2405 ingeret
831 2316 871 2382 16
892 2337 952 2399 soy
972 2334 1096 2381 mesme
1123 2336 1200 2380 6666
1251 2316 1400 2400 cuiquam
1423 2316 1519 2382 licere
1540 2316 2140 2401 1666666666666666661116166666
2163 2343 2225 2401 are,

225 2405 363 2472 election
385 2404 540 2489 legitime,
566 2425 650 2488 pour
679 2405 783 2469 cviter
810 2402 993 2468 confusion:
1022 2410 1055 2464 61
1081 2420 1144 2484 666
1171 2400 1200 2466 61
1251 2402 1373 2484 absque
1394 2402 1542 2486 legitima
1562 2404 1728 2480 electione,
1747 2405 1946 2470 6166616616
1963 2406 2093 2472 vitetur.
2132 2343 2226 2488 duod

224 2490 320 2558 eeulx
342 2490 397 2572 qui
420 2496 494 2554 sont
516 2489 648 2572 appelez
669 2495 691 2553 1
712 2497 798 2554 66616
819 2487 940 2570 charge
961 2507 1003 2550 ne
1024 2485 1200 2551 l'exercent
1251 2488 1279 2553 si
1301 2487 1357 2570 qui
1378 2485 1419 2551 ad
1443 2488 1503 2553 hoc
1523 2510 1606 2553 onus
1624 2491 1738 2568 vocati,
1761 2506 1828 2555 666
1849 2492 1930 2555 66116
1947 2489 2059 2557 fideles
2076 2513 2114 2558 se
2135 2514 2226 2577 prae-

223 2575 419 2651 fidelement,
449 2574 489 2639 ils
515 2595 556 2639 en
586 2571 739 2640 doibvent
771 2581 857 2638 estre
890 2571 1042 2655 deposce:
1071 2579 1106 2636 et
1136 2591 1200 2654 que
1251 2581 1339 2638 61661
1375 2573 1412 2637 16
1440 2594 1477 2638 66
1510 2574 1709 2653 6661166616,
1742 2577 2009 2642 6666616666166λ
2030 2599 2110 2643 esse.
2168 2579 2227 2643 Est

223 2669 314 2727 toute
340 2661 412 2725 leur
439 2661 611 2743 puissance
633 2667 666 2723 et
687 2660 879 2742 superiorite
901 2666 952 2723 est
976 2655 1016 2723 de
1044 2656 1199 2722 conduire
1250 2667 1359 2723 autem
1371 2659 1475 2725 omnis
1493 2680 1604 2724 eorum
1622 2669 1765 2747 potestas
1782 2661 1889 2743 posita
1904 2662 1940 2726 in
1958 2684 1997 2728 eo
2014 2674 2053 2728 61
2069 2685 2110 2728 ex
2130 2664 2227 2729 verbo

224 2746 321 2815 ceulx
343 2746 397 2829 qui
422 2745 493 2811 1666
514 2753 589 2810 6661
611 2745 745 2811 commis
766 2765 825 2828 par
846 2743 879 2808 la
899 2742 1022 2827 parolle
1043 2742 1084 2808 de
1101 2743 1198 2821 Dion,
1250 2743 1314 2809 Dei
1335 2755 1450 2828 regant
1472 2744 1625 2828 populum
1647 2746 1726 2829 ipsis
1747 2748 1970 2826 commissum,
2000 2749 2047 2814 ita
2073 2758 2115 2813 ut
2136 2751 2227 2816 Iesus

224 2832 392 2898 tellement
413 2853 475 2915 que
497 2830 591 2897 lesus
612 2830 725 2897 (1166161
754 2829 905 2895 domeure
933 2830 1095 2895 teusieurs
1124 2844 1199 2894 sou·
1251 2828 1404 2895 Christus
1426 2851 1554 2913 semper
1575 2840 1708 2897 maneat
1728 2836 1900 2915 supremus
1927 2847 2049 2917 pastor,
2078 2844 2113 2899 et
2141 2836 2226 2901 seins

223 2919 339 2984 versin
368 2917 508 2982 Pasteur
535 2926 569 2982 et
596 2915 667 2982 seul
694 2917 827 2982 maistre
856 2915 896 2980 de
924 2935 981 2979 son
1009 2913 1138 2998 Eglisc,
1167 2923 1200 2979 61
1251 2915 1499 2981 ecclesiaesuae
1521 2915 1682 2995 dominus,
1704 2917 1829 2984 616166
1851 2919 2033 2985 nniusvox
2064 2919 2224 2986 audiatur.

224 3002 321 3087 qu'on
343 3007 506 3068 n’escoute
527 3023 589 3085 666
612 3022 648 3066 sa
669 3002 754 3066 voix.
810 3000 877 3067 Sur
904 3021 990 3084 quoy
1018 2999 1049 3065 ie
1077 3000 1200 3066 detesto
1251 3001 1366 3084 116666
1388 3001 1577 3084 papisticam
1599 3001 1690 3068 illam
1716 3002 1944 3084 hierarchiam,
1974 3026 2071 3086 quam
2101 3017 2225 3085 vocant,

224 3096 295 3154 tout
316 3085 692 3171 1661611616Ρ6ρ6616
711 3085 1200 3171 6611666661166111666661616,
1252 3096 1403 3152 exsecror
1424 3095 1462 3151 ut
1483 3086 1675 3154 diabolicam
1697 3089 1928 3168 confusionem,
1959 3088 2079 3157 idcireo
2106 3093 2225 3157 stabili·

225 3195 350 3242 comme
372 3194 436 3239 une
458 3175 627 3238 confusion
645 3172 803 3239 infernale
821 3171 955 3239 establis
975 3192 1017 3236 66
1035 3170 1144 3255 despit
1161 3169 1201 3236 de
1252 3179 1319 3236 tam
1341 3181 1379 3237 ut
1399 3172 1491 3238 Deus
1512 3173 1581 3256 ipsc
1603 3173 1816 3256 despiciatur,
1846 3192 1880 3240 et
1907 3176 2087 3242 christiana
2115 3178 2226 3262 religio
2275 3219 2278 3231 .

224 3261 323 3340 Dieu,
344 3267 378 3325 et
398 3281 439 3325 en
460 3259 625 3342 moquerie
646 3267 680 3323 et
700 3257 859 3344 opprobre
876 3256 917 3322 de
933 3256 966 3321 la
983 3256 1199 3323 Ohrestiente.
1252 3256 1401 3323 ludibriis
1423 3271 1456 3324 et
1476 3259 1659 3342 opprobriis
1679 3260 1721 3323 sit
1743 3261 1899 3343 exposita
2121 3259 2125 3269 '

310 3345 347 3409 Ι6
368 3344 515 3411 confesse
537 3343 696 3427 qu’oultre
718 3344 751 3408 16
771 3341 980 3427 6661166166,
1004 3349 1140 3408 666666
1161 3342 1201 3408 16
1336 3343 1506 3408 1166111666
1532 3343 1792 3413 imbecillitatem
1819 3357 1966 3412 nestram
1995 3349 2165 3430 requirere
2190 3357 2278 3418 utel

225 3438 336 3497 nostre
358 3429 494 3496 rudesse
515 3437 549 3494 et
569 3430 732 3507 1611666116,
755 3450 837 3495 nous
859 3449 960 3493 avons
986 3428 1124 3513 basoing
1143 3428 1201 3493 166
1252 3427 1294 3494 61
1312 3429 1584 3512 praedicationem
1602 3431 1694 3495 verbi
1713 3430 1908 3497 adiiciuntur
1925 3447 2139 3508 6666666616,
2156 3446 2278 3500 tan·-

226 3514 429 3594 Sacrsmens,
452 3536 576 3581 comme
598 3513 639 3580 de
660 3535 771 3594 seaux,
794 3514 850 3598 qui
870 3520 990 3599 soyent
1016 3534 1100 3596 pour
1120 3516 1200 3580 rati·
1253 3533 1349 3597 quam
1377 3514 1486 3600 sigilla
1519 3516 1636 3599 quibus
1661 3518 1892 3600 promissiones
1920 3516 1984 3582 Dei
2019 3519 2053 3582 in
2078 3520 2278 3589 cordibus

225 3603 286 3667 fier
307 3602 355 3667 les
375 3622 557 3684 promesses
579 3600 620 3666 16
641 3601 727 3666 Ι)166
749 3620 791 3664 66
819 3620 878 3664 666
907 3620 1033 3664 coeurs:
1062 3607 1095 3664 61
1122 3599 1201 3683 6611
1253 3599 1374 3665 6661616
1395 3600 1621 3684 obsignentur:
1651 3612 1685 3666 et
1711 3602 1775 3667 166
1801 3603 1960 3668 eiusmodi
1986 3618 2189 3670 sacramenta

226 3708 248 3770 y
272 3708 312 3752 66
336 3708 356 3751 6
377 3684 464 3752 deux
484 3687 541 3769 661
562 3707 645 3752 6666
673 3692 731 3751 661
754 3694 822 3750 6616
849 3684 1012 3751 66166666
1040 3683 1080 3750 16
1107 3686 1201 3751 16666
1253 3684 1387 3750 Christo
1409 3705 1480 3751 esse
1501 3685 1658 3767 ordinata,
1681 3709 1798 3771 nempe
1820 3688 2016 3772 baptismum
2040 3705 2074 3754 et
2096 3710 2278 3759 arenan-

227 3770 351 3849 Christ,
379 3778 400 3837 a
428 3773 556 3856 sqavoir
581 3771 613 3836 le
639 3772 815 3855 Baptesme
841 3779 875 3836 et
905 3769 1057 3850 160666,
1081 3778 1201 3836 61666
1252 3770 1401 3836 Domini:
1424 3791 1462 3837 ao
1479 3773 1570 3854 prius
1588 3771 1728 3855 quidem,
1749 3775 1896 3840 6166116
1916 3775 2278 3858 patefaciataditut-

228 3857 317 3939 plus:
340 3856 371 3921 le
394 3859 535 3939 premier
557 3855 1200 3940 666666661666666616666611161166.
1250 3856 1288 3920 in
1308 3855 1473 3923 eeclesiam
1487 3858 1558 3934 Dei,
1577 3857 1716 3923 alterum
1734 3861 2278 3938 66666116666666611666161

227 3941 259 4007 16
281 3941 399 4009 second
426 3964 509 4025 pour
537 3962 621 4009 6666
698 3942 886 4008 6616616616.
938 3942 985 4006 Et
1010 3942 1128 4008 reiecto
1155 3942 1203 4008 les
1253 3940 1406 4026 Quinque
1428 3964 1506 4008 vero
1526 3943 1584 4008 illa
1606 3958 1811 4010 sacramenta
1832 3967 1852 4011 a
1873 3945 2011 4030 papistis
2034 3949 2276 4034 excogitet-³

226 4026 302 4112 cinq
312 4026 507 4094 Sacramens
516 4049 579 4114 que
590 4030 637 4095 166
648 3964 797 4113 16616166
809 4037 868 4093 661
877 4027 1015 4111 forgeds
1026 4027 1098 4093 leur
1109 4036 1202 4095 16616.
1253 4028 1340 4094 6116
1361 4027 1507 4111 ipsorum
1528 4028 1659 4095 cerebro
1680 4030 1824 4114 primum
1846 4042 1932 4109 6616,
1954 4031 2101 4116 repudio.
2272 4007 2278 4033 ¹

313 4113 359 4178 Et
377 4114 523 4179 combien
536 4136 597 4197 que
609 4115 655 4181 les
667 4117 862 4181 Sacremens
880 4134 961 4178 6666
978 4123 1095 4198 soyent
1112 4133 1202 4180 erres
1340 4112 1500 4194 Quamvis
1520 4127 1629 4179 antem
1651 4126 1856 4182 sacramenta
1878 4118 1947 4183 6161
1974 4116 2069 4184 66116
2091 4141 2150 4201 pro
2174 4139 2260 4184 ar·

226 4220 310 4284 pour
330 4219 414 4263 nous
434 4218 584 4266 assourer
604 4200 645 4266 de
666 4199 699 4264 la
719 4220 816 4283 grace
844 4197 885 4264 de
907 4196 1007 4264 Dicu:
1035 4200 1204 4265 toutcsfois
1253 4197 1407 4276 rhabone,
1420 4220 1483 4283 quo
1499 4199 1676 4265 reddamur
1691 4202 1797 4268 securi
1815 4202 1855 4267 de
1871 4204 2139 4286 promissionibus
2156 4204 2246 4284 Dei

227 4287 259 4351 ie
280 4286 426 4352 66616666
447 4284 542 4367 qu'ils
563 4307 645 4352 nous
662 4294 814 4371 seroyent
830 4284 972 4363 inutiles,
995 4284 1089 4350 61666
1112 4284 1201 4351 d'au·
1254 4288 1365 4349 tamen
1388 4306 1528 4369 agnosco
1548 4286 1605 4351 illa
1625 4286 1694 4351 fore
1721 4288 1814 4354 nobis
1837 4289 1978 4369 inutilia,
2006 4289 2072 4354 nisi
2095 4292 2238 4374 spiritus

228 4378 303 4437 1661
324 4392 387 4454 666
409 4369 440 4434 16
462 4371 568 4436 sainct
588 4371 703 4454 Eeprit
723 4371 771 4438 les
792 4371 853 4436 1611
874 4369 978 4436 valoir
1004 4391 1130 4436 comme
1151 4371 1202 4436 in·
1254 4380 1385 4436 sanctus
1406 4370 1462 4435 illa
1480 4371 1514 4436 in
1536 4372 1629 4437 nobis
1650 4371 1800 4438 redderet
1819 4375 1979 4454 efficacia,
2000 4387 2155 4459 tanquam
2175 4378 2226 4440 in·

228 4465 403 4535 strumens,
426 4455 514 4520 1116
536 4476 598 4538 que
620 4467 731 4522 nostre
752 4459 854 4522 116666
872 4476 913 4520 66
934 4455 998 4520 soit
1019 4455 1203 4523 nullement
1253 4467 1449 4522 strumenta:
1472 4479 1515 4522 ne
1536 4456 1655 4524 1116616
1675 4469 1785 4524 666166
1802 4462 1960 4526 creaturis
1977 4461 2106 4527 intenta
2122 4462 2218 4527 61166

228 4539 562 4610 (1166616161611166
581 4561 663 4624 pour
683 4541 842 4608 s'amuser
862 4563 928 4608 anx
948 4553 1122 4607 creatores.
1158 4543 1202 4607 Et
1254 4542 1452 4626 seiungatur.
1503 4542 1594 4624 Quin
1623 4544 1721 4609 etiam
1748 4546 1906 4611 confiteor
1937 4564 2142 4613 6666666616
2169 4544 2210 4610 de

228 4651 352 4695 mesme
373 4628 403 4692 ic
421 4626 566 4692 confesse
587 4647 649 4709 que
671 4626 718 4693 166
738 4627 933 4694 Sacramens
950 4637 1026 4693 sont
1043 4625 1202 4711 depraves
1254 4628 1384 4710 pravari
1406 4637 1441 4693 61
1462 4629 1623 4711 perverti,
1639 4651 1737 4712 quum
1760 4630 1801 4695 ad
1829 4653 1904 4696 eum
1926 4653 2061 4716 scopum
2086 4655 2149 4698 non
2172 4652 2208 4695 re

230 4723 263 4780 61
284 4734 474 4796 corrompus
496 4710 606 4796 quand
624 4731 666 4775 66
689 4734 730 4778 66
752 4713 799 4778 les
820 4725 972 4796 rapporte
1001 4720 1094 4796 point
1123 4720 1202 4779 aee
1253 4712 1403 4778 feruntur
1425 4715 1515 4779 utin
1537 4714 1669 4780 01661616
1691 4736 1883 4799 quaeramus
1904 4717 2064 4803 quidquid
2085 4719 2126 4784 61
2151 4737 2207 4782 uos·

228 4796 1202 4883 1611666661666616666016616116616666166666-
1254 4809 1339 4864 tram
1366 4798 1505 4864 salutem
1533 4801 1718 4883 requiritur,
1746 4811 1780 4867 61
1801 4805 1926 4886 quoties
1947 4803 1988 4869 ad
2009 4804 2111 4870 alium
2132 4821 2208 4868 6666

229 4887 313 4951 11661
333 4891 354 4950 a
374 4893 484 4950 nostre
505 4883 601 4961 salut
625 4889 658 4947 61
679 4886 775 4964 66’66
806 4883 854 4948 166
881 4884 1032 4967 appli'qne
1060 4890 1081 4949 1
1109 4897 1203 4950 66166
1254 4882 1537 4969 accommodantur
1557 4908 1654 4969 quam
1676 4896 1714 4951 ut
1733 4891 1863 4953 omnem
1885 4899 2030 4955 nostram
2056 4889 2152 4956 fidem
2170 4907 2208 4973 pc

229 4990 332 5055 usage
358 4991 420 5054 que
446 4968 569 5035 d'avoir
594 4975 706 5034 nostre
731 4967 786 5051 foy
819 4967 863 5034 16
896 4979 967 5034 1661
992 4978 1135 5036 66666166
1161 4991 1202 5036 66
1253 4971 1343 5036 61166
1370 4972 1403 5035 16
1429 4990 1468 5036 66
1497 4971 1685 5056 defigamus.
1738 4975 1928 5051 Praeterea,
1955 4978 2109 5058 queniam
2130 4973 2210 5057 adep·

229 5053 297 5122 lu.
341 5055 388 5120 Et
407 5053 1203 5139 166166166616666666661616611661661661
1254 5057 1352 5122 116616
1373 5057 1544 5140 promissio
1566 5057 1606 5122 61
1629 5058 1850 5140 posteritatem
1873 5080 1976 5144 66666
1993 5060 2137 5127 fidelium
2155 5080 2212 5144 pon

231 5078 306 5207 116
325 5160 399 5208 6666
420 5140 478 5208 des
487 5140 609 5223 fideles,
630 5141 662 5208 16
673 5142 818 5208 66616666
838 5161 902 5224 que
920 5141 967 5206 166
983 5141 1069 5225 petis
1086 5146 1203 5208 enfans
1253 5142 1381 5227 rigitur,
1404 5162 1544 5228 agnosco
1565 5160 1715 5226 oportere
1735 5144 1881 5211 fidelium
1902 5146 2045 5213 infantes
2070 5148 2106 5212 in
2127 5146 2211 5214 66616
