4776 5844
184 277 241 340 165
962 281 1027 346 AD
1049 279 1394 347 wusuPHALUM.
2122 274 2182 353 186

181 460 307 528 dierum
327 463 364 528 iu
381 463 902 551 dominioamousapraeparatur,
925 476 958 533 ιι
979 466 1020 534 de
1040 488 1155 534 mensa
1206 468 1283 533 dero
1302 469 1406 551 eupio.
1459 465 1498 533 Si
1521 488 1541 532 a
1564 467 1698 550 reliquis
1724 467 1893 553 discipulis
1922 469 1985 538 hae
2013 484 2093 539 nota
2115 471 2183 540 dis·

182 549 344 616 dominioa
363 550 521 630 sumitur,
545 552 738 636 quibusdam
759 552 935 632 advitam,
958 553 1155 638 quibusdam
1204 554 1352 621 oernitur
1372 551 1488 631 Iudas,
1515 552 1599 636 quod
1629 575 1695 619 nou
1717 555 1898 621 eomederit
1922 578 2044 640 panem
2065 559 2185 625 Domi·

182 635 221 701 ad
241 635 390 702 exitium
442 637 510 702 Res
531 659 610 704 vero
631 638 719 722 ipsa,
741 640 835 706 ouius
856 651 891 705 et
910 648 1154 706 saoramentum
1205 660 1297 717 num,
1320 638 1468 723 sequitur
1488 640 1573 704 nihil
1584 648 1716 723 praeter
1725 639 1853 707 nudum
1863 643 2052 726 symbolum
2071 665 2186 729 sump-

181 729 244 800 est,
270 722 360 786 omni
383 722 507 788 homiui
529 724 570 790 ad
592 725 709 802 vitam,
738 725 820 789 nulli
850 724 892 790 ad
913 725 1053 791 exitium
1081 726 1153 808 qui·
1204 726 1295 792 sisse.
1350 727 1461 808 Atque
1493 725 1621 790 utinam
1655 726 1754 793 unoia
1785 727 1904 794 saltem
1931 749 2030 795 sanae
2060 732 2186 798 ιιιιιὶι

181 828 308 892 qunque
329 808 400 874 eius
419 808 579 893 partioeps
601 811 708 876 fuerit
753 810 853 877 Certe
873 812 930 879 ubi
947 810 988 878 de
1010 832 1046 876 ra
1067 810 1154 895 sigui
1205 818 1293 878 ιιιιι
1314 809 1526 893 Westphalo,
1554 819 1593 875 ut
1618 831 1700 895 quae
1729 813 1847 879 reoitet
1875 816 2053 900 Augustini
2083 818 2185 884 verba

180 894 278 959 huius
299 894 418 978 agitur,
441 916 538 960 nemo
560 917 661 962 sanae
681 898 802 962 mentis
814 918 967 964 areanum
991 897 1099 963 earnis
1120 903 1154 961 et
1205 895 1413 980 expenderet
1446 896 1621 979 Dupliuem
1638 897 1732 963 illam
1752 900 2082 967 eommunioationem
2104 924 2188 968 nus·

180 980 351 1063 sanguinis
382 979 508 1046 Christi
544 983 806 1049 eommunionem
846 982 1006 1049 excludet
1068 983 1153 1048 Eam
1206 1003 1305 1067 quam
1324 982 1443 1048 elarius
1465 981 1624 1066 distingui
1651 984 1769 1049 asserit
1790 1005 1889 1068 quam
1910 987 1944 1050 iu
1967 986 2029 1053 huo
2049 996 2184 1054 seuten-

180 1066 386 1150 Augustinus
407 1075 509 1150 negat
527 1089 734 1133 eommunem
745 1089 816 1134 esse
835 1069 1021 1135 ineredulis.
1056 1065 1154 1135 Unde
1206 1069 1268 1134 tia:
1304 1069 1398 1135 Tune
1432 1069 1501 1133 vita
1532 1068 1707 1152 uniouique
1740 1071 1804 1135 erit
1835 1091 1954 1154 eorpus
1987 1079 2020 1137 et
2047 1074 2184 1158 sanguis

181 1152 334 1234 sequitur,
357 1151 436 1218 dum
458 1151 521 1217 sibi
542 1153 687 1220 oblatam
709 1160 884 1237 respuunt,
918 1155 1003 1220 nihil
1024 1163 1155 1237 praeter
1206 1154 1342 1234 Christi,
1366 1154 1396 1219 si
1412 1151 1498 1237 quod
1520 1155 1554 1220 in
1575 1165 1780 1221 saeramanto
1791 1155 1965 1222 visibiliter
1975 1159 2127 1238 sumitur,
2149 1159 2186 1225 iu

179 1236 306 1302 nudum
327 1239 458 1322 siguum
487 1239 550 1305 sibi
577 1240 738 1323 reliquum
765 1241 879 1306 faeere.
935 1240 975 1305 Id
993 1262 1058 1324 quo
1079 1260 1154 1323 pro-
1205 1241 1277 1324 ipsa
1298 1241 1439 1306 veritato
1460 1239 1675 1322 spiritualiter
1700 1239 1926 1308 maudueetur.
1941 1243 1966 1324 ¹)
2009 1244 2083 1328 ligo
2105 1266 2186 1311 vero

180 1324 253 1473 Eius
274 1324 298 1388 li
320 1335 413 1400 neat,
441 1324 496 1407 qui
517 1325 709 1409 simplieiter
735 1324 897 1392 deliniunt
918 1347 978 1392 nos
1000 1327 1153 1410 spiritua-
1206 1325 1287 1392 adeo
1308 1326 1449 1392 libenter
1470 1325 1650 1408 ampleotor
1677 1326 1767 1393 hune
1794 1327 1902 1392 loeum
1923 1337 1962 1393 ut
1982 1349 2021 1395 eo
2044 1330 2113 1396 solo
2143 1328 2186 1395 ad

194 1408 255 1474 'ter
322 1429 377 1474 ere
399 1410 526 1475 Ohristi
553 1431 701 1490 earnem,
728 1412 862 1495 eiusque
888 1411 1084 1497 sanguinem
1105 1411 1153 1478 bi·
1205 1410 1420 1478 refellendam
1448 1410 1636 1495 Westphali
1668 1412 1870 1498 insoiuom2)
1904 1413 1967 1480 sim
1999 1424 2185 1482 eontentus

181 1493 270 1571 bere,
299 1495 378 1560 dum
400 1496 470 1560 eius
491 1506 596 1562 morte
624 1520 665 1564 ex
689 1497 755 1563 iata
782 1519 854 1564 esse
875 1508 1014 1582 peooata
1041 1504 1155 1564 nostra
1207 1496 1396 1581 Spiritualis
1423 1496 1631 1563 monduoetio
1657 1496 1706 1563 ita
1732 1519 1754 1564 a
1783 1497 1978 1582 Wsstphalo
2006 1500 2187 1584 despicitur

182 1581 359 1660 eodinus,
388 1593 426 1648 ut
447 1583 518 1648 Deo
539 1584 665 1649 reoono‘
684 1585 740 1648 'ati
763 1584 920 1650 haeredes
942 1586 1045 1650 simus
1067 1585 1154 1650 vitae
1207 1595 1244 1650 ut
1263 1584 1426 1649 haeresim
1446 1581 1681 1648 exseoraudam
1709 1605 1781 1649 esse
1808 1585 1978 1652 existimet
1998 1587 2033 1652 in
2056 1608 2095 1653 ea
2116 1587 2187 1653 sela

181 1674 340 1745 aeternae,
362 1690 418 1734 ιιι
440 1669 538 1733 ιίιιὶι
560 1671 672 1736 striata
693 1678 727 1733 et
748 1671 875 1736 eonoise
895 1669 983 1752 loqui
1005 1692 1071 1734 nou
1089 1668 1155 1734 dis·
1205 1670 1367 1736 insistere.
1402 1668 1472 1735 Cur
1493 1669 1581 1734 enim
1603 1680 1672 1733 tam
1692 1670 1846 1736 atrooiter
1866 1671 1901 1736 in
1924 1693 1984 1738 nos
2006 1672 2185 1752 invehitur,

180 1753 311 1818 simulo:
329 1754 406 1837 quia
417 1754 458 1820 ab
476 1754 591 1820 altiore
608 1757 768 1840 prinoipio
787 1760 861 1836 [pag.
872 1763 925 1836 ⁷2]
944 1764 1058 1821 manat
1074 1755 1156 1821 haee
1207 1769 1240 1821 ιι
1262 1755 1370 1841 gladio
1391 1755 1497 1839 magis
1517 1775 1616 1838 quam
1638 1755 1724 1840 stylo
1746 1756 1957 1841 eorrigeudos
1977 1779 2050 1824 esse
2071 1758 2187 1825 elami-

179 1838 273 1906 tides:
297 1839 492 1906 sichristus
509 1852 608 1925 eaput
624 1851 775 1907 nostrum
797 1844 849 1919 sit,
872 1852 905 1908 et
926 1842 963 1907 in
984 1841 1077 1908 uobis
1095 1841 1155 1905 ha·
1206 1853 1263 1919 tat,
1287 1843 1351 1907 nisi
1367 1842 1446 1925 quia
1462 1840 1498 1906 in
1516 1839 1681 1924 spirituali
1697 1838 1947 1908 mandueatioue
1968 1849 2041 1924 [pag.
2055 1849 2109 1925 75]
2133 1866 2187 1911 ao·

180 1922 287 1991 bitans
310 1925 414 1991 vitam
434 1925 528 1992 nobis
544 1946 638 1993 suam
659 1929 887 1994 eommunioat
932 1928 1049 2010 Neque
1066 1928 1155 1992 enim
1206 1927 1425 2011 quiesoimus?
1470 1926 1543 1993 Iam
1564 1926 1666 2010 igitur
1686 1926 1867 1993 videndum
1889 1949 2051 2012 quaenam
2072 1931 2117 1995 sit
2138 1931 2187 1996 al·

180 2012 219 2076 ab
240 2031 279 2077 eo
301 2008 480 2095 quidquam
501 2013 594 2078 uobis
612 2011 809 2096 sperandum
821 2023 880 2091 ιιι
904 2013 1005 2080 donee
1027 2015 1063 2078 in
1085 2012 1155 2077 eius
1206 2023 1279 2078 tera
1300 2010 1517 2090 mandueatio‚
1536 2012 1608 2078 sine
1625 2033 1698 2095 qua,
1721 2011 1901 2079 seeundum
1922 2013 2002 2080 istos
2022 2036 2185 2096 oensores,

176 2117 296 2180 eorpus
318 2097 543 2164 ooaluerimus.
588 2101 699 2182 Atque
721 2099 802 2166 haee
820 2101 951 2183 integra
972 2107 1023 2164 est
1044 2118 1155 2164 saurae
1206 2120 1304 2165 nemo
1325 2097 1379 2164 rel
1401 2099 1437 2164 iu
1458 2097 1546 2164 ooelo
1568 2098 1622 2163 vel
1648 2098 1684 2162 in
1715 2108 1803 2164 terra
1830 2098 1942 2166 salvus
1968 2120 2041 2167 esse
2068 2109 2185 2184 potest

179 2202 296 2248 poenae
318 2183 451 2259 veritas,
472 2194 511 2248 ut
532 2181 686 2251 Christus
709 2207 767 2251 uos
788 2183 963 2251 inserendo
985 2186 1020 2250 in
1039 2205 1155 2267 eorpus
1206 2184 1379 2251 Visibilem
1401 2184 1609 2267 Augustinus
1642 2205 1715 2250 esse
1735 2184 1919 2268 respondet
1975 2184 2104 2268 Quibus
2123 2208 2187 2252 un·

180 2289 295 2347 suum,
323 2289 391 2334 nou
414 2269 509 2335 modo
530 2271 704 2355 partieipes
732 2271 830 2338 faeiat
856 2271 1003 2356 eorporis
1024 2279 1058 2337 ιι
1079 2291 1155 2336 sau·
1207 2292 1306 2353 quam
1338 2270 1442 2336 oeulis
1470 2269 1687 2353 Wsstphalus
1722 2291 1820 2353 quam
1852 2271 1951 2355 fingit
1984 2272 2187 2338 substantiae

180 2354 1155 2526 ruru·
1980 2358 2188 2510 aaut

179 2525 289 2593 editur
321 2526 393 2593 eius
424 2548 516 2604 earo,
543 2529 607 2593 nisi
636 2537 675 2593 ut
702 2530 747 2593 sit
767 2529 909 2596 vivifiea
961 2530 1156 2595 Dootriuam
1207 2528 1397 2612 pereipitur,
1420 2526 1595 2594 visibiliter
1615 2530 1704 2592 sumi
1726 2526 1829 2594 dooet
1859 2526 1986 2595 Oonlos
2008 2549 2088 2613 ergo
2110 2550 2187 2613 ape-

180 2613 265 2680 hauo
288 2634 347 2697 per
367 2611 683 2698 milleWestphalos
704 2615 887 2681 nouvellere
905 2615 1011 2681 Satan
1033 2616 1157 2681 frustra
1208 2615 1274 2680 riat
1294 2612 1393 2679 West
1415 2612 1520 2691 halus,
1549 2623 1588 2679 ut
1615 2611 1748 2678 tandem
1769 2613 1849 2697 quid
1871 2614 1980 2680 valeat
2001 2633 2188 2681 eaeremon-

177 2698 872 2784 molietur.NamquodapudAugustinum,
885 2699 1156 2780 ubidieitnullos
1207 2700 1285 2765 talis
1303 2634 1509 2765 maudheatio
1531 2708 1696 2784 agnoseat
1730 2700 1865 2783 Exeipit
1885 2698 2111 2784 Westphalus,
2135 2722 2188 2767 aa

177 2807 258 2852 rere
267 2784 700 2868 streipsaoarnemilhristi
709 2785 887 2866 oomedere,
900 2787 964 2854 nisi
973 2786 1031 2870 qui
1042 2787 1156 2870 inipso
1206 2795 1414 2853 uramentum
1436 2805 1503 2850 non
1530 2786 1599 2852 fore
1620 2785 1803 2870 integrum,
1832 2786 1898 2851 nisi
1922 2785 2039 2852 ιάιιιι
2068 2806 2188 2870 eorpus

176 2882 326 2949 manent,
344 2873 426 2936 istas
443 2870 647 2938 discretionis
655 2871 834 2957 particulas
852 2873 1156 2939 nonadveritatam
1207 2871 1344 2939 Ohristi.
1388 2870 1493 2953 Quasi
1513 2891 1591 2938 rere
1611 2872 1723 2937 minus
1744 2870 1818 2937 ideo
1836 2892 1938 2938 verax
1960 2874 2004 2938 sit
2022 2871 2187 2953 Christus,

177 2956 1067 3041 eorporis,sedadveritatsmoommunioationisreferri
1079 2979 1157 3026 oon·
1207 2958 1285 3042 quia
1308 2965 1470 3042 respuunt
1495 2957 1657 3024 inereduli
1677 2955 1762 3041 quod
1784 2958 1855 3041 ipsa
1877 2958 1982 3023 offert
2027 2957 2189 3024 Fatemur

179 3044 287 3110 tendit
303 3043 529 3126 Wastphalus,
553 3044 764 3128 nugatorium
776 3045 802 3126 ι)
819 3055 878 3110 est
912 3045 1025 3126 Quum
1043 3053 1156 3128 aperta
1208 3044 1298 3110 enim
1321 3043 1430 3128 dignis
1451 3043 1551 3110 simul
1572 3052 1606 3109 ιι
1625 3041 1771 3127 indignis
1792 3064 1910 3127 eorpus
1933 3064 2032 3111 suum
2052 3043 2186 3110 offerre:

178 3139 280 3215 neget
307 3129 516 3214 Augustinus
545 3151 581 3194 re
607 3130 679 3213 ipsa
700 3129 827 3196 (lhristi
855 3152 987 3197 earnem
1015 3129 1156 3198 maudu·
1208 3152 1268 3197 ιιι
1291 3129 1392 3195 ullius
1411 3130 1555 3196 hominis
1572 3128 1733 3212 pravitate
1754 3128 1826 3194 fieri
1847 3129 1928 3211 quin
1951 3128 2047 3213 panis
2070 3149 2188 3195 verum

179 3238 262 3294 aare,
285 3215 351 3280 nisi
373 3216 428 3298 qui
450 3216 528 3280 viva
548 3214 614 3281 fide
635 3215 773 3298 praediti
791 3218 827 3281 in
845 3238 883 3282 ιο
904 3225 1057 3283 manent:
1078 3215 1156 3301 quid
1206 3217 1251 3282 sit
1272 3226 1306 3282 ιι
1326 3214 1554 3296 exhibitirum,
1576 3225 1615 3280 ut
1634 3213 1824 3298 loquuntur,
1847 3216 1956 3281 earnis
1966 3213 2093 3281 Christi
2114 3214 2146 3298 p'
2172 3251 2188 3266 ·

179 3302 241 3368 hou
261 3302 324 3367 sibi
351 3301 423 3367 vult
449 3300 593 3385 eorporis
621 3306 696 3383 [pag.
719 3306 773 3381 73]
802 3303 976 3368 veritatem
1002 3324 1068 3368 non
1097 3324 1156 3368 ne-
1206 3321 1287 3367 nus:
1310 3300 1369 3367 sed
1387 3300 1787 3382 abomnibuspromiseue
1806 3300 1908 3384 reoipi
1923 3301 2022 3366 uimis
2043 3231 2188 3366 absurlda

221 3390 267 3467 ri,
301 3386 359 3453 sed
388 3395 517 3452 tautum
550 3407 663 3453 veram
695 3386 1044 3454 eommunieationem?
1088 3386 1157 3454 Sed
1208 3398 1260 3454 est
1279 3388 1436 3470 fatuaque
1458 3393 1532 3467 [pag.-
1556 3390 1610 3465 76]
1631 3385 1742 3452 illatio.
1794 3383 1901 3452 Siouti
1923 3394 1959 3451 ιι
1978 3385 2187 3452 ratiooiuatio

201 3495 241 3540 oo
262 3484 314 3539 ιιι
334 3472 470 3540 soilioet:
504 3481 657 3556 portenta
679 3473 857 3539 verborum
877 3496 930 3541 res
951 3474 1156 3559 prodigiosas
1207 3474 1272 3540 ista
1293 3471 1496 3555 Westphali:
1525 3470 1620 3553 Quae
1641 3470 1743 3537 verbo
1770 3493 1830 3537 suo
1851 3470 2017 3537 Dominus
2038 3492 2186 3555 pronun·

168 3581 291 3627 seeum
326 3558 472 3624 trahunt
530 3557 688 3625 (lenoedit
715 3560 933 3642 Wsstphalus
967 3583 1032 3627 nou
1066 3581 1155 3627 oom-
1208 3559 1274 3626 siat
1295 3579 1376 3632 esse,
1399 3578 1438 3623 aa
1459 3578 1538 3623 vere
1560 3565 1646 3638 ιιιιι,
1667 3577 1746 3642 ergo
1767 3577 1885 3641 eorpus
1907 3556 2034 3623 ohristi
2054 3556 2096 3622 ab
2123 3556 2187 3622 im-

172 3647 349 3712 munitate
359 3644 502 3723 (lhriato,
524 3646 581 3726 qui
600 3661 712 3710 tamon
732 3664 810 3711 vere
827 3666 945 3731 eorpus
966 3648 1037 3713 eius
1059 3647 1156 3713 devo·
1208 3647 1270 3730 piis
1291 3644 1353 3710 sub
1375 3664 1458 3728 pane
1480 3644 1566 3710 sumi
1588 3653 1725 3728 oportet
1771 3643 1855 3724 Quis
1878 3643 1965 3710 enim
1988 3643 2093 3709 nesoit
2114 3642 2187 3709 axi·
2251 3726 2253 3729 Ι

173 3741 263 3797 rant.
309 3729 395 3795 Nam
417 3731 560 3815 eorporis
580 3731 701 3797 veritas
723 3731 810 3817 apud
831 3733 940 3815 ipsum
960 3732 1046 3798 nihil
1067 3732 1156 3799 aliud
1207 3731 1319 3798 tialem
1341 3731 1442 3796 fuisse
1463 3730 1621 3813 apostatis
1638 3728 1765 3796 Christi
1783 3729 1976 3807 doetrinam,
1998 3729 2118 3812 quibus
2134 3731 2186 3794 ni·

165 3827 229 3884 ιιι
250 3836 350 3900 quam
376 3817 601 3883 substantialis
622 3817 844 3901 ingurgitatio.
895 3818 1155 3885 Oommunioatio
1207 3819 1271 3883 mis
1293 3816 1376 3882 dura
1399 3817 1469 3882 visa
1498 3814 1568 3881 est?
1617 3815 1763 3881 Protulit
1790 3823 1901 3880 tamen
1928 3815 1998 3898 ipse
2024 3834 2082 3880 ore
2110 3835 2185 3881 suo:

175 3912 293 3969 autem
314 3912 366 3968 est
387 3903 608 3985 spiritualium
630 3901 789 3969 donorum
811 3904 931 3984 fruitio,
957 3925 1041 3988 quae
1062 3905 1155 3972 uobis
1207 3902 1321 3969 Verba
1337 3922 1420 3986 quae
1436 3901 1550 3984 loquor
1566 3900 1669 3980 vobis,
1689 3899 2038 3983 spiritusotviusunt
2055 3900 2185 3980 (Ioanu

179 3988 347 4055 aOhristo
368 3990 576 4071 proveniunt
609 3989 682 4072 Ilgo
703 3999 813 4054 autam
834 3991 918 4056 seire
940 3990 1040 4056 velim
1058 4011 1155 4074 quor·
1209 3994 1238 4068 6,
1261 3992 1326 4069 63).
1378 3985 1447 4055 Sed
1480 4009 1524 4052 ne
1555 3987 1685 4071 longius
1716 4006 1827 4051 morer
1858 3986 2010 4063 lautores,
2046 3987 2188 4053 suffieiat

175 4096 253 4140 sum
276 4093 338 4139 nos
358 4072 394 4138 in
416 4095 516 4140 ooeua
537 4074 691 4140 Ohristus
719 4074 760 4140 ad
786 4077 895 4141 earnis
923 4097 1000 4142 suae
1026 4086 1059 4142 et
1079 4097 1156 4142 sau·
1207 4075 1376 4159 praeelara
1396 4073 1544 4139 olausula
1563 4071 1662 4138 huius
1684 4073 1796 4154 partis,
1827 4071 1884 4137 ubi
1906 4070 1985 4137 dioit
2006 4071 2187 4154 Westpha·

176 4161 289 4244 guinis
311 4160 594 4244 partieipatiouem
616 4161 749 4237 invitet,
785 4162 850 4227 nisi
872 4172 909 4226 ut
930 4162 1058 4228 animas
1080 4183 1155 4228 nos·
1207 4162 1259 4228 lus
1288 4180 1357 4224 rem
1379 4157 1576 4225 saorameuti
1597 4159 1784 4242 Augustino
1813 4178 1885 4224 esse
1916 4180 1981 4222 non
2009 4179 2126 4242 eorpus
2154 4165 2187 4224 et

171 4258 250 4311 tras
272 4258 392 4328 paseat
437 4245 578 4311 Desinat
598 4245 692 4311 nobis
714 4245 838 4312 Christi
860 4268 978 4330 eorpus
999 4270 1072 4314 sess
1096 4249 1150 4313 ali·
1208 4247 1404 4331 sauguinem
1425 4245 1569 4320 Domini,
1590 4242 1653 4309 sed
1674 4244 1858 4321 veritatem,
1882 4245 2022 4328 gratiam
2044 4256 2078 4309 et
2099 4244 2186 4327 frue-

170 4342 343 4398 mentum:
377 4331 456 4415 quid
485 4334 594 4416 ipsum
619 4331 780 4416 deglutire
836 4333 979 4399 roderit?
1030 4333 1156 4400 Eodem
1207 4342 1289 4398 tum.
1333 4330 1391 4399 Sio
1408 4332 1479 4415 ipse
1500 4329 1542 4395 ad
1565 4328 1710 4396 verbum.
1755 4330 1793 4395 b'i
1814 4329 1862 4395 ita
1883 4338 1943 4406 ιιι,
1966 4338 2055 4395 uerte
2077 4326 2117 4392 de
2135 4330 2186 4392 ni·

165 4417 319 4483 artifieio
341 4416 464 4483 nodum
482 4417 649 4500 abrumpit
669 4355 908 4501 quemsolrere
929 4441 996 4485 non
1018 4429 1155 4502 poterat,
1207 4419 1275 4483 hilo
1294 4419 1416 4502 litigat,
1444 4426 1479 4481 et
1500 4426 1596 4480 extra
1623 4436 1693 4480 rem
1715 4415 1824 4480 neseio
1852 4415 1930 4497 quid
1952 4414 2186 4499 imaginarium

171 4503 290 4568 ]ooum
304 4502 404 4568 ¹illum
427 4505 605 4588 Augustini
633 4503 786 4580 eludens,
814 4503 870 4569 ubi
900 4503 1007 4583 deest,
1037 4506 1155 4572 Iudam
1206 4505 1342 4589 quaerit
1387 4503 1460 4568 Iam
1482 4503 1511 4567 si
1531 4500 1655 4566 veritas
1683 4502 1879 4567 saorameuti
1906 4522 1971 4566 ιοι
1994 4513 2044 4565 est
2065 4519 2185 4580 eorpus

164 4585 360 4655 eomedisse
380 4610 497 4672 panem
510 4590 654 4667 Domini,
677 4611 778 4672 quum
798 4589 856 4655 alii
872 4591 1081 4657 eomederent
1099 4612 1156 4676 pa-
1207 4601 1241 4656 ιι
1262 4589 1406 4675 sanguis,
1429 4609 1488 4653 our
1509 4607 1571 4653 nos
1598 4587 1720 4671 ubique
1740 4587 1889 4652 falsarios
1913 4595 2017 4664 voeat,
2036 4604 2186 4669 praeser-

170 4695 259 4740 mem
286 4676 476 4742 Dominum.
526 4674 675 4758 Duplex,
703 4675 825 4759 inquit,
854 4677 1060 4742 mandueatio
1087 4678 1156 4744 illio
1207 4678 1267 4741 tim
1285 4697 1386 4760 quum
1407 4673 1504 4738 fateri
1521 4683 1657 4757 eogatur
1678 4672 1764 4737 nihil
1785 4693 1845 4738 nos
1857 4671 1896 4737 de
1915 4670 2187 4736 haosaoramenti

174 4771 324 4826 motatur.
373 4761 447 4827 Ηιι
474 4762 606 4845 quidem
632 4763 841 4846 perspiouum
871 4771 930 4828 est
981 4759 1048 4829 Sed
1069 4762 1156 4846 quod
1208 4763 1346 4827 veritate
1368 4758 1537 4825 minuere?

172 4845 301 4912 Iudam
326 4846 585 4914 substantialiter
606 4847 776 4913 Ohristum
804 4853 879 4928 [pag.
903 4852 956 4927 ⁷4]
979 4847 1157 4915 eomodisse
1293 4847 1442 4913 Tertium
1471 4853 1570 4928 eaput
1602 4844 1688 4929 quod
1714 4842 1925 4909 refutandum
1953 4841 2096 4923 susespit
2123 4840 2185 4907 hoo

162 4931 275 5013 dieit,
298 4933 398 5016 hoe²)
418 4933 581 5018 quomodo
603 4935 784 5018 Augustini
806 4933 915 5001 verbis
936 4934 1086 5001 eondliet
1108 4937 1157 5000 vi-
1206 4942 1271 4998 est:
1294 4930 1351 4998 sio
1373 4952 1433 4997 nos
1454 4933 1696 4997 eommunieare
1707 4929 1798 4997 oarni
1810 4935 1844 4993 ιι
1864 4927 2020 5012 sanguini
2043 4930 2117 5005 [pag.
2131 4931 2186 5006 77]

181 5074 388 5084 mma-⁴·—

252 5140 282 5202 1)
300 5140 418 5194 resverie
437 5127 465 5194 et
481 5139 598 5194 bavarie.
1279 5138 1308 5200 lt
1328 5138 1411 5192 serm.
1428 5136 1446 5189 2
1463 5136 1497 5191 de
1516 5139 1604 5192 verbis
1622 5136 1756 5205 Apostoli.

252 5210 283 5272 21
301 5225 347 5264 ιιι
363 5209 475 5283 deustos
491 5209 527 5264 ta
1276 5205 1307 5275 2)
1326 5207 1450 5262 l’asnarie
1468 5215 1496 5261 et
1513 5205 1683 5275 l’ignoranoe.

1926 5285 1977 5339 11·
