4724 5886
138 304 226 372 xvi
596 374 600 384 ⁴
717 294 987 363 5555555555
1009 292 1300 361 5555555155
1320 288 1540 357 umerus.

139 499 220 573 erat,
241 490 348 557 maius
368 509 468 573 quam
489 491 586 553 antea
607 506 753 569 unquam
774 485 935 551 exarserit
957 483 1145 550 incendium
1165 503 1201 550 se
1222 481 1382 549 excitasse
1404 480 1522 559 sensit,
1548 499 1609 546 neo
1631 477 1711 544 adeo
1730 477 1824 543 facile
1845 474 2124 560 restinguendum.

138 604 265 671 Eodem
285 601 375 668 enim
396 620 482 666 anno
505 601 586 663 1555
609 598 666 665 vix
688 595 729 662 ad
751 595 922 661 dimidium
939 595 1049 680 elapso
1067 615 1171 662 novus
1188 592 1309 677 prodiit
1325 614 1367 658 ex
1383 591 1500 658 1151555
1517 589 1633 658 castris
1651 588 1773 655 clamor
1789 587 1940 655 bellicus:
1961 585 2125 654 Acmon

140 715 305 781 atnam
330 709 569 779 emanare
592 707 710 791 falsam
730 707 975 773 55555555
995 706 1080 771 toea
1102 689 1239 788 asena
1261 703 1414 769 raalai·
1442 699 1776 784 5555555155
1799 698 1943 766 555155
1965 697 2124 764 55555-

138 826 300 911 55551515
319 844 382 907 pne
403 829 432 888 et
456 820 679 887 Endsoristiac
704 839 802 885 cansa
827 819 941 903 551155,
974 834 1048 883 cum
1077 816 1253 901 epigraphe
1280 836 1323 879 ex
1350 813 1510 880 5151155
1535 817 1580 897 (v.
1606 812 1669 896 ll).
1713 810 1924 878 Francofurti
1944 808 2125 876 excudebat
2152 840 2158 857 ·

140 937 259 1003 Petrus
280 933 489 1001 Brubaobius
511 933 551 998 A.
577 934 676 1009 1555,
704 929 815 996 decem
841 927 1118 1013 quaternionibus.
1169 928 1294 1010 Inque
1316 925 1424 992 libello
1446 924 1663 1009 Westphalus
1684 945 1705 990 a
1725 922 1874 1000 Calvino,
1895 943 1992 1005 quem
2014 930 2124 988 tamen

140 1068 209 1114 non
229 1045 380 1131 producit
400 1043 602 1122 nominatim,
623 1064 659 1108 se
679 1040 814 1126 indigne
836 1047 870 1105 et
887 1039 1094 1124 superciliose
1112 1046 1286 1105 tractatum
1304 1038 1460 1121 queritur,
1483 1036 1627 1103 minime
1637 1042 1748 1101 tamen
1769 1032 1963 1100 deterritum
1981 1034 2126 1099 affirmat

141 1179 205 1243 quo
226 1158 337 1223 minus
358 1155 509 1221 veritatis
530 1152 737 1237 evangelicae
758 1171 889 1218 oausam
909 1158 1042 1216 strenue
1063 1148 1229 1216 vindicare
1245 1150 1458 1215 continuaret
1501 1147 1670 1231 Scriptum
1691 1146 1799 1229 ipsum
1820 1146 1888 1211 fere
1909 1152 2014 1210 totum
2036 1144 2126 1228 pole-

141 1270 264 1336 micum
285 1274 349 1334 est:
374 1265 715 1343 sacramentariorum,
745 1271 782 1328 ut
803 1270 899 1328 antea
919 1261 985 1326 iam
1003 1261 1124 1328 factum
1142 1263 1261 1340 fuerat,
1289 1260 1376 1327 inter
1397 1282 1432 1326 55
1454 1258 1717 1325 dissentientium
1738 1257 1847 1324 varias
1874 1258 2029 1323 formulas
2050 1279 2124 1342 per-

141 1381 274 1465 stringit
280 1404 288 1460 ;
310 1378 440 1445 eosdem
461 1378 498 1442 in
519 1397 558 1442 eo
579 1382 707 1440 tantum
728 1373 914 1441 consentire
935 1370 1028 1439 docet
1047 1371 1134 1456 qued
1155 1372 1276 1437 realem
1298 1370 1442 1454 corporis
1464 1369 1590 1436 Christi
1610 1368 1829 1453 praesentiam
1851 1390 1917 1434 non
1938 1369 2124 1449 admittant,

142 1490 344 1576 argumentis
371 1510 391 1555 5
418 1488 545 1554 ratione
573 1486 698 1570 petitis,
727 1494 761 1549 et
787 1483 828 1550 ad
853 1485 943 1569 leges
969 1484 1135 1549 naturales
1161 1490 1387 1567 provocantes;
1416 1482 1514 1548 simul
1542 1490 1636 1547 autor
1664 1489 1763 1564 negat
1783 1502 1819 1547 55
1840 1499 1954 1564 paoem
1976 1479 2126 1547 turbasse

141 1624 226 1688 quae
251 1621 421 1685 nunquam
446 1598 623 1676 exstiterit,
651 1596 790 1680 denique
816 1596 920 1661 multa
946 1595 1042 1661 affert
1062 1616 1082 1660 a
1103 1617 1139 1661 re
1161 1594 1268 1661 aliena
1289 1595 1329 1660 de
1351 1594 1482 1661 Calvini
1502 1593 1673 1677 disciplina
1695 1592 1921 1672 ecclesiastica,
1943 1613 2083 1676 eumque
2105 1614 2126 1659 5

141 1717 267 1782 siucero
286 1712 351 1779 Dei
372 1710 462 1777 cultu
482 1708 652 1777 deflexisse
672 1706 845 1774 contendit

294 1823 408 1906 Neque
435 1822 500 1886 iam
526 1819 615 1886 solus
642 1820 677 1884 iu
705 1840 838 1884 arenam
860 1816 1027 1903 deseendit
1047 1817 1272 1900 Westphalus,
1301 1839 1403 1901 quum
1429 1817 1582 1900 utrinque
1609 1796 1758 1883 excitatis
1785 1823 1819 1880 et
1843 1816 1987 1882 incensis
2008 1816 2126 1883 animis

117 1914 123 1924 ’
142 1935 241 2002 151155
261 1955 390 2017 serpere
411 1933 648 2000 controversiae
669 1929 765 1994 ardor
784 1929 934 2013 coeperit
980 1928 1145 2012 Armigeri
1165 1936 1275 2011 partes
1295 1929 1420 2012 primus
1439 1929 1525 1994 inter
1541 1927 1750 1993 Lutheranos
1767 1927 1909 2010 suscepit
1924 1927 1970 1993 Io.
1989 1929 2124 1994 'liman-

142 2068 206 2113 nus
229 2042 507 2125 Amsterodamus,
528 2051 639 2126 pastor
660 2040 702 2107 ad
724 2038 759 2107 S.
782 2040 919 2106 Martini
939 2040 1145 2119 Bremeusis,
1172 2040 1258 2105 edito
1278 2039 1362 2105 libro
1384 2040 1463 2105 satis
1484 2039 1608 2124 amplo:
1637 2038 1794 2122 ‘Farrapo
1814 2040 2036 2104 5551551155555
2055 2059 2124 2106 eon·

84 2225 86 2227 .
142 2158 337 2226 senensem
356 2156 392 2221 in
411 2175 486 2220 vere
507 2159 536 2220 et
555 2151 704 2219 catlwlicu
725 2151 866 2216 doctrine
881 2151 919 2217 de
938 2149 1038 2217 05555
1054 2150 1188 2216 Domini
1204 2170 1299 2233 paam
1314 2150 1409 2231 sinna
1425 2151 1601 2218 5555551555
1617 2154 1645 2216 51
1660 2171 1722 2215 nno
1739 2149 1858 2232 spirita
1874 2150 1965 2214 15515
1982 2151 2125 2216 divinam

142 2290 242 2338 vernn
262 2267 403 2335 55515155
421 2265 626 2350 1555515555
647 2262 847 2343 confessionis
867 2261 1028 2345 amplexae
1048 2267 1130 2342 nent,
1151 2267 1265 2327 sonent
1290 2267 1317 2328 et
1339 2263 1538 2344 profiteretur,
1566 2282 1605 2326 55
1625 2261 1801 2343 apostolicis
1821 2261 1947 2343 scriptis
1962 2267 2126 2345 praeterea

143 2401 181 2448 55
209 2378 442 2446 ntbodoaornm
471 2382 536 2442 tam
567 2380 700 2440 oderam
731 2393 826 2455 qnam
856 2375 1022 2441 recentiam
1037 2374 1216 2456 perspicuis
1245 2375 1429 2440 testimoniis
1459 2379 1567 2440 555155
1597 2372 1911 2438 caementariorum
1942 2374 2126 2439 dissidentes

144 2494 226 2558 inter
246 2512 279 2557 se
299 2489 458 2571 5515151155
478 2486 642 2570 dilipenter
662 2489 689 2550 et
709 2483 788 2550 1555
806 2484 869 2566 fide
889 2485 1018 2551 5511515.
1064 2485 1267 2568 Froneofarti
1287 2485 1451 2553 eeondebot
1468 2484 1584 2551 Petras
1600 2483 1816 2550 Bnebacedins
1833 2504 1916 2551 enno
1935 2485 1981 2550 Μ.
1997 2485 2038 2549 D.
2051 2485 2125 2551 LV.

145 2623 241 2687 pagg.
263 2605 322 2665 601
346 2620 421 2666 cum
442 2596 558 2665 indice.
601 2595 668 2663 Ubi
690 2604 800 2661 tumen
821 2595 926 2660 multa
946 2596 1135 2662 inseruntur
1156 2618 1238 2682 quae
1260 2618 1329 2664 non
1349 2599 1479 2682 proprie
1501 2596 1542 2663 ad
1563 2597 1649 2663 hanc
1670 2616 1802 2662 eausam
1828 2604 1991 2679 speetant;
2021 2617 2127 2679 neque

145 2712 277 2778 omnino
303 2711 402 2777 huius
429 2708 505 2774 libri
530 2707 731 2774 mentionem
752 2706 940 2774 fecissemus
968 2709 1031 2774 uisi
1060 2718 1171 2792 postea
1190 2711 1299 2794 ipsum
1321 2711 1521 2776 Timannum
1542 2708 1662 2774 Noster
1682 2709 1718 2773 in
1744 2708 1869 2775 Ultima
1895 2729 1955 2775 sua
1981 2708 2127 2776 admoni-

145 2824 234 2890 tione
255 2821 449 2888 nominatim
470 2820 705 2904 perstrinxerit

299 2932 412 3015 Quum
443 2953 548 2999 novus
580 2930 767 3015 Westphali
798 2930 928 2998 libellus
957 2952 1069 2998 mense
1102 2929 1289 3015 Septembri
1320 2931 1362 2997 ad
1394 2931 1569 2998 Calvinum
1601 2930 1721 2998 allatus
1747 2937 1846 3011 esset,
1878 2931 1933 2999 hio
1953 2935 2067 2998 statim
2088 2931 2129 2999 de

149 3043 358 3129 responsione
384 3044 505 3109 iterum
531 3041 762 3109 conscribenda
787 3043 949 3128 cogitavit
993 3042 1152 3108 Pauciora
1180 3043 1311 3126 quidem
1336 3042 1436 3110 buius
1463 3044 1604 3110 instituti
1625 3032 1762 3128 vestigia
1783 3043 1819 3108 in
1843 3044 1996 3109 thesauro
2018 3051 2130 3110 nostro

147 3156 311 3241 epistolieo
339 3151 627 3239 deprehendimus,
657 3160 882 3219 verumtamen
906 3153 985 3219 talia
1011 3146 1054 3219 ex
1075 3153 1192 3237 quibus
1213 3155 1307 3221 facile
1329 3156 1474 3222 effeceris
1495 3176 1572 3221 eum
1587 3155 1814 3222 incunctanter
1835 3175 1917 3239 opus
1938 3176 2129 3240 aggressum

146 3289 217 3336 esse
239 3275 273 3334 et
293 3266 414 3350 raptim
435 3264 621 3331 absolvisse.
666 3263 790 3331 Scribit
817 3263 947 3347 quidem
971 3263 1011 3328 ad
1032 3265 1202 3330 Farellum
1223 3266 1252 3330 d.
1279 3272 1326 3332 10.
1349 3265 1516 3333 Octobris:
1557 3266 1756 3348 Westpdedne
1777 3267 1871 3332 etiam
1891 3265 2005 3331 libram
2025 3267 2063 3331 in
2082 3287 2131 3333 me

146 3379 349 3446 1555155155
376 3377 474 3444 edidit
499 3376 551 3443 eni
577 3377 678 3443 555515
699 3396 741 3441 55
762 3376 943 3457 rapam
965 3377 1119 3458 expediat.
1164 3376 1566 3461 115555155515155151555.ο
1592 3378 1828 3462 5115515555,
1849 3377 2008 3443 Donninns
2029 3378 2128 3445 consi-

146 3491 226 3557 linm
246 3493 394 3576 sapere.
438 3487 538 3572 (1155.
562 3488 686 3554 Genev.
715 3508 745 3570 p.
772 3490 830 3552 166
837 3511 846 3567 ;
874 3487 976 3552 Laus.
1007 3507 1039 3570 p.
1063 3491 1142 3569 358;
1169 3489 1298 3556 Hanov.
1320 3512 1352 3574 p.
1375 3495 1454 3570 400;
1481 3493 1587 3557 Amet.
1610 3512 1640 3574 p.
1667 3493 1750 3568 103.)
1800 3490 1863 3557 (lui
1884 3491 1996 3573 paucis
2018 3490 2131 3558 diebus

146 3601 327 3667 interiectis
352 3599 504 3665 Farellus
530 3598 612 3665 haec
644 3597 771 3682 (Codex
798 3597 922 3666 Gener.
949 3603 1008 3663 115
1035 3599 1089 3664 fol.
1116 3603 1184 3664 124.
1207 3608 1362 3685 autogr.):
1420 3601 1620 3684 Westpdclns
1645 3622 1707 3667 raon
1733 3602 1834 3667 solnm
1860 3601 2068 3684 5515155555
2088 3608 2133 3669 551

147 3711 324 3795 emption,
344 3731 451 3777 555555
471 3715 527 3776 tna
547 3710 752 3776 5515511555
767 3709 879 3793 polone
899 3711 1041 3776 5551555
1062 3715 1108 3776 est
1125 3711 1304 3792 1551555155
1324 3733 1419 3795 55555
1438 3714 1551 3780 misere
1571 3714 1705 3778 insanas
1725 3714 1854 3779 aberret.
1900 3713 1938 3780 Si
1958 3735 2007 3780 me
2028 3715 2132 3795 555115,

148 3822 229 3888 51151
253 3822 320 3887 5151
345 3823 426 3904 qaod
446 3823 489 3888 ad
509 3842 576 3889 rem
595 3820 673 3902 facit
692 3821 899 3887 eminentiae
919 3826 1039 3904 inopes,
1055 3842 1225 3902 personum
1245 3825 1329 3891 aines
1349 3826 1512 3905 15155155,
1536 3831 1682 3907 denam
1701 3825 1861 3918 Dominus
1882 3827 2000 3893 dederit
2018 3845 2133 3890 555555-

147 3954 219 4001 mm
239 3933 426 4016 (1515551551,
453 3935 551 4015 puniri
566 3954 636 4000 eam
657 3933 799 4000 55155155
814 3933 980 4015 probarint
1005 3933 1265 4015 poeniteant,
1285 3937 1316 4001 si
1336 3956 1452 4002 555555
1472 3937 1708 4019 5551515115555
1728 3940 1774 4004 515
1793 3937 1955 4017 inscribas,
1976 3941 2011 4000 at
2031 3937 2134 4019 napis

150 4047 183 4112 in
208 4045 314 4111 eodem
337 4044 550 4128 formidaret
576 4045 728 4111 55155155
754 4045 909 4124 doctrina,
939 4044 1017 4125 forte
1049 4065 1111 4111 non
1137 4047 1196 4112 erit
1218 4068 1338 4129 perans
1362 4047 1444 4112 utile.
1497 4047 1625 4113 Verum
1651 4048 1886 4117 dedicationem
1913 4049 2009 4132 plane
2035 4048 2134 4113 aliam

148 4155 367 4222 meditabatur
388 4154 563 4235 Calvinus,
583 4178 649 4240 qua
669 4155 879 4221 infeliciorem
901 4176 968 4221 non
989 4165 1128 4239 poterat3
1161 4163 1195 4222 et
1216 4179 1313 4242 quam
1332 4159 1462 4225 difficile
1483 4160 1570 4225 inter
1590 4161 1798 4228 scribendum
1819 4160 1880 4225 sibi
1901 4160 2137 4242 temperaverit

147 4267 335 4353 apersonis
363 4266 623 4334 adversariorum
649 4266 763 4334 durius
789 4267 969 4335 tractandis
996 4273 1030 4332 et
1056 4267 1135 4334 alibi
1162 4270 1290 4354 saepius
1317 4271 1502 4337 ostenderat
1530 4280 1565 4338 et
1588 4274 1624 4339 in
1650 4273 1712 4340 hae
1739 4272 1881 4338 maxime
1902 4272 2135 4352 controversia,

148 4399 265 4462 nempe
293 4379 334 4444 ab
361 4377 429 4444 illis
456 4385 663 4461 provocatus,
692 4379 897 4445 monstravit
940 4379 1051 4445 1111555
1072 4379 1284 4464 Bullingerus
1305 4382 1477 4449 eonsilium
1498 4386 1595 4452 amici
1617 4385 1656 4451 de
1677 4385 1779 4451 altera
1800 4382 1987 4449 defensioue
2010 4383 2137 4450 edenda

148 4496 280 4572 captum
306 4489 535 4572 comprobavit
580 4487 683 4555 (iuius
710 4489 792 4557 haec
819 4491 976 4576 leguntur
996 4489 1096 4557 verba
1120 4492 1156 4556 in
1177 4492 1314 4576 epistola
1335 4494 1365 4559 d
1389 4499 1418 4560 2.
1441 4496 1636 4563 Novembris
1657 4494 1732 4560 data
1754 4494 1904 4579 (Archiv.
1928 4495 2003 4562 eccl.
2026 4496 2134 4563 Turio.

148 4601 236 4667 Plut
258 4598 318 4664 111
352 4599 776 4667 1511175511551111
808 4602 944 4667 151312
974 4603 1132 4688 55155515
1298 4605 1496 4690 Westpbatas
1527 4609 1593 4674 iam
1622 4611 1769 4690 55551555
1798 4611 1905 4673 contra
1936 4627 1993 4674 nos
2023 4608 2137 4673 libram

148 4711 293 4796 55155511.
338 4709 480 4776 Hadetnn
505 4712 683 4777 5555555155
708 4713 790 4776 inter
814 4733 1008 4781 nanosces.
1060 4713 1195 4782 Ultnnns
1222 4718 1258 4782 in
1284 4723 1313 4783 te
1339 4721 1475 4786 marion
1501 4717 1705 4802 eapnpnondo
1732 4718 1858 4784 1555551.
1910 4717 2048 4785 Proinde
2076 4738 2138 4784 non

149 4822 289 4906 deplicet
308 4821 388 4887 mibi
408 4826 496 4887 tunm
518 4823 681 4889 consilinm
702 4829 737 4888 at
757 4823 808 4890 illi
828 4827 1015 4909 respondeus
1031 4827 1171 4908 modeste,
1192 4848 1321 4895 5555555
1341 4851 1428 4914 opas,
1447 4850 1612 4912 pesonam
1630 4831 1699 4896 eins
1714 4836 1743 4896 et
1759 4831 1983 4897 imntodestiom
2002 4830 2138 4896 leoninis

150 4937 301 4999 transeas.
347 4931 453 4999 Statni
482 4939 511 4999 51
542 4954 603 5018 epo,
635 4936 666 5002 51
691 4935 849 5003 Dominae
869 4939 966 5003 citam
986 4941 1178 5019 5555555511,
1211 4941 1255 5005 ad
1281 4948 1466 5025 erpnmenta
1491 4944 1632 5024 ipsoram
1659 4943 1928 5025 querimoniaeque
1947 4943 2138 5025 praecipuos

150 5043 330 5126 respondere
341 5093 429 5110 .....
462 5044 602 5112 Emeruit
623 5051 651 5112 et
672 5047 758 5114 51155
774 5049 905 5130 qnidam
923 5050 1128 5135 forcapium
1142 5053 1252 5134 fartor,
1268 5059 1381 5135 paster
1397 5052 1578 5122 Bremernis
1589 5057 1725 5124 loannes
1745 5055 1927 5137 Timoneas,
1948 5058 2137 5128 5515551515

151 5156 180 5219 et
199 5155 368 5234 pnedenter
392 5157 549 5240 respondit
574 5163 676 5226 555155
696 5159 749 5225 ille
776 5159 822 5226 Io.
844 5160 991 5228 515555.
1038 5161 1151 5247 Inepta
1176 5164 1302 5246 pnidnn
1322 5167 1389 5233 eidi
1414 5167 1531 5248 551515
1551 5169 1713 5253 5155555,
1741 5172 1796 5238 sed
1820 5169 1940 5237 ordiam
1960 5171 2063 5249 55155
2082 5172 2137 5240 illo
