4776 5844
278 295 339 358 103
1040 287 1258 356 SECUNDA
1274 286 1510 354 DEFENSIO
2216 292 2275 353 104

275 499 356 564 gare
376 479 458 543 mihi
486 478 688 562 propositum
715 500 781 544 non
803 486 865 546 est:
900 478 958 544 sed
979 472 1249 561 quemadmodum
1302 475 1372 540 dies
1393 476 1476 542 festi.
1491 478 1515 560 ¹)
1559 476 1605 542 Et
1626 485 1737 541 tamen
1760 475 1926 541 loachimo
1952 475 2095 541 concidit
2122 476 2275 542 christia·

275 564 426 649 pluribus
448 565 643 647 scriptorum
664 585 811 630 meorum
833 565 913 632 loeis
934 564 1004 630 eius
1025 584 1131 641 usum,
1155 560 1250 626 modo
1301 562 1442 642 nismus,
1472 561 1647 645 dissipatur
1667 563 1812 627 fraterna
1833 561 2027 639 communio,
2051 561 2197 628 schisma
2218 583 2276 628 na-

274 651 357 716 libar
380 652 424 716 sit
444 659 479 716 et
500 650 734 734 superstitione
751 672 862 734 purus,
885 646 1086 728 commando,
1108 649 1156 713 ita
1178 647 1249 733 lege
1301 648 1420 712 sarium
1448 647 1630 721 inducitur,
1658 648 1722 712 nisi
1750 670 1792 712 ex
1813 647 2006 713 kalendario
2029 647 2276 733 Hamburgensi

274 735 436 820 obstringi
462 736 677 801 conscientias
708 757 813 820 neque
839 737 888 802 fas
915 742 979 812 est,
1012 755 1118 817 neque
1150 734 1249 798 etiam
1324 741 1432 800 etatnr
1453 733 1581 798 dierum
1603 733 1796 799 observatio.
1846 732 1944 799 Certe
1969 734 2190 818 Augustinus,
2220 736 2276 818 qui

274 820 416 905 expedit
449 819 615 886 Ostendat
633 821 861 905 Wostphalus,
885 841 948 905 quo
971 831 1115 903 tempore
1137 820 1250 884 floruit
1301 754 1450 903 deplorat
1468 819 1643 884 immodica
1669 821 1792 883 rituum
1819 820 1971 903 congerie
1997 819 2152 884 ecclesiae
2179 820 2277 887 liber·

274 907 425 986 ecclesia,
452 916 486 972 et
506 907 613 991 viguit
635 928 718 989 pura
739 906 866 991 religio,
887 907 1049 991 privatam
1072 905 1248 971 absolutio-
1300 913 1402 969 tatem
1434 925 1494 969 sua
1526 912 1634 970 aetate
1667 905 1767 970 fuisse
1801 925 2005 988 oppressam,
2041 905 2128 969 idem
2165 906 2276 989 palam

274 1014 351 1058 nem
379 993 448 1058 ulla
474 993 547 1077 legs
576 994 735 1059 sancitam
759 993 869 1058 hrisse.
921 990 1016 1072 Quod
1046 992 1076 1057 si
1098 991 1249 1056 omnibus
1301 998 1441 1056 testatur
1467 991 1678 1073 paucissimos
1708 990 1778 1056 dios
1806 990 1948 1057 festosa
1976 989 2155 1055 maioribus
2174 992 2275 1058 fnisse

273 1078 468 1162 plusquam
491 1085 608 1142 notum
630 1087 689 1158 est,
707 1079 936 1144 necessitatem
953 1078 1040 1142 hanc
1062 1086 1128 1142 tote
1147 1077 1249 1142 ecels-
1300 1075 1451 1142 traditos:
1474 1084 1513 1141 ut
1529 1075 1624 1142 facile
1642 1083 1797 1159 appareat
1816 1077 1851 1140 in
1874 1078 2074 1143 correctione
2095 1077 2167 1155 ista,
2191 1099 2275 1160 quae

273 1165 341 1230 siae
363 1173 452 1229 statu
475 1163 599 1242 vitiato,
621 1165 689 1229 imo
706 1172 775 1230 tota
791 1165 911 1248 pietate
933 1184 1057 1242 eversa,
1080 1183 1101 1226 a
1122 1160 1249 1227 diabole
1300 1160 1387 1245 apud
1418 1183 1478 1227 nos
1510 1163 1653 1242 obtinet,
1691 1161 1775 1226 nihil
1807 1163 1913 1246 magis
1945 1162 2047 1227 fuisse
2080 1172 2273 1245 spectatum,

273 1251 439 1316 invectam
470 1271 555 1327 esso,
585 1251 710 1316 crimen
731 1251 767 1314 in
789 1251 859 1315 eius
882 1249 1092 1333 abrogatione
1113 1249 1248 1313 minime
1300 1268 1399 1330 quam
1421 1257 1459 1312 nt
1480 1268 1565 1331 pura
1590 1248 1648 1313 illa
1675 1256 1821 1314 vetustas
1843 1257 2066 1314 renovaretur.
2112 1246 2209 1329 Quod
2231 1249 2274 1314 ad

273 1335 464 1421 fingendum
486 1343 566 1401 erat
616 1335 713 1402 Unde
741 1336 840 1400 etiam
861 1336 1019 1418 sequitur,
1047 1356 1114 1399 non
1138 1333 1248 1399 minus
1301 1334 1461 1399 sectiones
1480 1341 1615 1417 spectat,
1634 1333 1928 1399 satisexomnibns
1947 1341 2095 1398 veterum
2108 1339 2182 1414 [pag.
2199 1341 2273 1416 134]

272 1420 391 1487 inscite
412 1420 648 1504 Westphalum
670 1441 823 1506 arguere,
853 1421 930 1505 quia
950 1421 1107 1504 privatim
1128 1440 1248 1484 nnum-
1300 1419 1494 1501 scriptorum
1535 1419 1678 1484 homiliis
1711 1427 1839 1485 constat
1871 1419 2052 1502 scripturae
2073 1418 2174 1485 libros
2207 1442 2274 1486 uno

273 1527 434 1590 quemque
463 1527 531 1571 non
559 1507 774 1586 absolvimus,
803 1505 933 1572 admitti
960 1504 1002 1570 ed
1024 1527 1158 1571 coenam
1180 1516 1246 1569 non
1298 1512 1455 1570 contextu
1477 1504 1518 1570 ad
1539 1505 1667 1589 plebem
1690 1505 1788 1571 fuisse
1810 1506 1982 1589 expositos.
2026 1505 2073 1572 Ut
2091 1505 2214 1589 aliquid
2231 1529 2273 1572 ex

273 1601 350 1658 ante
368 1592 563 1675 exploratos.
608 1591 714 1672 Quasi
737 1613 813 1658 vero
831 1591 997 1658 insolubili
1016 1613 1106 1657 nexu
1130 1591 1246 1657 cohae—
1298 1591 1480 1674 Evangelio
1507 1601 1541 1655 et
1568 1591 1751 1676 apostolicis
1772 1591 1966 1657 lectionibus
1987 1590 2191 1656 recitandum
2214 1613 2272 1657 ex-

272 1686 369 1742 reant
398 1678 484 1743 inter
510 1698 545 1741 se
574 1677 650 1742 fidei
675 1677 823 1761 probatio
853 1685 887 1742 et
912 1677 1074 1743 absolutio
1106 1678 1245 1759 privata,
1298 1687 1468 1759 carperent
1498 1676 1584 1759 quod
1616 1677 1754 1759 tempori
1783 1684 1990 1760 congrueret,
2020 1698 2091 1742 mes
2124 1677 2270 1744 inolevit

273 1785 413 1846 quarum
434 1764 523 1847 prior
540 1784 670 1847 semper
687 1764 776 1828 inter
794 1763 907 1829 fideles
925 1770 1035 1830 sancte
1058 1764 1176 1847 viguit,
1198 1761 1246 1826 al·
1297 1761 1387 1828 Hine
1409 1763 1568 1829 sectiones
1589 1763 1671 1828 istae
1692 1783 1751 1845 pro
1773 1761 2117 1847 quibnsWestphalus
2138 1782 2207 1829 non
2225 1786 2274 1830 se-

274 1856 354 1930 tera,
378 1848 464 1932 quod
483 1847 524 1914 ad
546 1849 652 1933 legem
675 1856 810 1932 spectat,
832 1847 930 1914 rebus
946 1850 1012 1913 ium
1034 1849 1177 1915 confusis
1194 1849 1245 1912 in·
1298 1849 1599 1932 eusaeproariset
1619 1849 1736 1931 focis²)
1758 1846 1906 1913 dimicat:
1928 1869 2009 1930 quas
2027 1849 2271 1932 tameninepte,

275 1944 326 1999 ter
348 1933 526 2019 degeneres
544 1934 628 2000 ritus
650 1936 801 2017 obrepsit.
847 1932 1011 2014 Quartum
1031 1935 1245 2000 accusationis
1297 1932 1451 2016 nulloque
1477 1932 1597 2000 iudicio
1620 1935 1722 1999 factas
1747 1955 1818 1999 esse
1847 1933 1943 2000 lectio
1970 1934 2125 2017 coarguit
2170 1936 2270 2000 Certe

270 2025 344 2100 [pag.
370 2026 443 2101 132]
472 2027 571 2104 caput
599 2028 664 2098 est,
692 2041 753 2084 nos
782 2017 824 2085 ad
851 2019 1009 2085 tuendam
1029 2019 1244 2086 Oarolostadii
1298 2019 1325 2082 si
1354 2020 1541 2104 fragmenta
1567 2020 1653 2085 sumi
1685 2019 1842 2102 oportuit,
1877 2039 1961 2102 quae
1987 2019 2128 2103 singulis
2155 2020 2271 2088 diebus

270 2105 516 2172 iconomachian
542 2107 687 2189 primum
714 2106 797 2190 legis
819 2114 1029 2189 praeceptum
1051 2108 1086 2170 in
1108 2105 1172 2170 duo
1195 2105 1244 2169 di·
1297 2103 1468 2170 dominicis
1488 2106 1693 2189 legerentur,
1723 2104 1822 2189 longe
1849 2104 1912 2170 alio
1940 2104 2067 2171 delectu
2095 2127 2178 2188 opus
2199 2108 2269 2173 fuit

270 2191 392 2257 videre.
436 2191 574 2258 Utinam
596 2212 677 2256 vero
698 2212 766 2255 non
787 2192 835 2256 ita
855 2212 930 2256 eum
950 2192 1161 2275 praeeipitem
1182 2191 1244 2255 im·
1298 2189 1366 2255 Nec
1387 2189 1484 2257 modo
1505 2211 1677 2274 perperam
1705 2200 1738 2257 et
1765 2190 2003 2257 inconsiderate
2025 2191 2182 2257 lectiones
2204 2192 2270 2257 dis·

271 2277 408 2361 pelleret
436 2276 648 2359 phreneticus
670 2276 759 2342 calor
786 2276 828 2342 ad
850 2275 1064 2361 retegendum
1086 2298 1182 2342 suum
1211 2288 1246 2341 et
1297 2277 1412 2342 tribuit
1429 2276 1641 2359 quisquisille
1663 2278 1725 2341 luit
1745 2286 1860 2356 sector,
1883 2276 1939 2343 sed
1961 2276 2087 2341 medias
2104 2279 2271 2345 interdum

271 2383 407 2428 suorum
429 2361 585 2440 dedecus,
618 2361 704 2445 quod
730 2362 895 2445 sepultum
925 2383 983 2445 per
1004 2383 1063 2427 nos
1085 2371 1243 2427 maneret
1296 2362 1473 2428 sententias
1496 2364 1687 2446 nesciaque
1709 2362 2012 2446 socordiaabrupit
2056 2363 2107 2428 Ne
2129 2365 2203 2447 quis
2221 2373 2271 2429 ta-

269 2448 374 2514 Recte
396 2454 430 2513 et
451 2447 566 2513 ordine
583 2446 740 2531 distingui
762 2469 783 2513 1
803 2449 896 2514 nobis
917 2448 1028 2514 decem
1049 2447 1132 2532 legis
1149 2468 1244 2531 prae·
1296 2466 1373 2512 men
1393 2456 1487 2531 putet
1496 2448 1731 2530 Westphalum
1753 2448 1794 2513 de
1811 2448 1914 2513 nihilo
1932 2448 2179 2528 excandescere,
2200 2471 2271 2516 me-

271 2545 380 2616 eepta,
415 2532 527 2599 solidis
554 2540 588 2598 et
614 2534 795 2616 perspicuis
821 2534 999 2600 rationibus
1031 2534 1243 2600 ostendimus.
1296 2534 1383 2597 nites
1404 2554 1474 2598 esse
1496 2533 1569 2599 volo
1592 2534 1738 2612 lectores,
1767 2532 1808 2598 de
1829 2534 1968 2617 postillis
1990 2556 2061 2600 esse
2083 2534 2269 2603 sollicitum.

270 2616 484 2702 Suffregstur
508 2619 607 2684 etiam
637 2625 786 2684 veterum
812 2621 978 2686 autoritas.
1027 2618 1244 2703 Westphalus
1297 2616 1386 2698 Quid
1406 2620 1494 2685 enim
1515 2619 1585 2685 sine
1603 2619 1742 2703 postillis
1759 2621 1885 2685 factura
1906 2627 1992 2685 esset
2013 2619 2099 2684 bona
2120 2642 2198 2704 pars
2216 2643 2270 2687 eo·

270 2724 345 2770 cum
367 2704 444 2782 suis,
467 2711 507 2768 ut
523 2702 714 2770 mandatum
737 2703 823 2788 quod
844 2705 885 2771 de
906 2704 1052 2771 cavenda
1061 2704 1245 2771 idololatria
1296 2725 1379 2783 rum,
1402 2704 1521 2788 quibus
1543 2726 1578 2770 se
1600 2704 1770 2772 venditat?
1822 2705 1979 2784 Luthero,
2010 2707 2066 2789 qui
2088 2706 2189 2773 rebus
2210 2708 2270 2773 ad-

271 2789 391 2855 diserte
425 2810 617 2873 expressum
651 2796 703 2855 est
740 2789 947 2871 obnubilent,
981 2790 1134 2856 ultimum
1161 2791 1244 2875 legis
1296 2789 1361 2854 huc
1388 2790 1609 2874 incompositis
1633 2813 1668 2857 se
1685 2791 1727 2855 ad
1749 2812 1875 2856 morem
1893 2792 2066 2876 vulgatum
2089 2813 2270 2860 accommo-

269 2882 482 2958 praeeeptum
503 2895 677 2960 perperam
697 2876 734 2940 in
754 2873 818 2941 duo
838 2877 985 2943 membra
1003 2875 1165 2960 discerpit.
1198 2878 1244 2942 ut
1295 2873 1400 2956 davit,
1433 2874 1541 2942 danda
1568 2877 1665 2944 venia
1691 2885 1754 2942 est:
1784 2878 1851 2942 imo
1878 2877 1964 2961 quod
1991 2877 2033 2943 ad
2059 2879 2270 2964 evangelium

270 2971 381 3027 tamen
403 2959 465 3027 hac
487 2962 655 3027 occasione
676 2960 862 3028 schismatis
878 2963 1010 3112 culpam
1030 2963 1064 3028 in
1086 2984 1146 3028 nos
1168 2964 1243 3028 reii-
1295 2961 1517 3046 spargendum
1539 2963 1601 3028 hoc
1622 2983 1703 3029 usus
1724 2970 1775 3031 est
1796 2962 2002 3046 compendio,
2031 2963 2197 3030 laudanda
2218 2973 2270 3032 cst

270 3055 343 3113 cere
364 3068 432 3112 non
455 3043 589 3112 dubitat
640 3046 738 3113 Unde
759 3048 858 3113 stiam
881 3048 929 3115 col
944 3049 1033 3132 igere
1055 3058 1243 3132 promptum
1295 3048 1365 3113 eius
1386 3046 1551 3114 industria
1571 3056 1605 3114 et
1624 3048 1789 3115 sedulitas.
1822 3047 1890 3115 Sed
1906 3058 2114 3132 praepostere
2135 3050 2270 3134 ingenio

270 3141 335 3214 est,
363 3153 445 3215 quas
472 3131 566 3197 nobis
594 3133 684 3215 pacis
712 3132 802 3216 leges
823 3134 995 3218 imponant
1020 3133 1243 3216 implaeabiles
1296 3140 1347 3198 est
1381 3133 1614 3218 Westphalus,
1647 3135 1704 3218 qui
1737 3133 1813 3200 data
1844 3156 1942 3218 opera
1978 3136 2014 3199 in
2045 3133 2159 3200 eodem
2196 3136 2269 3202 luto

270 3219 325 3285 isti
347 3218 507 3303 magistri.
552 3215 643 3299 Quin
665 3218 776 3301 potius
798 3218 918 3285 viderit
938 3221 1018 3303 ipse,
1041 3218 1095 3285 rel
1116 3221 1145 3286 si
1166 3241 1244 3286 eum
1296 3239 1424 3302 semper
1441 3219 1577 3286 haerere
1594 3220 1719 3300 volens,
1736 3220 1879 3286 Lutheri
1896 3218 2081 3286 rudimenta
2099 3226 2174 3301 [pag.
2195 3228 2270 3303 131]

269 3304 409 3372 caecitas
440 3303 591 3387 impedit,
625 3303 893 3371 animadvertant
918 3305 1071 3385 lectores,
1102 3327 1144 3370 an
1177 3327 1244 3371 nen
1295 3306 1472 3388 praetexit:
1507 3326 1545 3371 ac
1567 3306 1596 3372 si
1617 3307 1690 3390 quis
1710 3315 1834 3373 rectam
1855 3307 1945 3372 viam
1967 3307 2145 3391 ingressus,
2168 3308 2270 3374 simul

269 3390 394 3458 exitiali
407 3388 551 3457 Satanas
569 3390 706 3456 artificio
728 3390 909 3457 seeundum
930 3391 1013 3476 legis
1034 3399 1244 3476 praeceptum
1296 3404 1333 3456 ac
1361 3390 1435 3456 viee
1461 3399 1662 3458 monstrator
1686 3392 1750 3457 iter
1778 3413 1875 3458 suum
1903 3393 2057 3471 reflectit,
2089 3394 2125 3457 in
2152 3394 2270 3462 eodem

269 3477 374 3563 gradu
397 3498 455 3542 suo
467 3475 630 3542 deiectum
642 3485 676 3540 et
694 3474 840 3542 abditum
861 3477 970 3558 fuerit,
992 3499 1035 3543 ne
1056 3485 1170 3543 tentus
1192 3499 1245 3542 es-
1295 3475 1365 3541 loeo
1387 3474 1505 3560 pedem
1525 3476 1687 3543 obstinate
1707 3478 1822 3562 figens,
1845 3478 1933 3543 ultra
1953 3477 2107 3562 progredi
2128 3491 2269 3546 recuset

270 3570 319 3629 set
340 3564 374 3627 in
399 3562 518 3646 populo
541 3559 606 3627 Dei
632 3560 834 3628 idololatriae
863 3562 1035 3629 horreret
1060 3561 1242 3630 demetatio.
1294 3560 1385 3646 Ergo
1396 3561 1615 3647 Westphalus
1625 3563 1816 3629 Martinalia
1837 3585 1911 3630 cum
1928 3564 2066 3647 papistis
2088 3563 2271 3646 celebrans,

270 3646 344 3729 Quo
372 3648 498 3714 minore
526 3648 624 3714 venia
652 3646 773 3732 dignus
801 3656 852 3714 est
872 3648 1102 3733 Westphalus,
1131 3650 1188 3734 qui
1209 3651 1244 3714 in
1294 3646 1478 3732 Evangelia
1504 3657 1539 3713 ot
1558 3648 1725 3732 Epistulas
1752 3668 1794 3713 ex
1822 3648 1950 3714 solenni
1976 3650 2151 3715 missarum
2172 3673 2271 3735 prae-

270 3735 472 3800 crassissimo
495 3753 606 3799 errore
627 3740 661 3799 et
683 3752 787 3818 aeque
808 3734 907 3800 noxio
928 3757 994 3800 non
1016 3743 1146 3800 tantum
1168 3756 1244 3802 eon·
1296 3732 1456 3819 scriptol)
1483 3756 1558 3800 eum
1582 3733 1649 3800 illis
1678 3735 1842 3813 decantet,
1874 3735 1970 3800 modo
2001 3736 2095 3802 nobis
2126 3736 2271 3803 liberum

271 3820 444 3886 tumaciter
455 3818 517 3884 sibi
526 3818 705 3904 applaudit,
728 3819 786 3885 sed
809 3819 889 3886 alios
909 3841 1022 3899 omnes
1043 3821 1098 3905 qui
1118 3821 1243 3886 dissen-
1295 3819 1339 3884 sit
1360 3819 1524 3904 evangelii
1545 3819 1742 3899 doctrinam,
1771 3827 1810 3884 ut
1831 3842 1904 3886 eam
1925 3819 2018 3886 nobis
2040 3821 2178 3904 apostoli
2200 3831 2270 3887 tra

270 3905 358 3969 tiunt
379 3905 559 3989 ignominia
580 3913 684 3970 notat
1295 3902 1464 3985 diderunt,
1492 3906 1528 3971 in
1555 3928 1649 3971 usum
1676 3905 1782 3990 plebis
1802 3913 1924 3989 aptare.
1973 3906 2047 3971 Non
2069 3908 2195 3989 patitur
2216 3931 2270 3974 re-

356 3994 429 4069 [pag.
452 3995 526 4070 133]
546 3989 653 4056 Venio
675 3990 717 4057 ad
739 3992 892 4075 quintum
908 3993 1033 4058 crimen
1050 3992 1089 4057 de
1107 3993 1242 4078 abnega·
1295 3991 1477 4073 prehensos
1511 4000 1635 4072 noster,
1675 3991 1732 4058 sed
1768 3993 1893 4076 tragice
1906 3993 1935 4074 ⁴)
1970 3991 2148 4071 exclamat,
2182 3995 2269 4061 bona

269 4076 312 4141 tis
334 4074 449 4141 diebus
469 4075 571 4154 festis,
593 4077 673 4142 item
683 4077 859 4162 Evangelii
881 4086 915 4144 et
931 4078 1156 4162 Epistularum
1174 4099 1242 4144 sec·
1295 4073 1384 4141 haud
1406 4074 1502 4143 dubie
1523 4078 1705 4143 intentione
1725 4076 1846 4143 diaboli
1868 4077 1928 4144 hoc
1951 4099 1971 4142 a
1990 4078 2085 4144 nobis
2106 4079 2195 4158 fieri,
2224 4102 2269 4146 ne

269 4160 422 4238 tionibus,
437 4159 461 4246 ¹)
489 4181 572 4243 quae
599 4162 633 4227 in
662 4162 791 4247 vulgari
820 4184 881 4229 usu
908 4165 1051 4230 hrerunt
1094 4162 1264 4230 Distine.
1295 4160 1472 4245 quidboni
1495 4163 1536 4229 de
1563 4164 1733 4250 evangelio
1755 4163 1918 4247 reliquum
1945 4165 2011 4229 fiat
2060 4163 2167 4245 Quasi
2187 4188 2268 4232 vero

268 4248 390 4313 tionem
411 4246 568 4312 festorum
591 4258 755 4313 vetustam
783 4248 920 4334 perinde
947 4271 985 4316 ec
1006 4249 1120 4315 utilem
1142 4249 1242 4316 fuisse
1293 4247 1430 4330 perierit
1456 4249 1679 4334 evangelium,
1716 4250 1781 4316 nisi
1807 4250 1841 4313 in
1870 4250 1974 4315 frusta
1998 4248 2170 4316 laceretur.
2222 4253 2268 4317 Et

269 4333 357 4399 dicit
390 4329 459 4398 Sed
481 4331 580 4397 velim
602 4341 640 4397 ut
661 4334 715 4400 hie
737 4334 842 4401 bonus
864 4336 1068 4419 antiquarius
1086 4336 1242 4418 temporis
1294 4333 1466 4416 quisquam
1488 4333 1595 4402 adhuc
1624 4335 1787 4401 dubitabit
1808 4335 1975 4401 hominem
1996 4336 2031 4401 in
2054 4355 2113 4402 suo
2135 4358 2267 4405 recessu

267 4419 402 4484 initium
432 4417 528 4482 nobis
561 4416 724 4502 designet,
758 4441 822 4504 quo
855 4428 1033 4507 coeperunt
1064 4422 1139 4487 festi
1173 4420 1242 4487 diss
1294 4419 1393 4484 nimis
1420 4441 1491 4486 esse
1518 4422 1674 4502 otiosum,
1701 4422 1758 4505 qui
1784 4420 2008 4487 laborantibus
2029 4423 2199 4507 negotium
2228 4424 2268 4490 de

268 4504 420 4589 Virginis
439 4503 566 4568 Mariae
586 4512 621 4568 et
638 4505 836 4571 Sanctorum
857 4506 975 4573 honori
996 4506 1105 4572 dicari
1150 4507 1242 4572 Mar·
1294 4503 1399 4569 nihilo
1429 4506 1582 4573 facessit?
1634 4507 1706 4573 Nisi
1731 4507 1814 4572 forte
1843 4515 1979 4573 excuset
2005 4529 2040 4574 se
2069 4508 2158 4592 qued
2186 4509 2268 4575 olim

268 4600 381 4676 tyrum
404 4588 600 4656 celebratam
622 4590 722 4655 fuisse
740 4593 933 4658 memoriam
944 4601 1021 4658 ante
1032 4613 1135 4658 annos
1152 4592 1242 4658 mille
1293 4589 1439 4655 minatus
1466 4601 1517 4658 est
1544 4592 1687 4658 Catilina
1712 4613 1801 4658 nunc
1822 4600 1985 4677 satagere,
2013 4600 2052 4659 ut
2076 4593 2268 4661 incendium

270 4685 305 4742 et
332 4681 495 4742 trecentos
521 4695 589 4740 non
616 4697 669 4740 me
696 4675 789 4742 latet:
817 4698 936 4761 nempe
964 4700 1029 4763 qua
1059 4677 1173 4743 fideles
1200 4678 1242 4744 ad
1293 4675 1443 4742 incendic
1464 4679 1657 4764 restinguat.
1700 4679 1786 4743 Nam
1807 4679 1883 4762 quia
1905 4678 2051 4745 dixeram
2073 4679 2177 4746 facem
2200 4680 2269 4747 dis-

269 4762 487 4828 imitationem
522 4762 630 4845 magis
664 4768 869 4828 acuerentur.
918 4764 1016 4851 Inter
1044 4763 1125 4830 alias
1158 4784 1242 4848 qnae

270 4847 387 4914 deinde
410 4854 566 4929 sequutae
588 4855 667 4912 sunt
689 4847 897 4931 corruptelas,
925 4849 1005 4916 haec
1027 4871 1153 4934 quoque
1172 4871 1242 4917 me-

270 4935 332 4999 rito
354 4932 558 5000 numeranda
580 4940 645 5012 est,
673 4932 758 5017 quod
786 4933 957 5000 institutae
984 4944 1063 5002 sunt
1083 4936 1184 5002 feriae
1204 4955 1243 5002 ac
1362 4932 1394 5054 ὲ)
1412 4933 1494 5016 qu'or
1510 4935 1585 5017 leur
1602 4948 1619 4989 a
1637 4935 1757 4990 ordonnt
1775 4936 1892 5017 census
1909 4936 1984 4991 icere
2002 4942 2032 4990 et
2047 4935 2142 4991 111111.
2191 5005 2199 5019 ⁴
2247 5007 2254 5019 ·

1294 5074 1355 5126 aa
1372 5001 2107 5128 turbaturustutatust*
2124 5013 2271 5064 Μ*

1362 5137 1394 5208 8)
1412 5147 1527 5208 suyvam
1542 5140 1568 5194 le
1586 5140 1657 5196 beau
1674 5141 1723 5196 ioli
1739 5141 1810 5197 hain
1828 5141 1864 5196 du
1881 5140 1990 5196 Marcel

339 5205 368 5269 1)
387 5206 427 5262 les
444 5221 574 5276 passages
593 5222 705 5278 ccupat.
1363 5207 1393 5275 4)
1408 5224 1509 5265 comme
1527 5223 1564 5263 nn
1580 5208 1629 5265 iel.
