4776 5844
198 256 257 321 reo
974 254 1043 320 ιιι
1066 252 1410 340 ussermann.
1522 322 1524 327 ,
2134 264 2195 330 reo

196 443 303 513 verbis
326 465 441 511 verum
462 443 545 511 illud
563 466 689 530 eorpus,
712 444 804 510 ouius
825 442 1006 510 immolatio
1027 442 1168 525 nosDco
1220 449 1287 506 tam
1308 440 1452 525 pretioso
1469 440 1626 508 etarduo
1649 443 1792 528 pignore
1827 442 1874 511 Ut
1894 444 1975 511 haec
1992 447 2102 513 omnia
2118 468 2195 515 con-

196 530 424 596 reconciliavit.
474 532 619 617 Tantum
648 531 831 614 quaeritur,
864 527 1026 612 quomodo
1061 526 1168 613 desig·
1220 527 1343 605 cedam,
1367 535 1481 591 manet
1502 535 1613 593 tamen
1630 530 1761 616 integra
1782 529 1930 596 doctrina
1949 553 2047 615 qnam
2070 554 2196 620 oppug-

196 623 258 683 net
272 616 297 698 ¹)
341 617 467 684 Dicant
486 615 798 702 Magdeburgenses‚
821 633 954 682 manere
975 614 1011 682 iu
1034 633 1093 680 sua
1109 634 1168 678 na·
1220 623 1311 678 naut.
1367 612 1481 696 Neque
1515 617 1590 693 [pag.
1618 619 1691 694 145]
1721 616 1809 680 enim
1841 615 1935 683 nobis
1962 613 2195 687 communicari

195 701 263 766 tiva
284 701 537 785 significatione:
566 724 683 787 nempe
704 711 741 767 ιιι
769 702 909 775 adamus
936 722 1053 785 corpus
1074 698 1167 778 illud,
1220 697 1345 764 Christi
1367 719 1497 763 carnem
1520 707 1553 764 et
1573 722 1609 765 sa
1682 701 1767 766 'nem
1790 721 1832 766 ne
1855 722 1963 769 amus:
1986 712 2115 769 tantum
2139 706 2195 773 de·

195 807 258 870 qno
286 787 501 873 spiritualiter
529 797 707 873 pascuntur
743 789 872 853 animae
900 794 1046 864 nostrae,
1081 782 1168 850 idem
1219 782 1514 864 finimusmodnm,
1537 806 1637 852 neve
1668 786 1841 853 coelestiC
1884 789 1940 855 isti
1957 790 2079 875 gloriae
2100 792 2195 875 quid-

195 872 371 958 essequod
399 874 436 947 in
464 896 560 942 cruce
580 871 748 959 pependit:
778 894 844 938 non
873 881 982 939 autem
1011 881 1047 937 ut
1073 871 1169 954 panis
1219 891 1318 954 quam
1341 869 1474 954 deroget
1495 871 1635 939 carnalis
1657 873 1876 953 manducatio,
1901 876 1953 940 vel
1974 884 2112 942 naturae
2132 878 2194 944 hu·

194 958 252 1026 fiat
272 979 399 1044 corpus,
421 959 475 1025 vel
496 960 557 1026 sub
580 981 663 1044 pane
685 979 803 1045 corpus
822 957 932 1025 lateat
975 952 1065 1041 Quid
1087 977 1168 1041 opus
1219 977 1338 1021 manae
1368 957 1539 1022 veritatem
1568 964 1704 1023 evertat.
1758 958 1838 1047 Istis
1865 970 1974 1026 autem
2008 961 2194 1031 hominibus

193 1045 255 1111 fuit
274 1043 478 1129 prudentem
493 1056 527 1112 et
549 1045 708 1114 disertum
733 1045 840 1112 iacere
863 1043 1051 1123 Christum,
1075 1042 1168 1126 quasi
1219 1041 1303 1109 nihil
1328 1043 1463 1121 suffieit,
1492 1043 1633 1108 nisiore
1652 1052 1798 1124 voretur,
1829 1046 1914 1129 quod
1944 1070 2009 1112 non
2032 1048 2095 1113 nisi
2116 1049 2192 1116 fidei

195 1152 309 1211 cavere
338 1130 494 1210 voluerit,
529 1154 570 1198 ne
627 1132 678 1200 uis
706 1130 747 1198 ad
781 1152 904 1197 novum
933 1127 1023 1195 aliud
1050 1149 1167 1212 corpus
1220 1128 1342 1194 virtuto
1354 1128 1520 1214 recipitur.
1554 1127 1630 1196 Huc
1641 1129 1748 1194 tendit
1764 1130 1998 1198 miraculosum
2011 1145 2043 1199 et
2054 1133 2195 1214 arduum

196 1217 293 1297 rerba
314 1219 385 1293 eius
407 1154 625 1286 tmnshrrstl
672 1215 740 1286 Sed
766 1215 879 1284 dicunt
905 1216 1004 1302 etium
1026 1213 1168 1305 pruden·
1219 1213 1301 1280 illud
1322 1216 1429 1282 nescio
1450 1214 1537 1298 quid,
1563 1237 1606 1279 ne
1628 1215 1681 1281 vel
1704 1215 1795 1296 fidei,
1825 1217 1876 1282 vel
1899 1240 2037 1290 arcanae
2059 1220 2195 1304 spiritus

193 1311 243 1368 ter
264 1311 299 1369 et
319 1301 447 1370 erudita
468 1305 584 1388 lingua
604 1305 743 1383 curmae,
770 1326 810 1371 ne
833 1301 904 1386 quis
924 1301 1060 1369 falsator
1080 1300 1167 1365 dice·
1219 1301 1398 1385 operau'oni
1419 1299 1526 1365 locum
1548 1301 1746 1385 relinquant.

194 1398 252 1467 ret,
275 1389 409 1460 umbras
430 1398 569 1467 tantum,
589 1399 696 1474 typos,
715 1391 847 1474 figuras,
865 1387 976 1454 larvas
997 1396 1056 1452 ant
1072 1407 1167 1470 prae·
1304 1382 1416 1454 Facile
1438 1395 1549 1451 autem
1570 1388 1711 1454 concidit
1738 1396 1772 1452 et
1800 1411 1858 1474 per
1880 1411 1915 1456 se
1942 1392 2048 1456 efflent
2066 1395 2194 1479 magni·

194 1474 306 1558 stigias
330 1475 408 1558 dari.
453 1475 527 1543 Hoc
543 1486 594 1541 est
615 1498 673 1542 eur
696 1475 834 1541 dixerim
857 1496 970 1541 eornm
991 1472 1168 1539 falsitatem
1218 1471 1384 1556 loquentia
1403 1494 1500 1557 quam
1523 1473 1648 1539 decimo
1670 1484 1763 1539 serto
1782 1476 1886 1560 capito
1905 1487 2047 1561 crepant.
2081 1479 2195 1546 Evan-

194 1560 372 1643 hicpalam
394 1561 474 1627 fieri
524 1562 612 1628 Nam
633 1561 730 1628 menti
752 1560 888 1632 minime
910 1559 1078 1636 docemus,
1106 1581 1166 1624 nu·
1220 1557 1352 1645 gelistas
1374 1564 1407 1625 et
1427 1558 1591 1642 apostolos
1611 1561 1800 1644 praefentur
1811 1561 1875 1627 fide
1896 1561 2105 1647 dignissimos
2123 1588 2194 1634 ease

194 1644 250 1711 das
272 1646 326 1712 vel
354 1648 479 1724 inanes¹
498 1650 621 1732 figuras
642 1645 744 1726 uadi,
772 1647 819 1714 ita
846 1645 927 1710 nihil
957 1646 1066 1711 obstat
1087 1666 1166 1730 qno·
1218 1657 1327 1723 testes,
1347 1667 1384 1711 ac
1406 1644 1629 1711 testimonium
1651 1646 1771 1712 habere
1789 1647 1875 1731 quod
1888 1670 1928 1712 ex
1947 1650 2064 1731 spiritu
2081 1661 2195 1718 sancto
2237 1723 2245 1733 ,

192 1732 302 1798 miuus
322 1735 463 1819 figuram
486 1733 604 1801 habeat
631 1753 796 1800 annexam
822 1753 901 1797 vera
915 1732 975 1817 rei
999 1729 1164 1801 exhibitio.
1218 1731 1343 1814 loquuti
1365 1733 1447 1811 sint,
1472 1740 1505 1794 et
1527 1752 1593 1796 non
1615 1743 1733 1798 errent.
1779 1733 1866 1815 Quid
1895 1734 2028 1801 tandem
2054 1732 2098 1802 ‘cx
2125 1748 2194 1804 tam

190 1817 260 1886 Nec
288 1841 368 1904 uero
393 1819 464 1886 sine
498 1828 576 1904 typo
603 1817 659 1885 vel
688 1820 796 1903 figura
824 1827 1064 1884 sacramentum
1080 1822 1165 1894 ’[ριρ
1217 1817 1309 1901 largo
1332 1817 1426 1882 hiatu
1449 1813 1643 1901 proferunt?
1676 1819 1801 1884 Dicunt
1820 1840 1949 1884 omnes:
1971 1816 2034 1886 hoo
2056 1835 2106 1888 est
2123 1845 2194 1889 cor-

195 1910 265 1981 143]
290 1915 376 1972 essct
396 1925 497 1971 coena
519 1904 661 1971 Christii,
698 1904 900 1988 Praestigias
921 1902 987 1968 illis
1010 1901 1165 1985 relinqui·
1217 1926 1278 1987 pus
1311 1915 1431 1968 meum.
1486 1901 1725 1969 Demonstrant
1755 1927 1875 1989 panem
1908 1919 1941 1970 et
1972 1907 2121 1987 caboem,
2160 1918 2195 1976 ct

184 2011 273 2069 mus,
295 2011 377 2074 quos
400 1990 483 2056 nihil
505 1991 607 2074 pudet
631 1991 833 2073 bicorporem
855 1990 960 2055 faeere
983 1975 1163 2065 Christum,
1218 2000 1358 2070 utuntur
1381 1989 1481 2055 verbo
1500 1990 1712 2055 substantivo.
1758 1982 1861 2073 Atqui
1884 1989 1924 2056 de
1946 2013 1984 2056 eo
2004 1993 2096 2058 nulla
2117 1995 2193 2061 don-

184 2077 244 2158 qui
264 2097 384 2160 corpus
403 2076 505 2143 oculis
527 2076 741 2161 spectandum
753 2074 912 2152 exhibens
929 2072 1094 2141 invisibile
1104 2071 1166 2158 snb
1217 2075 1377 2141 troversia
1399 2085 1457 2140 est.
1495 2075 1569 2141 Hoc
1590 2074 1686 2140 modo
1709 2075 1885 2141 videndum
1908 2085 1966 2156 est,
1989 2078 2118 2161 quando
2141 2102 2193 2146 sa-

181 2181 273 2244 panc
297 2163 439 2246 siugulis
459 2162 565 2230 dabat
1142 2210 1143 2215 ι
1211 2178 1421 2229 'uramentum
1449 2160 1594 2226 instituit
1621 2165 1695 2241 [ρας.
1723 2167 1796 2242 146]
1825 2161 1991 2243 Christus,
2025 2185 2066 2229 an
2099 2168 2193 2233 nobis

274 2248 412 2316 Decimo
433 2259 549 2331 quarto
571 2249 677 2333 eapite
697 2245 776 2331 quid
798 2244 860 2312 sibi
872 2246 974 2314 velint
990 2267 1058 2312 non
1078 2265 1165 2311 asse·
1217 2246 1455 2331 interpretandi
1477 2245 1576 2313 causa
1595 2246 1703 2312 dicere
1726 2270 1791 2313 non
1819 2249 1925 2328 liceat,
1947 2271 2066 2333 penem
2085 2256 2193 2317 sacra·

182 2355 278 2416 quor.
335 2335 462 2402 Dicunt
495 2333 679 2401 naturalem
713 2331 839 2400 Christi
870 2331 1062 2419 sanguinem
1098 2353 1165 2397 non
1216 2332 1403 2399 mentaliter
1424 2353 1495 2398 esse
1523 2353 1649 2421 corpus.
1701 2327 1837 2399 Cer‘tum
1866 2334 1998 2418 quidem
2026 2344 2077 2402 est
2096 2337 2194 2406 aliter

182 2420 398 2504 spiritualem.
415 2443 486 2489 esse
508 2422 654 2487 effusum
670 2420 708 2484 in
721 2439 835 2508 ¹cruce,
856 2417 992 2507 ideoque
1008 2418 1043 2482 in
1067 2421 1166 2484 coena
1217 2442 1255 2486 ac
1281 2419 1417 2487 vdiverso
1446 2441 1545 2486 sensu
1572 2418 1743 2507 Christum
1772 2420 1835 2486 dici
1855 2419 1921 2485 Dei
1947 2421 2066 2501 filium,
2093 2444 2193 2507 quam

182 2505 271 2573 dari.
320 2505 426 2587 Quasi
453 2507 546 2574 nobis
573 2506 658 2574 alius
675 2504 720 2572 sit
742 2503 866 2572 Christi
886 2504 1037 2589 sanguis,
1066 2524 1166 2587 quam
1216 2505 1311 2588 panis
1334 2504 1452 2571 dicitur
1474 2524 1606 2588 corpus:
1636 2505 1712 2588 quia
1739 2506 1793 2570 ubi
1821 2527 1895 2571 suos
1922 2508 2079 2574 clamores
2100 2509 2192 2577 deto÷

180 2613 292 2674 quem.
319 2590 417 2657 hmno
445 2593 551 2659 factus
582 2592 767 2690 assumpsit.
817 2578 885 2657 Sed
912 2590 988 2674 quia
1020 2589 1164 2655 humano
1217 2592 1364 2668 iruerint,
1395 2610 1514 2673 panem
1542 2602 1699 2674 cogentur
1721 2591 1815 2656 fateri
1843 2591 2028 2676 symbolum
2051 2616 2123 2660 csso
2144 2596 2193 2660 rei

180 2699 278 2745 more
291 2678 657 2758 conbibitur,.modum
671 2676 999 2761 bibendierprimero
1018 2673 1165 2741 volentes
1217 2698 1315 2761 quam
1337 2678 1467 2761 figurat.
1497 2675 1625 2743 'Porro
1653 2687 1774 2760 quanto
1797 2701 1853 2743 ere
1873 2677 2023 2748 fascinati
2045 2682 2112 2747 sint
2135 2703 2193 2747 suo

179 2763 392 2847 spiritualem
410 2763 549 2830 dicim
571 2765 640 2835 eim
661 2771 786 2846 potum
819 2763 873 2828 Ita
894 2783 1023 2845 semper
1039 2760 1165 2844 loquuti
1217 2773 1410 2840 commento,
1434 2760 1673 2846 hincapparet,
1697 2784 1761 2847 quo
1807 2773 2039 2830 testamentum
2060 2768 2096 2830 in
2118 2787 2192 2832 san·

179 2859 265 2916 sunt
286 2850 334 2933 pii
356 2851 428 2916 sani
450 2872 492 2917 ue
514 2849 670 2916 doctores
714 2850 783 2915 Nec
799 2846 1014 2933 quantumvis
1033 2847 1164 2912 obmur-
1216 2850 1316 2934 guine
1344 2844 1540 2920 tantundem
1567 2847 1633 2914 illis
1662 2849 1766 2926 valet,
1797 2871 1834 2915 ao
1856 2851 1991 2935 sangnis
2020 2853 2119 2917 calice
2141 2853 2193 2919 in·

177 2946 321 3003 murent
353 2872 674 3022 Magdeburgenses,
725 2932 879 3026 mdqnam
914 2931 968 3002 hio
998 2931 1166 3019 reperient
1215 2935 1333 3002 clusus}
2158 3018 2160 3021 Ι

179 3019 334 3091 absurdi
377 3021 449 3087 Imo
470 3021 628 3089 Irenaeus
649 2957 805 3103 quidquid
826 3027 957 3104 praeter
982 3040 1100 3102 panem
1132 3028 1165 3083 et
1301 3019 1394 3086 Idem
1416 3026 1648 3103 argumentum
1666 3027 1821 3085 retexunt
1837 3019 1962 3087 decimo
1983 3023 2121 3106 septimo
2139 3046 2193 3090 ca·

176 3108 305 3175 viuum
326 3108 362 3172 in
383 3129 483 3174 coena
504 3108 609 3185 datur,
627 3104 798 3191 spirituale
814 3102 1004 3181 essetradit
1036 3103 1164 3171 Eadem
1217 3107 1293 3191 pite.
1327 3108 1452 3173 Tantos
1473 3114 1589 3171 actam
1611 3107 1763 3190 probatos
1786 3113 1885 3172 testes
1897 3107 1990 3172 nobis
2012 3118 2191 3193 opponunt

177 3214 317 3277 qunque
349 3193 474 3260 ratione
502 3192 626 3259 dictum
659 3193 701 3258 ab
727 3189 933 3275 Hieronymo
944 3190 974 3275 ²)
1002 3189 1164 3276 interpre·
1217 3192 1321 3274 Quasi
1346 3214 1425 3258 vero
1453 3191 1508 3258 vel
1537 3191 1704 3257 tantillum
1734 3213 1775 3256 ex
1803 3214 1916 3258 eorum
1945 3196 2117 3259 autoritate
2143 3193 2192 3259 di-

176 3292 247 3358 tor,
271 3276 447 3363 dupliciter
467 3277 607 3362 intelligi
634 3297 767 3344 carnem
789 3276 929 3354 Christi,
957 3275 1164 3360 spiritualem
1215 3279 1343 3345 minuat
1369 3286 1482 3343 nostra
1509 3278 1744 3359 interpretatio.
1791 3276 1827 3344 si
1850 3278 1999 3357 umbrae,
2028 3280 2191 3362 inquiunt,

172 3365 278 3432 illam
303 3386 340 3430 ac
362 3362 508 3430 divium
537 3363 577 3430 de
599 3385 664 3446 qua
686 3360 779 3432 dicit:
809 3361 895 3429 Caro
917 3383 991 3429 mea
1013 3383 1092 3445 vere
1114 3371 1164 3428 est
1216 3363 1364 3450 symbola
1381 3372 1414 3438 qt
1435 3366 1560 3448 figurae
1583 3384 1693 3427 rerum
1712 3361 1895 3430 absentium
1913 3372 2026 3430 essent
2046 3366 2194 3448 panis'et

174 3452 296 3528 nibus,
326 3459 360 3516 et
387 3471 470 3534 quae
499 3449 654 3517 crucifixa
682 3449 758 3517 suit:
790 3453 866 3529 [pag.
894 3454 966 3528 144]
995 3470 1061 3514 non
1088 3449 1164 3532 qrria
1216 3450 1340 3525 vinum,
1363 3452 1474 3514 nonne
1495 3447 1716 3532 evangelistae
1738 3448 1855 3515 saltem
1878 3472 1918 3516 cr
1942 3450 2081 3516 unoiist
2097 3451 2192 3517 fecis·

171 3536 353 3620 duplicem
374 3558 410 3602 re
432 3537 504 3620 ipsa
523 3538 636 3620 fingat,
657 3533 936 3620 sedquiapartici
979 3534 1076 3599 tionis
1087 3555 1164 3611 ,moe
1218 3542 1291 3602 sent
1315 3557 1416 3601 unum
1428 3532 1624 3619 Significat?
1648 3555 1757 3599 nonne
1779 3536 1912 3618 spiritus
1934 3547 2066 3604 sanctus
2087 3546 2195 3602 rector

171 3622 248 3689 dus
271 3642 372 3705 supra
394 3622 517 3690 coelum
541 3643 601 3687 nos
623 3620 752 3687 attollit
797 3621 912 3705 Neque
957 3619 1091 3689 issimilc
1115 3629 1166 3686 est
1218 3620 1364 3690 cordium
1386 3631 1419 3687 et
1439 3619 1629 3706 linguarum
1654 3618 1775 3686 alicubi
1804 3642 1903 3686 unam
1932 3622 2082 3687 voculam
2105 3646 2120 3688 s
2144 3645 2194 3687 m·

166 3708 274 3793 quod
302 3707 380 3775 athi
406 3709 579 3775 citavimus
606 3728 648 3772 ex
671 3709 725 3773 Au
772 3708 905 3791 stin0,³)
927 3728 1045 3790 eorpus
1067 3704 1164 3773 disci·
1218 3707 1284 3775 boli
1306 3711 1380 3787 [pag.
1405 3714 1477 3785 147]
1505 3714 1564 3772 aut
1584 3707 1710 3791 figurae
1739 3706 1977 3791 suggessisset?
2022 3647 2194 3792 Siquidem
2269 3760 2270 3763 ,

165 3793 274 3879 pulis
295 3793 333 3858 in
355 3815 455 3863 coena
476 3791 588 3860 datum
609 3814 676 3859 non
703 3794 714 3857 i
741 3792 785 3859 ud
807 3815 878 3860 esse
905 3792 989 3876 quod
1012 3793 1045 3857 in
1068 3813 1164 3859 cruos
1217 3793 1328 3860 debuit
1351 3813 1529 3877 suggerere
1549 3792 1659 3857 omnia
1684 3812 1767 3875 quae
1789 3793 1942 3858 Christus
1968 3792 2086 3860 docuit.
2125 3795 2192 3860 Re-

164 3878 353 3965 papanem
406 3879 520 3962 Quum
546 3878 660 3949 doceat
686 3878 774 3944 idem
802 3877 1078 3958 olibi‚.1udaeos,
1107 3878 1164 3948 ubi
1216 3878 1376 3963 spondeo,
1411 3879 1510 3944 nimis
1533 3899 1587 3943 eos
1610 3898 1737 3942 morose
1758 3879 1960 3961 superbeque
1987 3880 2109 3959 facore,
2136 3879 2192 3965 qui

165 3968 325 4039 suerunt
345 3966 504 4042 conversi,
525 3966 720 4051 sanguinem
739 3986 837 4048 quem
857 3964 1012 4032 fuderant
1027 3963 1165 4032 bibisse:
1216 3965 1318 4032 verba
1344 3964 1475 4049 spiritui
1500 3974 1613 4032 saneto
1640 3963 1764 4030 dictare
1793 3961 1923 4030 audent.
1974 3965 2102 4033 Passim
2125 3968 2192 4033 usi-

162 4054 241 4138 qui
264 4054 306 4117 fit
327 4060 365 4117 ut
385 4072 473 4118 nunc
492 4049 580 4117 idem
601 4072 672 4118 ease
689 4060 797 4135 neget,
819 4051 884 4117 nisi
905 4051 980 4134 quia
991 4049 1088 4115 ahter
1099 4053 1165 4134 spi·
1216 4062 1285 4118 tata
1307 4061 1357 4117 est
1383 4048 1539 4136 loquendi
1566 4050 1649 4114 ratio
1676 4050 1801 4133 quoties
1831 4047 1871 4115 de
1891 4053 2103 4118 sacramentis
2126 4055 2192 4138 agi·

161 4137 321 4205 titualis
343 4139 594 4206 communicatio
617 4136 756 4220 exprimi
778 4158 844 4202 non
906 4136 991 4202 tuit?
1093 4205 1096 4216 ,
1216 4145 1286 4215 tur,
1315 4147 1363 4205 ut,
1381 4136 1514 4220 signum
1540 4134 1679 4219 accipiat
1706 4135 1753 4199 rei
1782 4136 1809 4200 si
1858 4143 1931 4200 atae
1961 4159 2101 4203 nomen:
2130 4159 2191 4205 nec

274 4223 414 4290 Decimo
436 4223 552 4306 quinto
572 4222 788 4295 fundamento
809 4157 977 4306 colllogunt,
1005 4222 1041 4288 in
1064 4243 1165 4290 coena
1215 4221 1325 4290 minus
1347 4223 1426 4288 olim
1453 4222 1560 4287 dictus
1588 4232 1638 4286 est
1657 4219 1751 4286 Deus
1778 4220 1822 4285 ha
1844 4221 1927 4298 itare
1955 4223 2041 4288 inter
2063 4223 2190 4290 Chem-

160 4307 276 4376 haud
294 4309 393 4376 dubie
410 4298 647 4392 communicari
665 4309 834 4394 proprium
851 4308 979 4374 Christi
996 4329 1114 4394 corpus
1132 4319 1166 4377 et
1215 4309 1298 4388 bim,
1327 4317 1361 4373 et
1388 4309 1499 4374 Moses
1527 4307 1667 4373 asseruit
1688 4308 1798 4387 Deum
1825 4308 1859 4371 in
1883 4311 2068 4375 sanctuario
2096 4332 2191 4395 prae-

156 4396 394 4480 sugemem,
433 4396 510 4480 quia
552 4395 657 4461 voluit
694 4414 765 4460 rem
797 4392 959 4471 arduam,
988 4396 1163 4467 miraculo·
1215 4404 1342 4461 sentem
1371 4416 1456 4472 csse,
1490 4415 1614 4478 agnum
1641 4413 1713 4458 esse
1739 4391 1877 4475 pascha,
1908 4394 2189 4461 circumcisionem

156 4498 256 4547 sam
281 4490 316 4546 et
337 4503 455 4548 novam
476 4481 659 4558 instituere,
703 4479 787 4546 uelis
808 4481 844 4545 in
865 4479 1064 4547 mundonon
1086 4483 1163 4548 fuit:
1216 4503 1288 4548 esse
1309 4479 1432 4561 foedus,
1461 4479 1621 4546 sacrificia
1642 4500 1713 4544 esse
1735 4478 1940 4562 expiationes
1958 4502 2017 4564 pro
2034 4481 2188 4564 peccatis,

152 4561 285 4650 idque
308 4588 350 4644 ex
370 4568 536 4651 proposito
565 4575 598 4633 et
620 4501 709 4636 haud
731 4565 830 4633 dubie
851 4565 984 4632 oonsilio
1004 4568 1108 4651 patris
1130 4576 1165 4634 et
1236 4589 1314 4633 nam
1335 4568 1431 4651 panis
1453 4574 1487 4631 et
1497 4565 1582 4632 calix
1594 4573 1755 4631 vocantur
1766 4585 1841 4631 caro
1854 4575 1887 4630 et
1907 4567 2041 4650 sanguis
2053 4564 2189 4632 Christi.

157 4653 338 4750 spiritus,
369 4659 407 4718 ut
429 4652 675 4719 evidentissima
696 4663 730 4717 ot
750 4649 1012 4719 luculentissima
1039 4662 1072 4717 et
1093 4674 1163 4720 oer-
1214 4590 1257 4718 ln
1279 4654 1331 4719 his
1352 4651 1502 4718 omnibus
1524 4650 1680 4735 loquendi
1699 4651 1812 4716 formis
1833 4651 1925 4717 nulla
1942 4660 1994 4717 est
2003 4651 2058 4716 vel
2069 4650 2189 4717 obscu-

155 4739 316 4804 ὴιιιιὶιιιιι
344 4746 430 4805 esset
458 4738 629 4824 applicatio
666 4759 744 4805 suae
777 4737 961 4805 dilectionis
989 4747 1022 4803 et·
1054 4740 1164 4805 meriti
1214 4741 1309 4818 ritas,
1338 4738 1392 4805 vel
1413 4737 1584 4821 asperitas:
1614 4737 1678 4802 nisi
1707 4736 1793 4821 qnod
1817 4737 1917 4802 nimis
1941 4735 2109 4803 fastidiose
2137 4758 2190 4803 re·

1213 4833 1341 4907 spuunt
1350 4823 1653 4909 Magdeburgenses
1668 4820 1825 4907 quidquid
1843 4843 1909 4887 non
1931 4820 2051 4888 dicitur
2072 4843 2114 4888 ex
2135 4842 2190 4888 eo·

240 4972 244 4980 .
338 4980 344 4992 ,
644 4978 650 4991 ,
751 4979 757 4992 .
1214 4932 1290 4977 rum
1310 4911 1518 4994 praescripto.
1564 4907 1703 4993 Saepius
1725 4909 1765 4975 de
1786 4907 2033 4975 circumcisione
2055 4906 2188 4974 dicitur:

200 5040 213 5053 ·
250 4976 285 5056 ll
309 4977 377 5032 Μ
400 4988 438 5032 ⁰³
460 4976 600 5046 ΨΜ*
624 4983 674 5032 ”⁸³
700 4978 857 5048 ‘limem‘
879 4976 911 5046 (ss
935 4986 979 5034 w
999 4979 1110 5046 mulli
1127 4994 1163 5033 ⁰¹¹
1213 4995 1287 5064 Hoc
1309 5005 1359 5062 est
1380 4993 1494 5062 foedus
1516 5017 1637 5075 meum,
1659 5015 1757 5080 quam
1779 4994 1820 5060 de
1836 5014 1933 5077 pane:
1956 4993 2030 5059 Hoc
2050 5000 2103 5059 est
2118 5015 2189 5061 cor-

170 5045 334 5178 ”mgfljn
353 5131 412 5186 ⁰⁸9·
432 5113 501 5169 1„
518 5115 620 5185 Ephe,
1213 5103 1275 5174 pus
1296 5102 1428 5164 meum,
1460 5083 1551 5147 Dum
1577 5081 1798 5166 metonymice
1822 5079 1858 5144 in
1886 5077 2052 5146 veteribus
2081 5100 2191 5146 sacra·

256 5181 285 5250 a)
303 5182 333 5238 In
352 5184 423 5239 Ριιι
443 5182 484 5238 98.
1213 5169 1334 5235 mentis
1356 5170 1554 5261 transfertur
1574 5172 1650 5249 [pag.
1665 5170 1739 5249 rra]
1761 5163 1802 5230 ad
1824 5165 1957 5250 signum
1975 5165 2024 5231 rei
2040 5164 2190 5252 signatae
