4776 5844
328 277 370 337 87
450 314 460 320 -
679 302 681 306 ·
1091 270 1308 340 SECUNDA
1330 271 1568 343 DEFENSIO

328 461 463 527 mundis
504 460 714 538 animalibus,
755 460 879 543 requiri
917 467 958 525 ut
994 459 1123 529 findant
1163 461 1306 546 ungulas
1358 460 1438 525 dum
1465 459 1633 543 aequalem
1663 459 1825 526 admissus
1854 466 1941 524 esset
1961 458 2125 525 Christus.
2170 459 2255 524 Ex«

329 546 452 632 (Levit.
477 552 523 622 ll,
544 547 592 632 3):
627 547 703 629 quia
730 548 795 611 nisi
823 566 884 610 nos
912 545 1066 612 discretio
1087 546 1163 611 fidei
1186 548 1306 630 guber·
1358 555 1429 611 erat
1450 546 1573 612 1111111
1590 544 1737 628 patribus
1756 545 1848 622 ratio,
1872 544 1900 610 si
1922 544 2020 611 mcdc
2041 544 2211 610 audissent
2221 480 2255 610 E?

328 643 399 710 net,
434 632 538 696 stulta
562 632 715 696 facilitate
744 631 908 714 quaelibet
935 631 1125 697 deliricrum
1155 640 1307 715 portenta
1359 632 1650 710 tum1[pag.av]in
1667 628 1856 696 mediatoris
1874 652 2012 713 persona
2029 629 2126 713 loqui.
2172 630 2255 696 Etv

328 718 390 783 sub
424 717 620 782 humilitatis
640 726 815 801 praetextu
838 717 1044 783 hauriemus.
1081 718 1200 784 Restat
1228 739 1307 802 crgo
1358 716 1490 799 quidem
1513 717 1697 798 superiores
1719 725 1825 794 crant,
1848 717 1905 782 sed
1927 715 2012 799 quod
2035 714 2207 781 immundo
2230 736 2255 780 rt

328 810 366 867 ut
387 803 556 867 excutiant
578 801 731 881 lecturos,
759 823 840 885 quas
863 812 930 867 tam
954 823 1068 886 aspero
1089 803 1306 886 Westphalus
1356 821 1529 886 perperam
1551 799 1726 866 obtrudere
1747 802 1841 866 nulla
1867 801 1982 886 religio
2004 811 2084 867 erat.
2128 799 2255 867 Sinon

328 890 534 971 quaestiones
552 889 739 970 proscindit.
784 889 931 953 Mcnitcs
953 890 1082 954 interea
1102 889 1184 967 volo,
1206 910 1306 972 quam
1358 908 1393 953 sc
1423 887 1570 971 agnoscit
1596 886 1828 969 Westphalus,
1861 887 2029 970 speculum
2062 887 2178 952 saltem
2213 887 2255 952 ha

329 975 500 1056 tyrannico
522 971 691 1038 silentium
713 972 807 1038 nobis
829 975 1002 1056 imperent,
1030 975 1147 1058 quibus
1168 974 1306 1057 inquisi·
1358 972 1510 1050 lectores,
1538 974 1573 1035 in
1601 993 1665 1054 quo
1693 973 1804 1039 vivam
1825 974 1895 1037 eius
1921 973 2101 1056 imaginem
2124 973 2255 1055 conspic

329 1061 374 1124 tio
398 1058 569 1141 plusquam
595 1061 789 1136 necessaria,
812 1061 985 1125 curiositas
1013 1066 1064 1126 cst
1085 1060 1306 1144 blasphemia-
1359 1056 1536 1123 Caeterum
1558 1079 1663 1139 neque
1690 1065 1844 1140 portenta
1864 1059 2105 1142 excogitamus,
2135 1057 2214 1122 dum
2237 1080 2255 1122 r

329 1165 405 1210 rum
423 1154 540 1213 meter.
590 1143 678 1208 Nam
707 1145 793 1227 quod
820 1144 907 1209 malo
935 1146 1096 1229 principio
1123 1166 1184 1211 nos
1211 1165 1305 1211 occu-
1358 1164 1434 1208 uem
1453 1141 1664 1221 ostendimus,
1687 1163 1753 1225 qua
1769 1164 1805 1208 sc
1826 1144 2003 1227 expediant
2013 1144 2087 1227 piac
2108 1150 2255 1208 mentes:

328 1232 398 1312 pari
422 1228 509 1307 dicit,
532 1229 609 1311 quia
630 1229 756 1295 Ohristi
778 1231 888 1295 verbis
910 1250 977 1294 uon
999 1231 1180 1308 credimus,
1207 1233 1306 1296 nimis
1357 1249 1420 1377 311
1446 1228 1519 1293 ahie
1546 1229 1747 1311 imputamus
1772 1249 1855 1311 quae
1883 1229 1970 1294 domi
1998 1239 2129 1293 1111111
2150 1235 2255 1293 natat

329 1316 453 1398 stupori
475 1337 534 1378 suo
546 1314 712 1399 indulget:
735 1316 813 1397 quia
833 1337 874 1380 ex
896 1315 1081 1401 fidepctius
1102 1319 1207 1382 oritur
1225 1317 1306 1383 haec
1382 1335 1437 1379 um
1458 1315 1571 1396 pravis
1593 1315 1787 1379 commentis
1810 1316 2020 1392 occurrimus,
2044 1335 2127 1396 quae
2149 1314 2220 1379 sinc
2250 1316 2255 1378 i

328 1398 507 1484 quaerendi
539 1399 706 1466 sedulitas.
773 1399 886 1481 Quum
925 1401 1109 1468 fabulosum
1148 1403 1308 1468 ducerent
1358 1401 1407 1465 cic
1441 1396 1604 1464 sorbenda
1629 1398 1849 1482 Westphalus
1882 1400 1977 1465 nobis
2008 1401 2170 1497 propinat.
2226 1400 2255 1464 tl

329 1485 548 1568 Capernaitae
569 1484 656 1568 quod
678 1507 719 1550 ex
741 1507 796 1551 ore
819 1485 945 1552 Ohristi
967 1487 1154 1567 audierant,
1183 1489 1307 1553 scimus
1357 1490 1468 1549 minus
1490 1484 1529 1548 ad
1548 1483 1808 1566 prostituendam
1830 1485 2022 1569 religionem
2045 1504 2134 1549 viam
2155 1485 2255 1550 hoen

329 1591 389 1655 per
421 1568 600 1634 ludibrium
630 1575 704 1650 [pag.
724 1578 779 1652 91]
810 1592 943 1656 rogasse
977 1573 1137 1656 quomodo
1171 1594 1306 1640 carnem
1358 1570 1546 1647 sternimus,
1570 1567 1648 1634 dum
1671 1571 1817 1649 facimus,
1845 1580 1882 1634 ut
1903 1578 2030 1636 constet
2051 1570 2187 1635 indubia
2209 1569 2255 1635 (11

330 1676 424 1721 suam
457 1667 570 1738 posset
603 1654 681 1722 dare
714 1655 873 1722 edendam
902 1658 1031 1741 (Ioann.
1060 1663 1089 1737 6,
1117 1658 1181 1744 52).
1237 1659 1306 1724 Nec
1357 1654 1468 1721 verbis
1487 1655 1583 1732 fides,
1614 1654 1753 1720 coeleste
1775 1657 1971 1740 mysterium
1994 1657 2122 1720 reiectis
2144 1656 2255 1738 pravis

331 1761 409 1807 vero
432 1742 536 1823 magis
557 1741 778 1821 incredulitas,
801 1764 901 1826 quam
919 1764 1029 1809 crassa
1050 1744 1241 1829 imaginatio
1264 1744 1305 1809 ad
1357 1741 1441 1804 liriis
1467 1739 1628 1816 reluceat,
1661 1741 1770 1824 vigeat
1803 1741 1837 1805 in
1872 1741 1967 1806 nobis
1999 1741 2179 1824 spiritualis
2209 1740 2256 1819 Gt

313 1825 557 1909 obstreperum
590 1826 671 1891 illud
698 1850 851 1893 murmur
877 1849 932 1893 eos
961 1829 1099 1912 impulit.
1149 1830 1306 1913 Impossi-
1357 1826 1623 1902 communicatio,
1652 1846 1734 1907 quae
1755 1833 1857 1891 totam
1882 1847 1993 1892 sacrae
2016 1847 2135 1892 coenae
2157 1826 2255 1892 effice

330 1908 395 1977 bile
421 1911 566 1976 iudicant
581 1912 680 1994 qnod
709 1934 822 1977 eorum
849 1934 967 1979 sensus
994 1935 1061 1979 non
1090 1916 1186 1998 capit.
1237 1913 1306 1981 Sed
1357 1920 1391 1975 11
1411 1911 1554 1975 hactum
1576 1910 1812 1994 complectitur.

330 1994 418 2061 unde
441 1996 492 2074 id,
519 1997 584 2060 nisi
611 1998 688 2079 quia
715 2018 849 2063 caruem
871 1997 998 2064 Christi
1028 1998 1147 2064 111111
1170 2001 1305 2065 alimen·
1443 1996 1539 2061 Nono
1566 1997 1671 2079 capite
1704 1999 1898 2079 pugnaciter
1925 1996 2093 2062 contendit
2119 1996 2255 2079 Westpl

330 2089 403 2145 tum
421 2103 486 2145 non
505 2082 573 2146 fore
595 2083 695 2147 stulte
717 2085 858 2168 lingunt,
881 2085 944 2147 nisi
967 2084 1098 2168 vulgari
1120 2106 1211 2151 more
1230 2085 1306 2150 eda·
1358 2101 1492 2146 coenam
1513 2101 1566 2145 mc
1588 2083 1768 2156 exinanire,
1790 2083 1868 2164 quia
1888 2082 2073 2147 incredulos
2095 2082 2136 2148 ab
2158 2102 2203 2147 eax
2219 2085 2255 2147 in

330 2166 406 2238 tur?
436 2166 505 2231 Nos
516 2167 592 2250 quia
609 2179 798 2234 reverenter
812 2168 1042 2253 amplectimur
1052 2170 1177 2237 (lhristi
1193 2170 1305 2249 verba,
1358 2176 1392 2231 et
1413 2188 1532 2232 vacuos
1555 2166 1693 2230 dimitto.
1741 2167 1828 2231 Nam
1851 2168 1912 2232 hcc
1935 2167 2070 2233 evidens
2091 2187 2254 2250 argumen

329 2265 480 2335 certoque
502 2254 649 2335 persuasi
673 2275 795 2333 sumus,
817 2275 884 2318 non
906 2254 1089 2319 frustrandi
1109 2277 1209 2322 causa
1235 2277 1306 2322 cor·
1357 2269 1424 2316 nou
1442 2253 1603 2317 incertam
1623 2253 1845 2316 coniecturam
1863 2275 1934 2317 csse
1958 2254 2069 2317 iactat:
2093 2254 2121 2317 si
2143 2253 2255 2335 quiden

329 2359 513 2420 passuum
536 2359 653 2404 vocare
680 2360 776 2420 quem
803 2339 838 2402 in
866 2360 968 2405 coena
995 2360 1115 2422 panem
1137 2341 1306 2425 discipulis
1358 2338 1468 2403 verbis
1491 2338 1573 2401 meis
1599 2336 1724 2420 colligit
1751 2358 1818 2401 nou
1848 2339 1912 2402 nisi
1940 2337 1981 2402 dc
1996 2339 2133 2403 virtute
2161 2347 2195 2403 et
2217 2339 2255 2402 eli

373 2424 479 2506 rrigit
502 2422 636 2487 modum
659 2425 861 2505 quaerimus,
886 2426 942 2507 qui
965 2446 985 2490 a
1005 2424 1082 2490 fidei
1105 2427 1218 2511 regula
1240 2449 1306 2493 non
1358 2423 1554 2487 sacramenti
1576 2421 1674 2504 loqui,
1693 2424 1820 2504 quoties
1842 2445 1911 2487 rem
1935 2424 2029 2507 siguo
2040 2426 2248 2489 coniunctam

365 2518 501 2591 scrcpet.
546 2507 700 2574 Ourioscs
718 2529 795 2592 ergo
817 2511 1023 2592 quaestiones
1045 2510 1235 2576 insectando
1254 2515 1306 2576 ni·
1358 2528 1476 2572 assero.
1521 2506 1748 2573 Oonfirmandi
1769 2509 1869 2572 ctiam
1891 2528 1990 2574 causa
2013 2513 2153 2588 [11198]
2175 2508 2255 2574 adiu

330 2591 378 2655 hil
405 2593 447 2656 ad
481 2612 540 2657 nos
574 2593 766 2676 gravandus,
785 2596 935 2678 proficiet
960 2595 1191 2679 Westphalus,
1226 2619 1306 2680 quos
1358 2590 1555 2670 1111101111,
1578 2594 1901 2674 (1111111801111111
1924 2595 2255 2661 offeratDominues

330 2679 506 2742 manifesta
538 2681 714 2743 necessitas
747 2681 848 2764 cogit,
883 2680 988 2763 qualis
1028 2682 1071 2746 sit
1103 2683 1198 2747 nobis
1231 2704 1305 2748 cum
1359 2678 1509 2765 gratiam,
1531 2699 1551 2743 a
1572 2677 1649 2743 solis
1666 2677 1818 2744 fidelibus
1840 2681 1950 2762 recipi.
1981 2680 2170 2745 vNeminem
2193 2682 2242 2744 ita

331 2761 457 2827 Christi
485 2783 583 2827 carne
611 2773 645 2828 et
671 2766 831 2848 sanguine
858 2767 1063 2848 participatio
1086 2767 1226 2833 dilucide
1248 2789 1306 2832 ex·
1359 2772 1431 2827 tum
1453 2783 1524 2828 esse
1546 2762 1698 2842 arbitror,
1721 2764 1960 2830 111-11111111
1983 2773 2128 2830 mentem
2150 2767 2255 2831 venial

330 2867 465 2930 ponere,
504 2849 567 2912 uisi
604 2849 699 2913 bruto
729 2858 840 2916 nostro
873 2859 1005 2934 stupore
1033 2858 1140 2917 terrae
1167 2853 1306 2919 miscere
1359 2848 1493 2932 geuicsa
1513 2848 1703 2931 Westphali
1730 2850 1945 2915 ratiocinatio.
1995 2850 2040 2914 111
2068 2851 2142 2933 quis
2172 2851 2255 2915 divir

330 2933 456 2997 coelum
485 2932 634 2998 velimus.
680 2934 766 2998 Nam
793 2935 878 3018 quod
906 2938 1049 3002 Arianos
1077 2945 1238 3003 memorat
1269 2940 1306 3003 in
1359 2934 1485 3017 gratiae
1507 2935 1675 2998 nomiuca
1696 2956 1749 2999 me
1771 2934 1895 2999 aboleri
1916 2937 2061 3018 primum
2082 2936 2190 3002 omnis
2210 2957 2255 3020 gn

330 3017 528 3083 horrendam
550 3019 786 3102 blasphemiam
808 3021 984 3104 prolapsos,
1007 3022 1085 3104 quia
1105 3024 1306 3089 ineffabilem
1359 3026 1457 3101 caput
1478 3029 1512 3083 et
1533 3019 1680 3084 fontem?
1724 3021 1798 3103 Ego
1820 3021 1923 3099 enim,
1952 3020 2008 3086 ubi
2031 3020 2071 3085 de
2093 3022 2251 3104 gratuitis

329 3103 389 3167 filii
409 3105 473 3168 Dei
495 3106 740 3188 generationem
764 3127 805 3170 ex
825 3106 1033 3190 philosophia
1049 3108 1304 3192 investigabant,
1359 3104 1524 3169 beneficiis
1550 3106 1673 3188 agitur,
1704 3126 1833 3189 semper
1861 3105 1950 3171 soleo
1976 3105 2152 3171 aOhristo
2177 3108 2255 3190 inciq

330 3187 408 3272 quid
431 3190 564 3255 obscero
586 3190 714 3254 simile?
759 3191 845 3256 Nam
867 3214 970 3275 quum
991 3201 1160 3259 aeternam
1173 3194 1307 3261 Christo
1358 3196 1393 3255 ct
1414 3190 1544 3270 meritc,
1572 3192 1649 3273 quia
1676 3191 1778 3257 donoc
1807 3199 1918 3256 noster
1940 3194 2015 3268 fiet,
2045 3192 2161 3275 gratiis
2183 3214 2255 3257 cmx

329 3276 504 3339 essentiam
527 3297 567 3339 ex
591 3276 735 3357 professo
757 3276 928 3343 detrahere
950 3285 1110 3343 statutum
1131 3287 1226 3359 esset,
1249 3302 1307 3345 11
1358 3276 1482 3356 privari
1508 3296 1569 3359 nos
1596 3296 1634 3341 ac
1662 3274 1798 3342 destitui
1824 3297 1958 3342 necesse
1985 3283 2051 3356 est,
2081 3298 2221 3359 quarum
2244 3279 2255 3341 i

300 3359 1307 3447 ,-1111111111111111111111111111111111111111111111111
1359 3359 1594 3443 plenitudinem
1616 3363 1771 3427 continet.
1822 3361 1932 3442 Quam
1961 3383 2028 3427 non
2054 3364 2186 3446 cupiam
2208 3386 2255 3446 sc]

242 3452 243 3455 ’
330 3447 528 3512 contrariam
548 3457 674 3528 partem
693 3449 808 3513 facere.
839 3448 906 3515 Nos
926 3453 1072 3528 [peges]
1092 3450 1214 3534 absque
1240 3452 1309 3516 nlla
1359 3447 1423 3511 tice
1444 3446 1550 3524 elabi,
1581 3467 1622 3511 cx
1650 3446 1719 3512 loco
1747 3450 1805 3512 fiat
1826 3447 1992 3512 iudicium.
2039 3448 2251 3514 Generaliter

330 3532 459 3609 astutia,
484 3533 605 3613 absque
627 3533 710 3610 fuco,
734 3533 780 3598 sic
802 3535 943 3598 fatemur
960 3532 1130 3599 Ohristum
1149 3538 1185 3600 in
1207 3558 1309 3602 coena
1360 3531 1439 3609 dixi,
1462 3551 1674 3615 quaecunque
1696 3533 1842 3616 gratuita
1860 3532 1945 3597 dona
1967 3534 2060 3598 nobis
2082 3534 2255 3599 offertDev

330 3627 497 3698 praestare
520 3616 607 3699 quod
628 3619 757 3701 figurat,
785 3627 823 3682 ut
850 3619 919 3684 eius
947 3619 1049 3683 verba
1071 3625 1307 3704 metonymiam
1359 3625 1528 3682 aeternam
1552 3618 1701 3694 salutem,
1722 3639 1788 3682 nou
1813 3618 1877 3682 nisi
1899 3619 1963 3682 tide
1987 3620 2095 3702 recipi.
2139 3617 2240 3686 Unde

331 3703 535 3780 contineant,
558 3704 665 3785 qualis
686 3705 719 3767 in
743 3704 895 3768 omnibus
923 3704 1104 3787 scripturae
1128 3706 1208 3771 locis
1231 3729 1307 3790 pas·
1359 3703 1478 3780 ficitur,
1501 3703 1586 3767 eolus
1607 3702 1721 3767 fideles
1743 3701 1870 3769 (lhristi
1892 3712 1925 3769 et
1945 3704 2166 3787 spiritualium
2188 3705 2255 3771 eius

295 3869 298 3874 ¹
332 3787 554 3862 simoccurrit,
578 3788 1133 3854 111111111111111111111111111.
1157 3792 1308 3859 Dicimus
1360 3809 1478 3852 norum
1507 3810 1578 3852 1111
1605 3789 1790 3870 participes.
1847 3788 2064 3872 Westphalus
2098 3810 2158 3872 pro
2192 3791 2255 3855 evil

333 3873 687 3949 sacramentalemeese
699 3872 852 3956 loquendi
866 3873 1014 3951 formam,
1034 3876 1089 3940 ubi
1103 3877 1150 3940 rei
1159 3877 1308 3960 signatae
1360 3880 1554 3957 argumento
1588 3874 1684 3938 affert
1710 3872 1796 3956 quod
1830 3895 1927 3939 nemo
1956 3896 1997 3939 cx
2033 3876 2140 3940 verbis
2173 3877 2255 3941 meis

334 3976 452 4019 nornen
466 3957 648 4041 ad'signum
660 3960 866 4024 transfertur.
888 3957 927 4023 Id
941 3959 1076 4041 planum
1089 3961 1227 4027 facimus
1240 3983 1308 4027 non
1360 3960 1519 4043 suspicari
1545 3967 1683 4041 poterat.
1723 3960 1824 4038 ¹Tam
1852 3961 1932 4026 scite
1967 3981 2104 4025 exorsus
2137 3961 2255 4026 calum]

334 4061 400 4105 uuo
423 4041 476 4105 vel
490 4042 592 4106 altero
605 4044 803 4123 testimonio,
829 4044 885 4109 sed
898 4067 939 4110 ox
958 4047 1308 4129 perpetuascripturae
1360 4043 1543 4109 doctrinam
1570 4065 1678 4109 meam
1705 4045 1880 4127 pervertit,
1909 4046 1937 4110 si
1966 4047 2088 4129 impius
2117 4045 2159 4110 ad
2187 4066 2255 4111 mer

334 4123 483 4191 doctrina
504 4128 687 4192 evincimus
708 4150 768 4211 pro
780 4129 911 4214 vulgari
933 4131 1097 4196 axiomata
1119 4131 1308 4196 habendum
1360 4128 1501 4207 accedat,
1520 4130 1585 4192 iam
1608 4129 1749 4212 amplius
1772 4131 1928 4195 11111111]
1946 4151 2014 4195 111
2035 4152 2107 4196 esse
2127 4132 2255 4195 conium

333 4230 405 4276 esse
426 4211 633 4277 mediocriter
659 4214 695 4277 in
725 4216 886 4298 scriptura
914 4216 1110 4281 exercitatis.
1161 4215 1308 4297 Quodsi
1360 4214 1477 4298 signis:
1508 4213 1596 4296 quod
1622 4236 1785 4298 nusquam
1812 4215 1900 4297 apud
1927 4237 1981 4280 me
2009 4217 2200 4298 reperietur.
2251 4217 2255 4280 3

333 4297 415 4361 mihi
439 4296 590 4361 haereses
613 4319 803 4365 coacervare
825 4301 933 4379 libeat,
962 4321 1043 4384 quas
1064 4303 1193 4367 invexit
1214 4322 1309 4384 prae-
1360 4298 1446 4383 quod
1467 4300 1661 4378 sciscitatur,
1685 4302 1743 4367 ubi
1764 4301 1831 4366 iam
1853 4300 1999 4366 manebit
2021 4301 2160 4368 verbum
2190 4300 2255 4366 Dor

289 4447 292 4451 ,
333 4402 409 4465 ceps
437 4381 610 4461 socordia,
624 4405 722 4466 quam
751 4385 829 4450 fidoi
857 4385 1062 4452 directricem
1089 4386 1309 4472 Westphalus
1359 4392 1602 4451 sacramentum
1630 4383 1717 4451 idem
1746 4388 1948 4452 constituens
1976 4385 2129 4452 omuibus
2151 4388 2255 4452 sivel

333 4470 489 4619 praeficit,
523 4476 645 4549 quanto
678 4470 808 4534 uberior
840 4480 993 4554 suppetet
1025 4471 1156 4538 dicendi
1188 4472 1307 4556 sylva?
1360 4471 1435 4535 sive
1451 4470 1557 4547 malis,
1580 4473 1617 4534 in
1638 4471 1753 4537 eadem
1771 4481 1859 4537 certe
1881 4477 1954 4551 [pag.
1974 4477 2028 4552 99]
2049 4472 2107 4536 illa
2123 4473 2247 4556 pagina

360 4553 400 4618 ed
423 4574 465 4618 ne
487 4553 618 4638 lougius
639 4554 763 4632 abeam,
787 4557 978 4622 1111111111
1002 4558 1072 4624 eius
1084 4565 1183 4641 caput
1205 4566 1308 4623 11111-
1359 4556 1435 4621 latis
1453 4554 1640 4634 videndum,
1663 4557 1729 4622 imo
1748 4558 1853 4622 caecis
1870 4556 2072 4640 palpandum
2083 4559 2230 4641 exposui.

331 4659 422 4722 queo,
446 4640 604 4722 aquibus
626 4638 739 4704 ecdem
760 4661 872 4706 erroro
892 4663 956 4724 quo
969 4643 1094 4709 Ohristi
1115 4665 1233 4726 corpus
1249 4664 1310 4726 per
1358 4642 1393 4706 in
1408 4641 1582 4706 Oonsensu
1596 4640 1718 4707 diserta
1728 4644 1877 4726 exceptio
1898 4643 2005 4725 posita
2026 4644 2142 4721 fixerat,
2165 4643 2255 4708 homi

332 4723 1308 4805 111111111111111111111111111111111111
1358 4726 1588 4793 incredulitate
1614 4748 1680 4792 non
1708 4726 1897 4793 labefactari
1917 4729 1982 4794 Dei
2008 4727 2123 4808 fidem,
2149 4728 2229 4811 quin
2254 4783 2255 4787 ,

332 4809 406 4874 dem
430 4812 590 4876 maiestas.
646 4809 717 4876 (111
744 4811 831 4874 enim
859 4811 925 4876 illis
947 4814 1009 4878 fuit
1031 4815 1186 4880 Ohristns
1214 4823 1309 4898 patre
1360 4813 1515 4894 pervim
1549 4833 1645 4878 suam
1677 4813 1845 4879 retineant
1877 4821 2096 4892 sacramenta,
2130 4814 2255 4898 ideoquv

332 4897 455 4972 minor,
487 4896 552 4960 nisi
582 4897 658 4980 quia
679 4894 847 4961 fastidiose
869 4898 990 4963 reiecta
1009 4899 1309 4965 111ἀὶ1111111-
1361 4897 1426 4962 Dei
1450 4906 1545 4981 parte
1574 4897 1659 4962 nihil
1687 4899 1825 4964 mutari:
1859 4899 1918 4964 sed
1940 4907 2098 4982 quantum
2123 4897 2166 4963 ad
2187 4899 2255 4964 hou

332 4987 427 5045 turae
450 4980 490 5045 ab
518 4982 664 5047 humana
691 4979 877 5047 (1111111111
901 5017 902 5020 =
927 4983 1039 5050 Verbo
1068 4985 1157 5049 enim
1176 4984 1235 5064 ¹illc
1256 5005 1309 5049 ar-
1361 4993 1493 5066 spectat,
1517 5003 1854 5069 unumquemquepro
1876 4984 1951 5050 fidei
1974 5005 2054 5051 suaa
2076 5004 2233 5050 mensura

332 5067 421 5139 mati,
443 5075 539 5148 pater
556 5070 659 5132 maior
676 5087 729 5131 mc
748 5074 800 5132 est
820 5065 948 5151 (ioann.
967 5068 1093 5153 1118),
1115 5070 1309 5155 sacrilegam
1360 5090 1448 5152 pere.
1491 5068 1565 5153 Ego
1586 5088 1665 5133 vero
1687 5089 1784 5152 quam
1807 5070 1947 5136 sollicite
1968 5090 2173 5149 caveamus
2195 5070 2255 5136 Dei

334 5168 463 5216 summo
487 5154 558 5218 Deo
579 5155 734 5219 iniuriam
758 5154 830 5217 lieri
852 5154 1105 5235 quiritabantur,
1128 5157 1157 5220 si
1178 5157 1214 5219 in
1236 5176 1310 5240 gra-
1361 5155 1443 5220 ritas
1469 5154 1510 5220 ab
1539 5153 1726 5219 hominibus
1755 5155 1898 5238 pendere
1926 5154 2095 5235 credatur,
2128 5175 2171 5221 cx
2198 5154 2255 5222 111
