4620 5828
223 230 288 297 tes
921 229 985 296 Du
1008 227 1139 299 VERA
1158 225 1554 297 PsRmttIPfflortu
2169 232 2232 294 484

227 413 340 487 autem
362 440 492 504 quaero,
513 439 630 485 reosne
647 418 749 486 oblati
759 419 903 502 eorporis
914 435 956 484 an
967 410 1088 504 recepti
1097 419 1205 503 faciat
1258 418 1356 484 strari
1387 413 1448 502 per
1482 417 1666 496 hominem,
1692 416 1750 482 sed
1783 415 1954 482 divinitus:
1986 416 2021 481 ih
2049 424 2147 494 terra,
2174 418 2231 483 scd

228 507 327 573 Certe
356 505 396 572 do
421 507 606 590 receptione
631 504 724 570 nulla
750 514 801 571 eet
827 504 962 590 syllaba.
1006 505 1128 570 Fateor
1151 525 1205 570 eos
1256 504 1408 585 coelitus3
1430 503 1514 569 alter
1534 521 1613 570 vero
1634 503 1681 569 sic
1703 502 1906 569 adverbum:
1928 502 2026 569 Nune
2036 504 2094 569 ille
2104 512 2230 586 praesto

226 592 316 677 signi
327 592 577 675 participatione
588 593 717 657 afficere
729 591 925 656 contumelia
936 590 1061 657 Christi
1072 611 1205 674 corpus:
1258 598 1308 656 est
1337 590 1505 667 Christus,
1543 591 1598 673 qui
1635 589 1728 654 illam
1760 590 1892 670 ornavit
1921 609 2069 653 mensam
2102 589 2136 654 in
2169 610 2232 673 qua

228 678 313 762 quia*
333 676 573 743 inaestimabile
598 677 680 742 illud
707 676 829 741 bonum
856 676 942 759 quod
967 677 1030 743 sihi
1043 692 1044 695 ’
1058 672 1205 757 offertur,
1257 677 1399 755 sedebat,
1429 677 1501 758 ipse
1533 695 1659 758 quoque
1686 675 1785 739 istam
1813 686 1989 740 consecrat.
2040 674 2116 740 Non
2143 675 2233 740 enim

226 771 397 847 respuunt
426 762 480 827 Ita
501 762 639 828 solvitur
659 762 740 828 haec
763 762 921 828 Hcshusii
942 761 1094 829 obiectio:
1116 763 1205 829 Pau·
1257 761 1355 826 homo
1380 770 1431 827 est
1457 759 1513 845 qui
1526 762 1552 845 ¹)
1580 761 1745 843 proposita
1770 760 1811 825 de
1829 761 2070 826 consecratione
2100 782 2233 827 mensae

226 848 297 914 lum
319 869 385 913 non
408 848 447 913 de
469 849 614 933 generali
639 858 733 913 reatu
757 847 924 926 disserere,
946 868 1011 931 quo
1039 848 1206 914 constricti
1256 848 1392 913 Domini
1413 867 1531 930 corpus
1554 846 1680 913 Christi
1700 846 1779 912 lacit
1798 854 1841 915 et,
1855 866 1911 911 san
1962 847 2062 911 inem:
2093 845 2152 912 sed
2179 848 2233 913 ille

227 942 306 1000 sunt
327 955 439 1000 omncs
460 934 563 1017 impii,
585 933 643 999 sed
657 932 782 1011 docere,
803 933 876 1017 ipsa
886 933 1071 1017 sumptione
1092 955 1205 1017 corpo·
1257 935 1312 1017 qui
1333 933 1509 999 curcifixus
1531 939 1582 998 cst
1602 953 1660 1015 pro
1682 931 1785 1007 nobis,
1808 939 1866 996 eto.
1943 952 2004 997 uae
2022 939 2135 1016 postea
2157 934 2232 998 sub-

227 1019 275 1085 ris
302 1020 419 1102 impios
439 1035 611 1085 'accersere
638 1018 701 1084 sibi
727 1021 860 1103 gravius
886 1019 1052 1086 iudicium.
1101 1020 1205 1085 Recte
1256 1019 1333 1098 licit,
1356 1018 1440 1084 nihil
1459 1018 1503 1083 ad
1526 1039 1586 1084 me.
1616 1018 1809 1084 Fausticam
1831 1038 1901 1084 esso
1923 1017 2003 1082 dicit
2023 1028 2056 1082 et
2077 1018 2233 1101 sophisti-

228 1106 318 1171 'enim
340 1107 501 1185 convenit,
523 1104 774 1170 contumeliosos
791 1127 862 1171 esse
880 1107 1058 1171 incarnem
1070 1104 1204 1183 Christi,
1257 1125 1329 1170 cam
1349 1104 1577 1187 corruptelam,
1600 1102 1752 1188 indignos
1779 1104 1925 1186 accipere
1951 1124 2010 1186 pro
2037 1105 2179 1169 infirmis
2192 1114 2233 1170 at

251 1193 286 1256 ui
312 1191 468 1257 scelerato
495 1190 624 1256 fastidio
654 1197 688 1255 et
717 1199 907 1274 contemptu
937 1211 1010 1256 eam
1043 1190 1204 1268 rciieiunt,
1257 1192 1377 1274 exigua
1400 1189 1464 1255 fide
1487 1188 1654 1272 praeditis,
1676 1211 1740 1254 non
1769 1199 1878 1254 autem
1904 1210 2039 1272 prorsus
2067 1189 2186 1255 olienis
2213 1213 2233 1256 a

229 1213 308 1341 dum
340 1278 375 1340 in
409 1277 516 1342 cibum
547 1278 748 1359 proponitur.
803 1276 975 1342 Christum
1014 1278 1104 1342 enim
1136 1284 1204 1341 tam
1256 1275 1398 1342 Christo.
1421 1275 1582 1353 Inveniet,
1605 1291 1708 1357 spero,
1731 1274 2023 1360 quirespondcant.
2046 1276 2104 1341 Mo
2121 1284 2232 1341 tamon

226 1361 477 1447 repmbisquam
488 1361 638 1428 fidelibus
649 1383 765 1444 corpus
776 1384 873 1427 suum
884 1363 920 1427 in
931 1383 1030 1428 coena
1040 1363 1206 1447 porrigere
1257 1361 1310 1427 hic
1331 1369 1435 1426 tortor
1456 1361 1497 1427 ad
1519 1382 1636 1427 causae
1657 1360 1783 1427 alienae
1807 1361 2024 1443 patrocinium
2052 1361 2166 1439 trahit,
2196 1372 2233 1428 ut

228 1449 276 1513 sio
303 1449 509 1527 asserimus,
527 1456 566 1512 ut
592 1448 775 1531 quicunque
801 1458 1042 1515 sacramentum
1067 1448 1205 1532 indigna
1256 1447 1418 1531 sacrilegii
1446 1456 1480 1512 ct
1505 1446 1735 1513 immanissimi
1758 1445 1935 1529 ¹parricidii·
1955 1446 2094 1512 crimine
2120 1455 2233 1514 oneret

229 1534 414 1616 sumptione
440 1534 623 1616 profanant,
653 1533 737 1598 nihil
769 1543 883 1599 tamen
909 1541 1039 1599 mutent
1064 1557 1106 1600 ex
1134 1535 1207 1599 eius
1256 1533 1318 1616 (sio
1348 1534 1437 1598 enim
1469 1533 1625 1616 loquitur)
1665 1533 1741 1616 quia
1778 1552 1852 1597 mea
1891 1531 2038 1598 doctrina
2070 1543 2232 1599 necantur

228 1629 356 1696 nutura,
377 1618 633 1702 necquidquam
656 1619 812 1703 derogent
825 1620 1049 1702 promissionis
1058 1620 1202 1686 effectui:
1255 1618 1400 1701 trepidae
1422 1618 1645 1692 conscientiae.
1668 1625 1702 1682 ct
1719 1617 2029 1701 addesperationem
2044 1618 2230 1702 adiguntur.

228 1703 286 1770 sed
314 1705 464 1787 quamvis
489 1704 540 1769 sui
574 1704 689 1770 similis
716 1712 847 1771 mancat
868 1705 1031 1784 Christus,
1055 1710 1129 1787 [pag.
1149 1709 1203 1783 37]
1255 1704 1445 1789 Interrogat
1465 1706 1562 1770 etiam
1585 1703 1796 1781 Calvinistas,
1824 1725 1890 1786 qua
1916 1702 1980 1768 fide
2007 1706 2166 1770 accedant
2191 1705 2232 1771 ad

229 1797 265 1854 ct
291 1811 393 1855 verax
425 1790 460 1855 in
494 1791 562 1855 suis
590 1790 771 1873 promissis,
805 1813 871 1857 uon
903 1799 1015 1856 tamen
1046 1791 1203 1874 sequitur,
1255 1795 1398 1868 coenam,
1419 1811 1549 1874 magna,
1569 1802 1611 1854 dn
1633 1789 1778 1872 exigua?
1822 1789 2003 1871 Responsio
2022 1791 2058 1855 in
2076 1799 2232 1874 promptu

229 1874 315 1958 quod
339 1875 444 1952 datur,
469 1889 582 1940 ornnes
608 1877 790 1958 promiscue
816 1876 974 1961 accipere·
1015 1877 1206 1960 Amplificat
1256 1884 1315 1955 est,
1337 1897 1435 1959 quam
1457 1874 1643 1959 suppeditat
1659 1873 1838 1953 Institutio,
1861 1874 1918 1939 ubi
1931 1875 2052 1940 diserte
2070 1876 2232 1941 refellitur

228 1961 429 2027 Hcshusius:
461 1962 539 2045 quia
573 1982 639 2026 non
674 1962 827 2044 loquatur
858 1963 983 2028 Paulus
1011 1962 1053 2028 de
1085 1964 1205 2046 exigua
1255 1982 1370 2026 eorum
1392 1983 1483 2026 error
1504 1962 1560 2044 qui
1577 1960 1808 2044 perlectionem
1825 1961 1961 2044 exigunt
1974 1983 2058 2044 quac
2068 1983 2232 2045 nusquam

228 2047 333 2133 culpa.
384 2047 453 2112 Neo
487 2053 575 2112 certe
607 2047 680 2111 lere
717 2047 871 2112 delictum
901 2055 1008 2134 'notat
1028 2048 1203 2132 apostolus,
1255 2048 1452 2130 reperiatur:
1474 2069 1538 2130 qua
1558 2047 1732 2113 severitate
1754 2056 1867 2112 arcent
1891 2067 1958 2111 non
1980 2048 2132 2113 infirmos
2160 2058 2232 2113 tan·

148 2160 152 2169 ·
229 2133 285 2215 qui
307 2132 384 2197 dielt
406 2132 532 2217 impios,
561 2133 709 2198 etiamsi
730 2131 772 2196 ad
794 2153 928 2199 coenam
950 2155 1017 2199 nou
1039 2132 1203 2212 accedant,
1255 2139 1336 2211 turn,
1358 2133 1416 2198 sed
1437 2132 1688 2217 perfectissimos
1705 2131 1806 2196 etism
1822 2152 1965 2215 quosque
1976 2133 2091 2198 abusu
2102 2155 2230 2200 coenae.

226 2239 342 2284 rursus
362 2218 398 2283 in
420 2240 455 2283 se
477 2218 556 2301 ipsis
578 2219 767 2302 crucifigere
788 2220 893 2284 lilium
913 2220 988 2299 Dei,
1010 2228 1044 2287 et
1065 2218 1204 2285 ludibrio
1256 2217 1346 2300 Quin
1374 2220 1471 2284 ctiam
1497 2219 1589 2302 pueri
1619 2216 1706 2300 upnd
1738 2238 1797 2282 nos
1827 2238 1869 2282 ex
1901 2219 2066 2283 communi
2091 2220 2233 2285 formula

228 2303 359 2383 habere,
389 2303 590 2386 pedibusque
617 2304 743 2370 calcare
765 2326 895 2371 sucrum
916 2305 986 2371 eius
1009 2306 1203 2388 sanguinem
1255 2314 1338 2387 quae
1358 2303 1446 2388 plebi
1467 2305 1622 2370 recitatur
1643 2304 1742 2386 probo
1763 2304 1915 2369 instructi
1936 2312 2015 2369 suut
2035 2304 2080 2369 ad
2100 2305 2232 2387 putidae

227 2388 328 2541 gleb.
348 2394 377 2469 6,
396 2392 415 2452 6
433 2399 467 2453 et
487 2394 535 2467 10,
554 2392 620 2473 29).
663 2389 777 2472 Neque
797 2398 909 2456 tamen
932 2399 1126 2458 necesseest
1149 2409 1204 2454 eoa
1255 2389 1437 2456 calumniae
1467 2391 1705 2455 refutationem.
1749 2390 1839 2474 Ergo
1873 2409 1967 2453 suam
1999 2389 2232 2472 loquacitatem

258 2474 400 2540 hristum
433 2495 558 2539 vorare.
608 2473 734 2540 Vident
766 2476 903 2543 lectores
935 2498 979 2542 an
1010 2495 1073 2554 me,
1107 2475 1204 2541 sicuti
1256 2480 1329 2557 [pag.
1349 2481 1403 2555 39]
1428 2477 1550 2541 frustra
1576 2474 1630 2540 hio
1656 2483 1808 2555 ostentat,
1841 2475 1990 2541 celeriter
2018 2485 2116 2540 extra
2141 2478 2232 2542 viam

228 2561 334 2643 garrit
354 2559 569 2637 Hcshusius,·
584 2560 720 2626 mirifico
746 2567 932 2645 torqueam,
959 2583 997 2629 sc
1018 2561 1102 2628 lueis
1130 2559 1203 2627 odio
1255 2560 1425 2639 currendo,
1447 2582 1550 2644 quum
1570 2580 1591 2625 a
1611 2580 1709 2625 causa
1732 2560 1875 2626 divertit
1918 2560 1970 2626 Ne
1998 2570 2111 2626 tamen
2133 2563 2237 2627 etiam

226 2647 352 2731 fingam
372 2646 456 2710 mihi
477 2645 638 2723 tenebras,
670 2667 771 2730 quum
798 2648 869 2725 dico
896 2669 968 2714 reos
995 2669 1066 2714 esse
1094 2648 1203 2713 carnis
1255 2648 1316 2713 sibi
1338 2649 1373 2711 in
1395 2646 1458 2713 hac
1475 2658 1568 2730 parte
1580 2646 1714 2730 placeat,
1732 2645 1799 2711 'hoe
1811 2647 1903 2729 quasi
1912 2666 2075 2730 parergon
2086 2648 2241 2713 inserere

228 2737 263 2796 et
283 2732 455 2815 sanguinis
468 2730 597 2799 Christi·
615 2732 855 2817 quiutrumque
877 2733 998 2799 donum
1018 2732 1202 2818 repudiant,
1253 2733 1342 2799 libet
1387 2735 1441 2799 Ex
1463 2734 1632 2810 diametro,
1654 2733 1770 2816 inquit,
1793 2741 1919 2816 pugnat
1929 2753 2003 2798 eum
2020 2743 2251 2815 peccatorum

228 2814 270 2881 ad
293 2817 384 2882 cuius
405 2817 646 2900 perceptionem
659 2826 800 2883 'aeterna
816 2820 945 2885 ueritas
972 2819 1045 2885 illos
1072 2819 1201 2883 inritat.
1254 2819 1445 2884 remissione
1466 2820 1538 2884 fieri
1560 2818 1702 2901 aliquem
1728 2839 1822 2883 reum
1847 2839 1956 2884 coram
1977 2818 2138 2883 tribunali
2160 2818 2255 2884 Dei.

228 2899 297 2966 Sed
331 2903 464 2985 excipit:
502 2902 575 2968 Hoc
607 2903 774 2988 sophisma
805 2905 898 2989 quasi
930 2905 1030 2971 telam
1063 2924 1203 2970 araneae
1254 2903 1358 2986 Quasi
1391 2925 1470 2970 vcro
1508 2925 1575 2969 non
1614 2903 1833 2970 elementariis
1865 2925 1992 2988 quoque
2025 2913 2144 2969 notum
2181 2907 2265 2984 eit,

228 2987 324 3052 Pauli
352 2988 462 3054 verbis
489 2989 607 3072 rumpi,
636 3010 737 3073 quum
766 2989 845 3057 dicit
880 3011 935 3055 eos
968 2990 1136 3057 comedere
1170 2997 1203 3053 et
1253 2998 1384 3056 sanctos
1404 2992 1439 3055 in
1462 2990 1577 3056 eodem
1593 2997 1668 3055 actu
1689 2989 1773 3054 iram
1781 2990 1845 3054 Dei
1862 2990 2051 3073 provocare,
2076 2999 2286 3057 ettamen.

226 3070 336 3138 bibere
364 3073 424 3139 sibi
453 3072 618 3140 iudicium.
670 3074 774 3157 Quasi
807 3092 888 3142 vero
918 3077 1112 3142 nonetiam
1141 3076 1201 3141 sub
1254 3077 1324 3141 eius
1356 3075 1564 3161 indulgentia
1595 3076 1737 3160 gratiam
1768 3075 1911 3158 adipisci.
1961 3075 2133 3141 Astutiam
2167 3078 2293 3143 Re—

224 3157 299 3244 lege
320 3158 480 3239 increduli
505 3159 665 3226 iudicium
689 3160 752 3226 sibi
780 3161 997 3242 comederent,
1025 3164 1053 3227 si
1079 3161 1201 3244 impuri
1253 3160 1376 3241 beccus,
1399 3161 1479 3228 dum
1500 3162 1604 3227 filium
1625 3161 1723 3226 Iacob
1749 3161 1905 3226 subornat
1928 3161 1998 3228 loco
2016 3162 2119 3240 Esau,
2140 3163 2293 3228 darn-

225 3249 261 3309 et
280 3244 396 3329 polluti
418 3245 460 3311 ad
481 3264 575 3312 esum
596 3246 674 3330 agni
694 3247 857 3329 paschalis
881 3248 1131 3332 irrumperent..
1156 3248 1202 3312 lut
1251 3247 1404 3315 nubimus
1425 3267 1547 3314 omnes.
1591 3247 1707 3331 Itaque
1727 3247 1863 3315 minime
1890 3246 2028 3314 dubium
2048 3248 2135 3330 quin
2158 3270 2293 3333 gru.—

224 3339 338 3396 tamon
367 3352 427 3406 suo
463 3352 555 3396 more
590 3332 777 3398 Heshnsius
809 3343 921 3416 patero
952 3334 1068 3401 iactat·
1083 3353 1201 3416 corpus
1251 3354 1327 3399 rem
1348 3353 1489 3416 poenam
1510 3353 1619 3399 coram
1641 3334 1712 3398 Deo
1734 3334 1853 3398 merita
1874 3333 1920 3407 sit
1937 3333 2026 3398 haeo'
2039 3333 2157 3418 culpa:
2181 3337 2293 3400 err?

224 3414 351 3482 Christi
379 3418 476 3482 sumi·
498 3417 539 3482 ab
571 3417 691 3501 impiis.
742 3417 874 3500 Quanto
905 3417 995 3485 istud
1022 3418 1202 3504 Augustini
1252 3425 1364 3484 tamen
1383 3420 1431 3484 ita
1453 3419 1631 3485 elementer
1647 3418 1784 3503 ignorit.
1807 3426 1845 3484 ut
1860 3419 1923 3484 hoc
1933 3418 2031 3484 modo
2041 3423 2281 3503 per-venir&

224 3502 362 3581 metius,
392 3502 513 3569 multos
544 3504 582 3568 in
614 3504 712 3569 turba
746 3504 917 3570 Christum
948 3525 1113 3589 premere,
1145 3504 1201 3587 qui
1252 3505 1433 3571 benedictio
1451 3505 1494 3592 ed
1510 3504 1617 3571 Iacob.
1651 3505 1756 3570 Porro
1777 3505 1813 3568 in
1834 3512 2024 3570 transcursu
2046 3505 2293 3572 notandum

224 3594 430 3653 tamencum
450 3608 518 3653 non
536 3589 692 3671 tanguntl
727 3588 857 3656 Insistit
874 3590 990 3671 adhuc,
1013 3599 1046 3657 et
1066 3590 1200 3656 eviden-
1252 3597 1303 3654 est
1323 3610 1421 3674 quam
1443 3598 1538 3656 acute
1557 3589 1662 3656 diluat
1682 3590 1768 3673 quod
1785 3590 1900 3656 obiioio
1921 3589 2113 3669 absurdum,
2135 3592 2293 3658 cnr-i

219 3673 390 3739 tissimum
417 3695 489 3741 esse
517 3674 637 3741 clamat
663 3673 745 3739 illud
775 3676 872 3742 Pauli
905 3675 1043 3742 dictum:
1076 3676 1200 3759 Impios
1252 3685 1340 3741 stum
1362 3675 1486 3742 scilicet
1506 3697 1573 3741 non
1594 3695 1689 3759 posse
1709 3694 1730 3740 a
1751 3676 1868 3759 spiritu
1889 3696 1948 3741 suo
1971 3677 2130 3776 separari
2168 3678 2293 3744 Re

216 3777 292 3823 ‘non
318 3753 503 3825 discernere
529 3782 646 3844 corpus
669 3759 811 3826 Christi:
838 3773 877 3826 ut
904 3762 1067 3828 violenter
1093 3781 1131 3827 ac
1158 3760 1200 3826 dc
1252 3760 1398 3844 spondet,
1420 3782 1522 3844 quum
1549 3760 1650 3827 verba
1670 3761 1768 3826 Pauli
1796 3763 1967 3844 perspicua
1994 3771 2071 3841 arnt,
2101 3763 2172 3828 illis
2205 3787 2293 3830 s·

223 3842 385 3909 industria
405 3844 577 3911 obscurent
597 3845 810 3913 clarissimam
827 3847 998 3913 veritatem
1015 3848 1200 3932 quicunque
1252 3847 1414 3913 assentiri.
1447 3849 1503 3912 An
1525 3854 1564 3911 ut
1588 3847 1746 3913 miraculo
1767 3868 1828 3912 nos
1849 3847 2096 3931 obstupefaciat,
2119 3869 2293 3915 caeco:

225 3947 294 3992 nou
313 3930 458 3995 fatentur
478 3933 563 3998 sumi
586 3933 685 3997 etiam
704 3931 745 3996 ab
766 3931 912 4016 indignis
923 3933 1049 3999 Christi
1070 3950 1198 4016 corpus.
1252 3931 1332 3999 dicit
1352 3932 1485 3999 videre?
1529 3932 1616 3998 Nam
1637 3933 1681 3996 in
1698 3931 1806 3999 verbis
1829 3932 1928 3999 Pauli
1948 3933 2031 3997 nihil
2059 3934 2131 3999 tale
2159 3957 2293 4018 per·

225 4012 360 4096 Aliquid
381 4015 517 4081 haberet
536 4017 661 4096 coloris,
684 4019 713 4083 si
735 4037 889 4103 negarem
914 4019 1060 4104 indignis
1082 4039 1200 4102 eorpus
1251 4019 1332 4102 spici
1354 4020 1432 4084 satis
1452 4026 1617 4083 ostensum
1640 4025 1698 4084 est.
1722 4017 1869 4083 Conatur
1887 4026 1998 4083 tamen
2012 4028 2049 4084 se'
2060 4021 2293 4103 expedire:

222 4097 350 4165 Christi
372 4098 451 4178 dari,
475 4101 532 4166 red
552 4124 653 4186 quum
672 4103 773 4188 impie
796 4104 946 4169 reiiciant
968 4104 1054 4188 quod
1080 4103 1199 4169 libera-
1252 4103 1339 4184 Quia
1361 4103 1516 4171 Christus
1536 4103 1650 4170 multis
1671 4101 1774 4168 modis
1791 4103 1877 4169 adsit
1892 4105 2060 4171 creaturis.
2103 4106 2176 4172 Sed
2227 4108 2282 4169 in

223 4184 303 4249 liter
322 4185 402 4266 ipsis
429 4188 625 4270 porrigitur,
657 4191 775 4254 merito
800 4190 927 4272 profani
949 4198 984 4255 et
1005 4191 1094 4256 bruti
1122 4210 1199 4254 con-
1250 4191 1367 4272 primis
1389 4189 1450 4256 hoe
1469 4188 1673 4273 probandum
1694 4198 1753 4269 est,
1782 4189 1943 4273 quomodo
1968 4190 2055 4256 adsit
2075 4191 2272 4257 Christus

224 4278 369 4354 temptus
403 4271 615 4339 damnantur:
649 4276 727 4358 quia
757 4275 935 4355 victimam,
969 4296 1035 4360 qua
1066 4276 1200 4358 expiata
1250 4276 1436 4355 incredulis,
1460 4286 1621 4360 quatenus
1650 4283 1700 4341 est
1725 4274 1906 4358 spiritualis
1923 4277 2109 4342 animarum
2128 4277 2259 4350 cibus,

226 4367 303 4421 sunt
329 4355 445 4421 mundi
476 4367 623 4439 peccata,
656 4369 692 4424 et
716 4362 866 4427 homines
882 4362 963 4428 'Deo
990 4361 1198 4440 reconciliati,
1250 4363 1320 4426 rita
1342 4361 1481 4445 denique
1503 4368 1537 4426 et
1558 4361 1648 4427 salus
1668 4362 1793 4427 mundi.
1836 4363 1882 4426 Et
1901 4360 2035 4445 ‘quando
2056 4370 2129 4428 tam
2147 4381 2252 4427 mon

223 4463 283 4526 pro
305 4442 408 4508 nihilo
430 4440 562 4507 ducunt.
592 4441 777 4512 Observent
797 4448 923 4512 interea
943 4447 1080 4512 lectores
1101 4467 1199 4529 qnam
1251 4447 1342 4512 dicus
1363 4449 1472 4514 vorbis
1495 4446 1661 4525 adhaeret,
1690 4448 1773 4512 scire
1797 4447 1897 4512 velim
1919 4448 2080 4531 quomodo
2103 4444 2242 4514 Christi

223 4537 360 4611 repente
387 4527 561 4592 incaluerit
589 4528 788 4611 Hcshusius,
818 4534 874 4616 qui
899 4554 1005 4616 nuper
1030 4533 1198 4615 praefatus
1250 4552 1383 4598 carnem
1404 4531 1503 4598 edant
1524 4533 1625 4616 impii,
1653 4553 1713 4617 pro
1740 4534 1858 4616 quibus
1887 4554 1954 4598 non
1982 4542 2034 4599 est
2060 4535 2229 4603 crucifixe

224 4620 298 4694 [pag.
317 4621 368 4692 38]
390 4634 463 4678 rem
483 4633 554 4679 esse
576 4611 708 4697 dignam
725 4617 766 4682 dc
787 4638 853 4700 qua
873 4619 920 4702 pii
930 4628 964 4684 et
985 4618 1069 4684 docti
1093 4618 1198 4682 horni-
1250 4628 1284 4682 et
1304 4620 1465 4701 quomodo
1486 4620 1681 4704 sanguinem
1705 4618 1827 4698 bibant,
1848 4619 1904 4702 qui
1919 4619 2093 4702 expiandis
2113 4634 2221 4685 eorum

224 4721 284 4766 nes
317 4700 405 4766 inter
443 4722 478 4765 se
517 4700 698 4779 conferant,
730 4705 878 4785 proximo
912 4726 1012 4770 versu
1043 4702 1199 4769 atrociter
1248 4705 1388 4786 peccatis
1410 4726 1476 4770 non
1497 4714 1549 4769 est
1570 4703 1702 4770 effusus.
1746 4705 1869 4770 Fateor
1892 4705 1978 4787 quod
2000 4704 2089 4782 dicit,
2112 4703 2214 4770 messe

224 4785 434 4852 excandescit
460 4786 488 4850 si
515 4785 589 4868 quis
619 4783 768 4852 dubitare
793 4789 846 4855 vel
869 4790 1035 4873 inquirere
1067 4789 1196 4855 audeat.
1249 4797 1289 4854 ut
1316 4811 1469 4857 severum
1504 4789 1659 4868 iudicem,
1693 4789 1776 4856 dum·
1801 4791 1869 4855 indi
1917 4812 1935 4855 e
1967 4790 2128 4873 polluitur
2152 4787 2208 4852 eius

222 4870 349 4936 Eodem
371 4873 443 4936 iure
460 4863 554 4937 dehis
570 4871 733 4951 irascitur,
756 4874 831 4956 quia
846 4876 1116 4953 conaministro,
1140 4874 1199 4942 sed
1248 4896 1357 4942 coena.
1402 4875 1470 4942 Sed
1497 4873 1586 4941 aliud
1612 4883 1661 4942 est
1687 4875 1826 4954 comedi,
1859 4875 1948 4942 aiud
1976 4896 2047 4942 esse
2073 4875 2200 4940 iudicem.

224 4976 245 5020 a
265 4956 397 5023 Christo
420 4957 561 5023 conferri
582 4957 803 5041 praestarique
814 4961 990 5026 asserimus
1006 4959 1092 5044 quod
1102 4963 1198 5044 panis
1249 4961 1348 5042 Quod
1366 4969 1480 5045 postea
1501 4960 1580 5028 dicit
1601 4962 1766 5029 exstitisse
1787 4963 1822 5028 in
1835 4961 1937 5029 Saule
1958 4963 2110 5046 spiritum
2127 4976 2199 5026 sunu

222 5042 367 5139 ligarat.
396 5042 466 5110 Cur
485 5065 552 5109 non
573 5044 682 5128 potius
704 5044 891 5128 Augustino
912 5054 946 5110 et
960 5045 1198 5132 chrysostomo

219 5127 394 5193 nescim?
421 5150 561 5213 quorum
593 5130 678 5196 aller
704 5128 799 5197 docet
828 5139 1067 5198 sacramentum
1098 5133 1198 5198 mini·
1316 5148 1346 5215 1)
1364 5149 1410 5218 qni
1427 5147 1478 5203 tait
1494 5148 1534 5204 les
1553 5149 1650 5206 choses
1668 5151 1845 5219 presentem.
1865 5187 1872 5199 .
1944 5155 2017 5206 esne
2034 5150 2061 5206 lo
2079 5160 2149 5217 corps
2162 5148 2195 5198 dt
