4776 5844
158 268 229 329 iss
951 267 1015 332 sn
1038 254 1382 338 wnsnrnsuoat.
2108 279 2168 341 rsa
2202 263 2204 267 ’

165 451 347 537 quidquam
374 455 415 520 ab
443 475 481 518 eo
508 454 609 520 foisse
636 456 793 520 omissum
824 456 878 520 vix
905 466 956 522 est
981 455 1143 522 credibile.
1194 456 1355 522 troversia
1376 463 1434 535 est,
1457 477 1553 540 quam
1576 455 1678 524 sicubi
1700 457 1832 524 videtur
1853 481 1997 527 asserere
2008 465 2168 547 Augusti·

161 537 243 606 Una
265 539 544 606 autemlooornm
572 543 718 606 omnium
742 563 871 608 summa
893 551 956 621 est,
985 542 1020 606 in
1043 544 1143 610 coena
1195 563 1267 620 nus,
1291 547 1375 607 suns
1392 543 1461 624 ipse
1484 543 1526 607 sit
1547 545 1722 628 interpres,
1752 554 1786 609 et
1806 546 1902 610 facile
1922 548 2045 629 patebit
2066 558 2168 616 meto-

152 623 237 716 *dari
261 624 388 691 Christi
410 646 535 709 corpus.
582 628 695 710 Atqui,
717 628 746 694 si
768 627 808 692 de
826 649 904 693 voce
925 628 1143 702 contenditur,
1194 628 1326 711 nymice
1347 627 1519 712 loquutum
1541 649 1621 695 esse.
1656 629 1754 695 Certe
1774 629 1875 697 iudici
1897 646 1998 716 aequo
2021 642 2055 709 et
2075 636 2169 719 inge·

161 720 281 776 nonna
302 713 438 795 excipio,
461 714 590 795 saepius
612 715 723 780 vocari
736 716 1141 796 corporissaoramentum.
1194 733 1261 776 nuo
1284 711 1519 779 dubitationem
1542 716 1665 780 eximet
1686 715 1775 781 locus
1799 737 1899 795 unus,
1915 719 1940 801 ¹)
1969 719 2026 785 ubi
2048 717 2168 787 diserte

157 796 265 864 Unde
287 800 433 881 sequitur
459 798 545 863 nihil
572 808 706 882 prorsus
735 799 972 882 aWestphalo
1000 799 1140 884 probari.
1217 800 1391 865 renunciat
1413 799 1513 865 honos
1540 807 1574 865 et
1596 801 1697 865 malos
1720 802 1897 886 signaculis
1919 807 2168 872 communicare.

155 881 252 948 Nam
276 883 361 967 quod
380 884 498 962 obiicit,
521 905 587 949 non
610 885 720 950 minus
738 905 857 969 corpus
878 886 987 951 ¹vocetri
1009 883 1141 968 quibus·
1193 818 1280 948 ham
1303 884 1331 948 si
1352 905 1420 949 rem
1443 886 1549 969 ipsam
1570 888 1773 969 perciperent
1796 886 1932 972 indigni,
1954 912 2025 956 non
2041 892 2168 959 tacuis-

148 968 240 1057 dam
265 970 353 1046 locis,
377 991 474 1052 qnam
496 982 738 1036 sacramentum
760 972 915 1056 corporis,
939 989 1037 1055 quarn
1060 971 1140 1034 insi·
1193 984 1243 1033 set
1265 971 1397 1035 omnino
1410 971 1514 1054 quod
1529 992 1645 1055 musae
1667 974 1784 1038 melius
1806 973 1995 1056 quadrabat.
2040 977 2168 1044 Verum

152 1054 241 1139 pide
265 1057 475 1121 ratiocinetur
503 1057 596 1138 pueri
622 1054 789 1122 iudicent
831 1057 962 1122 Interea
984 1058 1141 1122 memine-
1193 1055 1270 1119 alibi
1278 1058 1308 1140 ²)
1331 1056 1426 1140 longe
1448 1057 1584 1123 clarius:
1608 1057 1718 1124 Nolite
1740 1079 1855 1143 parare
1877 1061 1994 1140 fauces,
2017 1063 2073 1127 sed
2096 1081 2167 1129 cor:

150 1141 233 1205 rint
254 1142 409 1220 lectores,
437 1141 521 1206 nihil
548 1141 582 1207 in
614 1142 667 1208 his
686 1144 796 1208 verbis
819 1164 838 1206 a
860 1140 1008 1208 doctrina
1030 1152 1143 1207 nostra
1192 1140 1269 1206 inde
1291 1142 1518 1207 commendata
1536 1154 1586 1208 est
1603 1143 1668 1207 ista
1686 1165 1792 1210 coena
1838 1146 1923 1212 Ecce
1945 1147 2108 1213 credimus
2131 1149 2167 1214 in

151 1248 236 1292 esse
260 1225 515 1306 dissentaneum,
539 1249 656 1313 corpus
676 1228 802 1294 Christi
822 1250 900 1294 vere
922 1229 1016 1294 nobis
1037 1230 1072 1302 iu
1089 1250 1140 1293 sa·
1193 1225 1363 1291 Christum
1384 1232 1487 1310 quum
1505 1226 1569 1292 fide
1591 1231 1781 1313 accipimus:
1809 1232 1842 1295 in
1865 1232 2051 1316 accipiendo
2073 1236 2168 1300 novi·

149 1335 220 1378 ora
242 1334 345 1379 coena
366 1313 529 1392 exhiberi,
559 1315 635 1396 quia
662 1336 726 1379 non
755 1315 818 1379 nisi
846 1313 886 1378 de
914 1313 1001 1380 modi
1025 1313 1140 1378 defini·
1191 1332 1266 1377 mus
1289 1312 1366 1395 quid
1388 1316 1581 1398 cogitemus:
1606 1314 1767 1382 modicum
1787 1317 1963 1400 accipimus
1974 1327 2007 1383 et
2017 1321 2052 1384 in
2070 1319 2167 1386 corde

146 1400 252 1465 tione
275 1407 440 1465 certamen
463 1411 520 1464 est.
566 1399 641 1481 Quo
663 1405 742 1466 satis
764 1420 926 1484 superque
947 1403 1065 1465 iterum
1089 1422 1141 1464 re·
1192 1400 1427 1482 saginamurfl)
1461 1400 1536 1464 Nou
1560 1403 1731 1485 crgoquod
1754 1402 1895 1478 videtur,
1919 1403 1975 1469 sed
1997 1405 2083 1487 quod
2097 1427 2167 1471 ore·

139 1485 291 1549 fallitur
312 1485 428 1570 putida
448 1484 635 1569 Westphali
667 1486 860 1570 garrulitas,
890 1487 967 1551 dnm
995 1491 1068 1566 [pag.
1086 1491 1139 1566 48]
1192 1483 1281 1548 ditur
1309 1486 1421 1568 pascit.
1472 1484 1662 1552 Secundm
1691 1492 1763 1566 [pag.
1784 1492 1837 1568 51]
1861 1489 2093 1573 Westphaluur
2115 1497 2166 1556 re'-

143 1592 198 1636 ex
226 1572 320 1637 falsis
342 1571 511 1637 antithetis
534 1571 627 1637 nobis
648 1571 806 1636 invidiam
827 1573 954 1649 conflat,
978 1573 1070 1654 quasi
1088 1593 1139 1636 sa·
1192 1571 1270 1652 cipit
1292 1572 1391 1635 etiam
1414 1570 1604 1650 infidelit-as,
1633 1593 1738 1654 neque
1758 1575 1912 1657 pasoitur.
1959 1576 2167 1660 Augustinus

140 1678 250 1723 eram
286 1678 418 1723 coenam
454 1657 599 1723 dicamus
632 1679 691 1722 sua
714 1659 862 1723 ‘veritate
891 1679 961 1722 esse
994 1672 1162 1722 vacuam„
1192 1657 1302 1720 antoni
1325 1658 1425 1739 recipi
1455 1679 1520 1721 non
1549 1657 1656 1735 docet,
1685 1659 1749 1722 nisi
1771 1658 1845 1724 fide.
1894 1660 1987 1726 Haeo
2010 1664 2094 1727 ratio
2117 1670 2168 1729 est

136 1740 287 1828 Magno
309 1743 345 1808 in
366 1745 469 1826 pretio
488 1743 667 1809 ethonore
690 1742 834 1809 habitam
853 1744 952 1808 thisse
970 1744 1050 1808 dicit
1068 1764 1139 1807 coe·
1191 1761 1249 1806 cur
1271 1742 1420 1824 plurimis
1443 1742 1522 1808 locis
1545 1745 1636 1824 quasi
1664 1767 1700 1808 se
1726 1746 1835 1827 ipsum
1858 1746 2035 1830 explicans,
2058 1770 2167 1814 sacm-

131 1824 236 1894 n'am
255 1829 400 1906 Domini,
420 1851 603 1913 magnaque
625 1832 810 1916 reverentia
832 1839 1018 1894 tractatam:
1043 1844 1138 1911 atque
1191 1840 1302 1891 menta
1324 1828 1411 1893 dicat
1433 1840 1500 1892 tam
1519 1828 1615 1893 bouis
1635 1850 1732 1912 quam
1760 1831 1854 1897 malis
1878 1854 1948 1897 esse
1970 1836 2165 1900 communia

138 1911 240 1980 hinc
264 1917 387 1980 factum
409 1933 480 1980 esse
502 1931 540 1980 ut
560 1917 662 1979 ieiuni
685 1916 885 1992 accederent,
907 1915 963 1979 alii
985 1915 1138 1999 quotidie,
1190 1912 1305 1996 Neque
1328 1905 1416 1979 euim
1439 1935 1520 1978 eum*
1537 1914 1658 1979 latebat
1679 1916 1799 1981 multos
1818 1917 1953 2001 indigne
1976 1920 2016 1984 ad
2039 1940 2167 1985 sacram

133 2002 211 2065 alii
239 2001 368 2065 rarius:
400 2023 532 2085 magua·
551 2001 782 2067 sollicitudine¹
799 2003 898 2066 fuisse
920 1999 1138 2077 observatum,
1192 2019 1339 2063 mensam
1361 2001 1554 2082 irrumpere,
1584 2001 1640 2082 qui
1664 2003 1810 2067 membra
1832 2024 1899 2066 non
1922 2012 2001 2068 sunt
2021 2006 2165 2088 corporis

129 2104 193 2152 ne
210 2087 260 2150 in
285 2100 406 2151 terram
434 2084 564 2152 caderet
590 2107 708 2169 corpus
729 2087 873 2153 Domini.
929 2086 1033 2168 Quasi
1062 2108 1139 2152 voro
1191 2083 1331 2150 Christi:
1355 2107 1459 2168 neque
1482 2096 1549 2150 tam
1569 2107 1727 2170 perverso
1750 2099 1819 2152 erat
1838 2089 1981 2173 ingenio,
2005 2101 2042 2154 ut
2064 2093 2165 2174 parti-

125 2172 254 2238 nobis
279 2172 371 2238 nulla
389 2173 504 2257 religio
522 2173 566 2238 sit
587 2184 828 2239 sacramentum
845 2173 908 2238 hoc
927 2174 1136 2256 prostituere:
1190 2171 1279 2252 cipes
1301 2193 1372 2236 esse
1394 2172 1534 2254 fingeret
1555 2174 1698 2254 corporis
1721 2172 1854 2252 Christi,
1879 2176 1934 2258 qui
1957 2175 2054 2240 nullo·
2069 2175 2165 2242 modo

124 2259 252 2342 quasi
277 2279 344 2322 non
366 2257 556 2324 studeamus
586 2263 703 2323 ornare
733 2277 830 2341 quarn
859 2258 1004 2324 maximo
1026 2265 1138 2342 possu-
1191 2256 1232 2320 ad
1253 2276 1370 2340 corpus
1393 2258 1463 2321 eius
1482 2259 1654 2339 pertinent.
1706 2259 1757 2322 Ad
1788 2260 1940 2325 effectum
1969 2260 2030 2327 hoo
2052 2262 2165 2327 West-

122 2364 231 2410 mus
256 2343 445 2429 splendore:
473 2346 564 2426 quasi
592 2345 661 2409 eius
684 2345 1023 2417 celebrationem‘non
1046 2366 1138 2427 prae·
1190 2342 1309 2424 phalus
1331 2344 1515 2426 restringit,
1546 2344 1602 2408 sed
1631 2365 1727 2426 quam
1757 2345 1872 2410 frivolo
1895 2346 2027 2425 cavillo,
2055 2347 2165 2429 palam

120 2430 280 2497 cedant
309 2432 412 2494 seriae
440 2445 477 2495 ao
499 2428 657 2496 sollicitae
679 2430 937 2508 exhortationes,
965 2431 1083 2515 quibus
1103 2430 1139 2494 in
1190 2429 1313 2493 fatiunt
1335 2428 1390 2492 alii
1412 2429 1482 2494 loci.
1528 2430 1714 2511 Distinguit
1742 2430 1819 2495 alibi
1832 2433 1861 2513 ⁴)
1884 2433 2092 2516 Augustinus
2113 2434 2165 2497 in·

118 2516 289 2582 coelum
318 2517 444 2599 piorum
474 2525 605 2581 montes
631 2517 820 2599 rapiuntur:
855 2517 946 2599 quasi
973 2517 1139 2599 proposito
1190 2525 1242 2577 ter
1264 2518 1514 2578 sacramentum
1534 2527 1567 2578 et
1595 2517 1665 2579 eins
1694 2516 1858 2581 sulutem.
1904 2516 1943 2583 si
1964 2518 2165 2583 trimembris

116 2602 276 2669 sacrile
304 2601 322 2615 '⁴
336 2600 471 2666 horrore
484 2624 551 2666 non
564 2608 746 2677 arceantur,
762 2604 816 2686 qui
830 2615 951 2667 temere
965 2602 1137 2667 accedunt:
1190 2611 1278 2664 esset
1305 2598 1483 2677 distinctio,
1513 2600 1708 2684 Westphalo
1733 2603 1828 2685 pleno
1858 2625 1913 2668 ore
1942 2624 2059 2669 cauere
2089 2625 2164 2669 suos

112 2690 250 2772 quasi
300 2687 416 2769 enique
440 2709 504 2752 nou
527 2687 635 2772 palam
659 2700 816 2754 testemur
838 2709 910 2753 reos
933 2689 1003 2753 fieri
1026 2710 1137 2770 corpo·
1189 2706 1331 2768 paeones
1358 2685 1478 2750 liceret.
1530 2686 1586 2751 Sic
1609 2687 1696 2751 enim
1719 2704 1814 2752 sonat
1836 2690 1907 2754 eius
1933 2700 2163 2769 commentum,

109 2777 189 2840 ris
213 2785 256 2839 et
277 2773 606 2858 sanguinileomiui,
626 2794 764 2856 quorum
784 2775 836 2845 hio
855 2795 933 2839 vcra
952 2772 1045 2839 nobis
1064 2796 1137 2856 pro·
1190 2791 1261 2835 esse
1283 2772 1316 2834 in
1334 2790 1428 2835 saera
1449 2792 1550 2837 coena
1572 2772 1771 2837 elementum
1795 2775 1930 2852 visibile,
1954 2796 2024 2841 asse
2046 2795 2164 2859 corpus

106 2862 295 2945 ponitur
317 2859 588 2925 communicatio
628 2862 727 2925 Certo
756 2862 823 2925 non
846 2859 1035 2942 Westphali
1056 2858 1137 2925 haee
1189 2855 1314 2921 Christi
1336 2857 1407 2922 sine
1427 2858 1544 2936 fructu,
1567 2878 1639 2922 esse
1660 2877 1782 2944 corpus,
1801 2881 1875 2925 oum
1898 2881 2030 2926 ususno
2049 2872 2082 2925 ct
2098 2863 2164 2926 fine

106 2948 259 3014 verba
282 2956 375 3023 sunt,
403 2945 460 3011 sed
488 2967 571 3028 quae
593 2968 653 3030 ego
676 2967 716 3010 ox
738 2946 975 3030 Chrysostnmo
996 2946 1137 3012 libenter
1189 2944 1410 3008 coniunctum.
1456 2941 1523 3008 Sed
1546 2965 1645 3026 quum
1669 2946 1755 3009 inter
1778 2945 1843 3010 duo
1865 2943 1993 3010 tanturn
2015 2947 2164 3013 membra

102 3042 331 3099 mutuatus
343 3051 425 3107 snm,
449 3030 620 3098 Christum
643 3052 770 3098 sacram
786 3026 873 3098 hano
895 3046 1043 3096 mensam
1062 3035 1136 3110 [pag.
1189 3050 1223 3094 se
1245 3030 1413 3094 contineat
1434 3030 1653 3113 Augustinus,
1676 3034 1751 3110 [pag.
1770 3035 1825 3109 52]
1848 3052 1914 3096 non
1937 3031 1999 3096 alio
2021 3033 2164 3114 patroci-

105 3125 204 3199 49]
234 3115 427 3193 sternendo,
449 3138 516 3182 non
540 3118 670 3183 aliunde
692 3139 752 3183 nos
774 3139 921 3203 pascere,
951 3116 1009 3182 aed
1029 3138 1065 3181 se
1085 3118 1135 3199 ip·
1187 3115 1242 3189 nio
1264 3115 1389 3198 indiget
1410 3128 1523 3179 nostra
1544 3114 1700 3182 doctrina.
1752 3117 1874 3181 Mortui
1900 3138 1966 3181 non
1989 3126 2082 3191 sunt,
2111 3119 2163 3193 iu·

98 3226 227 3273 sum
253 3202 334 3267 dare
362 3204 395 3268 i'u
423 3202 540 3269 cibum.
592 3202 689 3271 Unde
718 3205 797 3269 satis
825 3204 948 3286 liquere
975 3203 1135 3281 existimo,
1188 3201 1272 3283 quit,
1301 3212 1411 3283 patres
1438 3202 1493 3283 qui
1515 3201 1676 3266 visibilem
1699 3201 1807 3266 eibum
1829 3202 2044 3289 spiritualiter
2065 3201 2162 3266 intel·

92 3294 166 3361 si
197 3297 297 3355 recte
321 3287 495 3354 definiatur
512 3290 813 3367 communicationis
830 3290 946 3355 modus
964 3289 1057 3355 nobis
1079 3310 1136 3371 op·
1186 3285 1349 3361 laxarunt,
1371 3285 1584 3369 spiritualiter
1601 3289 1795 3366 esurierunt,
1819 3287 2032 3370 spiritualiter
2049 3298 2161 3370 gusta·

91 3381 235 3446 time
265 3396 344 3440 oum
372 3377 494 3442 sanctis
523 3374 671 3459 patribus
699 3377 889 3442 murenire:
924 3374 1135 3440 domantem
1186 3381 1281 3450 runt,
1308 3383 1346 3435 ut
1373 3371 1586 3454 spiritualiter
1609 3374 1819 3438 satiarentur.
1862 3372 2022 3437 Videmus
2044 3383 2082 3436 ut
2103 3394 2160 3437 ex·

88 3462 191 3532 ad
235 3481 388 3527 crassum
418 3459 605 3544 Westphali
644 3461 794 3544 delirium
817 3470 990 3545 aptentur
1022 3482 1134 3525 eorum
1187 3466 1281 3522 terno
1303 3458 1397 3540 sign‘o
1419 3455 1495 3521 fidei
1511 3456 1765 3541 intelligentiam
1776 3478 1952 3541 opponens,
1976 3457 2057 3522 nihil
2076 3458 2162 3524 sumi

84 3548 267 3623 verba,
290 3543 382 3629 qnasi
404 3546 446 3611 ad
468 3547 633 3612 lanienam
655 3547 752 3612 trahi.
893 3568 894 3573 ¹
1187 3544 1228 3610 ab
1251 3540 1437 3608 infidelibus
1456 3541 1575 3607 tradat·
1588 3552 1718 3626 praeter
1739 3543 1863 3609 nudum
1887 3545 2026 3627 siguum.
2061 3543 2099 3609 Si
2121 3543 2161 3609 de

217 3633 371 3697 ·Verum
394 3624 428 3696 in
450 3633 554 3697 altaro
572 3635 678 3716 capite
689 3632 896 3717 plausibilem
919 3633 980 3699 sibi
1003 3651 1134 3696 eausam
1186 3650 1310 3693 manna
1331 3649 1513 3693 sermonem
1540 3628 1654 3694 haberi
1682 3630 1822 3712 excipiat
1843 3628 2072 3712 Westphalns,
2094 3628 2162 3694 hoc

83 3741 227 3787 eme
251 3727 346 3800 putat
367 3718 597 3802 Westphalus:
620 3722 697 3801 quia
713 3718 806 3785 bonis
828 3718 962 3803 perinde
981 3717 1134 3785 ao'malis
1187 3715 1342 3781 cavillum
1364 3714 1542 3796 laesssipso
1560 3724 1715 3786 contextu
1729 3714 1873 3793 diluitur,
1897 3717 1973 3797 qnia
1989 3736 2065 3779 mox
2086 3715 2162 3780 snb'·

82 3807 227 3871 dari
238 3802 365 3869 Christi
388 3804 615 3887 corpusapud
635 3807 859 3889 Angustiuum
882 3804 1022 3889 legitur.'
1046 3803 1134 3868 Hine
1185 3802 1305 3885 iungit,
1328 3798 1532 3865 sacramenta
1559 3800 1617 3864 illa
1642 3802 1678 3865 in
1706 3802 1809 3885 signis
1831 3800 1963 3866 diversa
1983 3801 2097 3879 fuisse,
2126 3802 2162 3865 in

82 3889 291 3975 oolligit,
308 3911 381 3973 ,non
403 3888 590 3955 discernere
612 3901 762 3955 sanctum
783 3890 878 3956 illum
900 3890 1064 3957 doctorem
1081 3891 1132 3953 in·
1186 3907 1222 3951 re
1244 3907 1327 3970 quae
1350 3886 1554 3970 significatur
1575 3888 1675 3969 paria.
1710 3888 1760 3952 Ac
1782 3886 1936 3951 contnuo
1952 3898 2027 3969 post
2049 3906 2163 3952 rursus

82 3984 211 4039 ter
242 3984 411 4058 utrosque,
446 3974 552 4058 quoad
581 3997 651 4041 rem
677 3977 797 4060 ipsam,
827 3976 884 4042 sed
914 3975 1133 4045 differentiam
1185 3973 1310 4037 iterans
1329 3969 1415 4054 quod
1438 3968 1478 4036 de
1500 3973 1623 4037 virtuto
1645 3973 1851 4048 sacramenti,
1874 3983 1907 4036 et
1918 3971 2037 4037 visibili
2056 3991 2163 4037 sacra·

82 4059 1014 4144 tantumponore‘infine,ve1usu,vel·effenu.
1059 4059 1133 4126 Hoc
1185 4066 1297 4123 mente
1306 4056 1443 4136 dixerat,
1462 4056 1574 4123 fideles
1590 4058 1676 4122 solos
1697 4080 1764 4122 non
1776 4059 1858 4121 mori
1871 4056 1973 4135 docet,
1997 4056 2162 4141 quicom-

84 4162 257 4222 quam
281 4166 396 4212 verum
418 4147 474 4226 sit,
500 4149 577 4230 quia
603 4146 726 4232 homini
756 4146 796 4212 ad
824 4146 954 4230 quidvis
981 4149 1059 4211 sine
1073 4148 1133 4229 p'u-
1185 4142 1287 4209 edunt
1315 4145 1421 4220 intus,
1457 4165 1523 4208 non
1557 4145 1649 4221 foris,
1683 4144 1739 4226 qni
1770 4143 1947 4208 comedunt
1967 4143 2073 4221 corde,
2095 4163 2161 4208 non

85 4223 239 4296 dore
259 4231 449 4317 fingendum
472 4233 686 4299 audacissimo
704 4233 835 4298 credere
857 4242 968 4297 tutum
990 4246 1133 4310 nonest,
1186 4234 1243 4313 qui
1265 4236 1419 4314 premunt
1449 4229 1553 4293 dente.
1603 4227 1642 4294 si
1671 4226 2005 4312 ineredulispraotsr
2032 4228 2161 4294 visibile

85 4326 190 4377 ex
222 4319 302 4402 ipsis
313 4314 621 4403 Augustini'varbis
642 4317 789 4385 iudicent
810 4320 956 4384 lectores.
991 4320 1041 4383 Ao
1062 4316 1132 4382 dari
1186 4324 1426 4382 sacramentum
1449 4314 1530 4378 nihil
1552 4314 1757 4399 relinquitur,
1775 4314 1833 4379 ubi
1849 4314 2013 4381 occultum
2029 4312 2110 4378 illud
2128 4321 2162 4377 et

83 4401 290 4470 quidem
310 4403 536 4471 indifferenter
556 4412 625 4470 tam
651 4405 744 4471 bonis
772 4425 871 4488 qnam
892 4403 988 4470 malis
1009 4403 1134 4471 Christi
1186 4401 1324 4467 coeleste
1346 4400 1534 4483 Westphuli
1561 4400 1700 4483 corpus?
1750 4400 1854 4465 Recte
1880 4410 1959 4484 'ergo
1986 4399 2161 4482 colligitur,

85 4490 386 4573 001pusclare
407 4490 529 4573 ubique
552 4491 664 4558 docco:
696 4493 772 4574 qnia
801 4489 842 4555 ab
863 4489 1004 4555 hominis
1025 4489 1134 4574 digni·
1185 4487 1242 4551 ubi
1260 4484 1447 4551 'incredulos
1470 4484 1585 4565 diciti)
1609 4485 1734 4551 Christi
1760 4507 1878 4570 corpus
1907 4486 2067 4569 accipere,
2095 4503 2160 4548 non

86 4562 228 4639 tate
248 4598 315 4642 non
338 4576 460 4660 pendet
482 4576 608 4643 Christi
628 4578 681 4642 vel
703 4576 892 4658 liberalitas,
918 4575 973 4642 vel
994 4574 1133 4658 idest-¹)
1186 4573 1282 4638 aliter
1302 4590 1401 4655 quam
1424 4571 1566 4655 explicat
1587 4573 1673 4655 ipse,
1704 4576 1778 4652 [pag.
1799 4576 1852 4650 53]
1872 4571 1989 4637 debere
2011 4568 2160 4650 intelligi,

85 4657 219 4725 sed
249 4666 323 4742 [pag.
351 4667 405 4742 50]
438 4664 472 4727 in
503 4664 574 4747 ipso
605 4660 744 4728 fundata
776 4672 834 4729 est.
889 4661 1134 4744 Qualiscunque
1186 4679 1304 4743 nempe
1326 4667 1455 4722 tantum
1476 4659 1511 4721 in
1530 4668 1744 4724 sacramento.
1778 4656 1875 4738 Quod
1895 4656 2003 4722 necui
2024 4653 2161 4720 dubium

93 4741 304 4899 {¹38}st
324 4748 381 4832 qui
398 4748 531 4900 affingit,
553 4748 702 4847 qnialsni
721 4747 1005 4849 perpetuosimilis
1022 4755 1135 4897 mrqlnet
1186 4744 1230 4809 ait
1251 4740 1420 4810 sciendum
1442 4749 1500 4822 est,
1524 4750 1607 4809 teste
1624 4754 1751 4827 quoque
1767 4740 1976 4826 Westphalo,
1995 4739 2077 4805 haec
2095 4737 2160 4803 duo

273 4856 313 4900 us
357 4856 473 4901 veroa
517 4854 574 4901 cor
596 4845 662 4901 orr‘s
684 4844 717 4900 st
738 4855 798 4899 san
856 4857 908 4900 ms
929 4854 981 4899 sur
1025 4852 1045 4895 a
1089 4854 1134 4898 or·

102 4885 328 5052 ffitionem’
345 4921 474 5000 invitat,
499 4856 709 5004 verspimplet
729 4857 958 5007 quodhjgurat,
983 4854 1059 4984 uldra
1077 4938 1134 4982 ex·
1255 4914 1625 4984 acommodata.
1644 4913 1685 4982 13,
1704 4931 1762 4983 cap.
1783 4911 1823 4968 1⁶·

174 4993 250 5069 ω
270 5004 358 5090 q¹¹⁰d
379 5009 550 5090 Pfflfflitfit·
601 5006 744 5072 Tantum
773 5006 814 5072 de
841 5005 1028 5090 ¹⁰⁰⁰Pffi⁰¹¹⁰
1057 5024 1134 5071 ⁰⁰n'
1254 4984 1284 5121 di
1302 4980 1837 5122 ddudeddidmidorsdqidhsaedinddgrdrhser
1854 5065 1889 5104 au
1907 5062 1998 5103 eoeur.

118 5099 363 5140 χ’*-
1254 5121 1285 5183 4)
1302 5120 1334 5175 In
1352 5121 1446 5176 Ioann.
1464 5120 1554 5177 Traot.
1572 5118 1614 5174 26.

232 5195 259 5263 l)
277 5212 312 5252 ou
333 5197 361 5250 la
378 5197 470 5251 verite.
1255 5191 1285 5258 b)
1305 5191 1396 5245 Traot.
1413 5192 1439 5245 in
1458 5189 1552 5245 loson.
1569 5187 1612 5243 at.
1647 5198 1649 5204 '
