4620 5828
191 1505 392 1588 BREVIS
424 1506 744 1591 ADMONlTIO
765 1507 997 1592 ICANNIS
1019 1508 1252 1591 CALVINI
1275 1510 1357 1591 ΑΙ)
1378 1509 1630 1592 FRATRFs
1653 1510 1913 1638 POLONOS.

138 1725 299 1794 'Pabulum
321 1748 427 1811 nuper
448 1728 483 1793 in
499 1727 639 1795 Polonia
659 1726 791 1805 editam
815 1750 898 1811 quae
909 1728 1025 1796 Chris·
1078 1740 1211 1814 petuam
1233 1751 1305 1798 esse
1326 1751 1418 1816 nego.
1470 1729 1634 1815 Inoipiam
1660 1752 1681 1796 a
1705 1730 1812 1813 primo
1838 1730 1926 1812 loeo,
1954 1752 2052 1817 quom

52 1823 125 1878 tum
147 1822 182 1876 et
202 1814 355 1897 spiritum
382 1820 532 1880 sanetum
564 1813 645 1879 ahos
673 1834 694 1878 a
719 1822 814 1898 patre
834 1814 912 1881 deos
937 1813 1025 1894 faoit,
1077 1815 1219 1900 turpiter
1240 1817 1435 1900 eorrumpit:
1458 1815 1607 1882 Iehovah
1624 1816 1717 1882 Dens
1739 1826 1826 1895 tuus,
1850 1817 1942 1884 Deus
1964 1840 2052 1888 unus

53 1917 121 1964 non
142 1899 214 1964 sine
234 1899 442 1966 aoerbissimo
460 1920 611 1965 moerore
632 1900 770 1983 inspexi.
814 1898 950 1967 Pridem
971 1921 1025 1966 me
1077 1912 1128 1968 est
1149 1901 1264 1987 (Deut
1283 1906 1313 1981 6,
1336 1901 1382 1987 4).
1415 1901 1482 1968 Hio
1504 1902 1659 1986 quoniam
1679 1900 1772 1967 nulla
1793 1903 1833 1967 lit
1849 1905 2052 1986 eomparatio

52 1984 134 2051 haee
156 2005 235 2050 oure
255 2006 322 2050 non
340 1984 399 2051 abs
420 2005 457 2050 re
479 1985 615 2051 anxium
625 1986 742 2064 tenuit,
764 2007 808 2052 ne
827 1987 946 2052 fratres
962 1987 1026 2051 mi·
1078 1988 1166 2053 inter
1187 2008 1360 2072 personas,
1389 2007 1562 2072 perperam
1584 1986 1656 2052 dieo
1677 1986 1719 2052 ad
1764 1995 1870 2053 atram
1891 1990 2052 2076 restringi

53 2091 117 2135 nus
137 2070 175 2135 in
197 2070 361 2153 seriptura
382 2072 577 2136 exereitatos
605 2070 769 2155 abriperet
788 2070 941 2139 Stanoari
962 2072 1025 2136 im·
1078 2074 1177 2138 unius
1199 2074 1263 2139 Dei
1284 2093 1415 2139 nomen.
1460 2073 1548 2140 Nam
1569 2076 1597 2138 si
1618 2072 1700 2138 Ieho
1768 2124 1776 2151 ‚
1804 2074 1859 2157 qui
1881 2094 1956 2141 ase
1978 2076 2051 2160 ipso

52 2155 248 2239 portunitas,
271 2164 310 2222 ut
330 2155 486 2222 vitandae
507 2157 607 2222 unius
629 2157 840 2223 absurditatis
861 2178 967 2237 eausa,
988 2158 1025 2222 iu
1077 2159 1267 2237 habetesse,
1290 2159 1378 2225 solus
1400 2166 1451 2224 est
1472 2168 1574 2242 pater,
1596 2166 1751 2242 sequetur
1772 2158 1877 2224 lilium
1893 2180 1961 2226 non
1979 2183 2051 2230 esse

53 2241 152 2307 aliam
173 2241 351 2308 foediorem
371 2242 569 2308 laberentur.
619 2242 749 2308 Aooidit
774 2264 853 2328 ergo
874 2243 961 2327 quod
981 2242 1025 2308 ti·
1076 2244 1243 2311 Iehovam.
1289 2242 1462 2326 Quomodo
1479 2245 1567 2310 enim
1588 2244 1675 2327 quod
1692 2243 1733 2310 de
1754 2244 1824 2311 solo
1847 2254 1939 2328 patre
1961 2267 2050 2314 asse-

53 2327 141 2407 mui‚
170 2347 208 2393 ao
236 2328 322 2393 tristi
344 2328 494 2411 exemplo
514 2328 715 2411 patefaotum
737 2336 787 2395 est
807 2349 907 2413 quam
926 2329 1026 2395 noxia
1076 2330 1163 2396 ritur
1180 2330 1223 2397 ad
1244 2330 1349 2396 lilium
1370 2329 1481 2397 licebit
1504 2328 1706 2396 transferre?
1741 2330 1838 2396 Nune
1859 2331 2050 2415 videndum,

53 2412 96 2478 sit
116 2413 219 2512 pestis
240 2414 421 2513 eontentio,
449 2412 507 2479 ubi
528 2414 634 2499 magis
655 2415 859 2515 propositum
881 2425 940 2515 est,⁸
964 2412 1025 2515 ad·
1077 2416 1162 2482 sitne
1178 2415 1340 2516 'Christus
1361 2416 1518 2516 Iehovah·
1536 2436 1648 2516 neone.
1698 2415 1794 2481 Vidit
1814 2415 1919 2483 Isaiae
1940 2418 2052 2518 ileum

53 2499 1026 2685 ildinuddsnmlhdlidtbiliiffidlllttl?
1076 2509 1286 2675 {tttitt
1313 2501 1790 2678 tlttttlttt‘ltltl3
1818 2502 2052 2670 diffidit

52 2668 113 2736 bus
141 2669 303 2821 fflomeis
330 2670 539 2754 repudiatum
572 2679 632 2736 est.
683 2669 751 2738 Sed
779 2672 858 2737 dum
887 2670 951 2737 sibi
983 2672 1024 2738 ab
1076 2673 1243 2757 praedieat
1264 2694 1369 2739 unum
1391 2693 1464 2739 esse
1480 2673 1599 2739 Deum
1644 2671 1734 2754 Quid
1751 2680 1863 2739 autem
1884 2674 2050 2742 Ioannes?

52 2777 120 2822 una
165 2755 172 2770 '
195 2754 261 2822 boli
282 2757 404 2822 astutia
424 2766 557 2834 cavent,
590 2757 736 2840 obrepsit
763 2757 847 2823 alter
867 2758 1024 2841 impostor
1077 2758 1189 2841 Quum
1211 2768 1260 2824 tot
1282 2759 1376 2842 signa
1396 2758 1530 2837 sedisset
1550 2777 1660 2824 eoram
1682 2758 1730 2824 eis
1751 2757 1862 2839 Iesus,
1889 2781 1956 2826 non
1979 2781 2050 2827 ore·

52 2839 417 2909 BlandrataStauoaro
439 2842 596 2908 deterior:
619 2841 737 2908 etheo
757 2842 925 2909 oooasione
947 2841 1024 2908 abu·
1077 2843 1233 2909 diderunt
1259 2845 1295 2908 in
1334 2864 1427 2923 eum,
1466 2853 1505 2909 ut
1543 2863 1650 2909 sermo
1681 2844 1790 2909 Isaiae
1822 2845 2049 2928 eompleretur.

52 2949 108 2994 sus
130 2927 234 2994 estad
255 2943 400 2994 errorem
420 2950 488 2994 non
508 2928 619 2994 minus
630 2927 855 2994 detestabilem
865 2950 1024 3012 spargen·
1076 2929 1207 2995 Deinde
1228 2931 1364 2996 reeitato
1386 2929 1471 2995 looo:
1499 2929 1592 2995 Haeo
1614 2928 1698 2994 dixit
1718 2929 1823 2996 Isaiae
1845 2930 1984 3014 quando»
1999 2934 2050 2998 vi-

53 3014 141 3080 dum
184 3014 239 3079 Ita
260 3014 384 3080 soilioet
406 3014 446 3081 ab
468 3012 561 3079 initio
582 3013 765 3097 versipellis
786 3013 850 3079 luit
870 3012 984 3093 Satan,
999 3014 1023 3092 ¹)
1076 3015 1126 3080 dit
1167 3016 1284 3080 loriam
1305 3015 1376 3080 eius
1399 3024 1433 3081 et
1453 3014 1606 3098 loquutus
1624 3022 1674 3081 est
1695 3014 1735 3080 de
1757 3035 1796 3080 eo
1818 3016 1905 3100 (Ioh.
1920 3020 1969 3097 12,
1983 3016 2049 3104 37).

53 3109 87 3166 et
111 3120 200 3166 nune
226 3120 355 3183 quoque
381 3100 474 3166 varie
501 3120 537 3164 se
564 3100 792 3179 transformat,
829 3107 863 3164 et
890 3105 965 3180 [pag.
989 3102 1023 3179 4]
1073 3101 1127 3166 Fu
1144 3102 1186 3166 'e
1207 3100 1363 3168 oarillum
1391 3109 1441 3166 est
1463 3101 1631 3184 excipere,
1656 3111 1824 3166 ostensam
1852 3102 1954 3167 firisse
1996 3123 2049 3168 ro-

52 3186 145 3269 quasi
166 3185 324 3270 oonfligat
346 3187 417 3269 ipse
446 3205 570 3264 seeum,
600 3195 708 3251 astute
735 3207 771 3252 se
798 3186 960 3264 insinuat,
985 3192 1024 3251 ut
1074 3186 1195 3271 phetae
1218 3185 1343 3252 Christi
1364 3185 1513 3270 gloriam,
1533 3186 1611 3270 quia
1630 3194 1681 3253 est
1702 3186 1811 3270 imago
1827 3187 1941 3269 patris.
2014 3209 2049 3254 e·

52 3272 189 3337 miseros
210 3270 364 3354 illaqueet
385 3271 527 3337 diversis
548 3271 722 3337 erroribus.
766 3269 919 3338 Stanoari
941 3270 1023 3337 deli·
1074 3294 1137 3355 que
1159 3272 1247 3338 enim
1270 3271 1363 3338 nobis
1385 3271 1588 3351 exoutietur,
1618 3270 1648 3336 si
1675 3271 1715 3337 de
1737 3270 1873 3337 Christo
1894 3272 2050 3357 loquutus

51 3357 141 3423 rium
161 3357 229 3422 iam
251 3378 272 3422 a
292 3357 385 3423 nobis
407 3355 511 3423 solide
532 3378 570 3423 ao
588 3355 729 3423 diluoide
749 3357 928 3423 refutatum
948 3357 1021 3421 fuit
1075 3367 1126 3424 est
1146 3357 1260 3438 Isaiae,
1283 3358 1318 3423 in
1339 3358 1448 3442 ipsum
1460 3366 1643 3440 competere
1665 3356 1751 3440 quod
1762 3355 1840 3423 dioit
1862 3356 2048 3426 deIehova.

50 3441 150 3509 Nune
170 3443 290 3508 fratres
311 3453 450 3523 nostros,
473 3443 529 3527 qui
574 3463 730 3509 aueorum
750 3443 923 3509 hominum
949 3452 1023 3509 astu
1073 3443 1146 3508 Iam
1166 3443 1292 3510 Paulus
1313 3450 1351 3508 ut
1373 3448 1447 3524 [pag.
1466 3450 1498 3521 o]
1523 3443 1640 3526 probet
1665 3451 1815 3527 oportere
1842 3463 1903 3509 nos
1932 3453 2049 3512 omnes

51 3527 181 3611 deeepti
201 3528 346 3607 fuerunt,
368 3530 489 3613 rogaho
511 3463 719 3608 etllortabor,
741 3529 858 3596 saltem
876 3537 914 3598 ut
935 3549 1023 3594 eom·
1074 3528 1147 3596 sisti
1169 3527 1211 3594 ad
1232 3527 1357 3595 Christi
1378 3528 1533 3608 tribunal,
1557 3528 1695 3594 alteram
1716 3527 1895 3612 prophetae
1916 3539 2048 3596 senten·

49 3615 160 3700 posita
180 3621 290 3681 mente
312 3613 474 3681 admeam
494 3614 749 3681 admonitionem
771 3614 940 3682 attendere
955 3635 1023 3679 non
1073 3615 1155 3680 tiam
1176 3613 1324 3681 addueit:
1353 3613 1440 3680 Vivo
1462 3634 1537 3698 ego,
1567 3635 1676 3680 eoram
1703 3635 1756 3679 me
1777 3614 1929 3679 fleotetur
1950 3635 2048 3682 omne

50 3710 241 3786 graventur.
292 3698 390 3782 Quod
416 3700 445 3766 si
467 3699 510 3766 ad
530 3700 789 3783 resipiscendum
811 3700 931 3767 doeiles
952 3699 1023 3765 fue-
1074 3722 1161 3785 genu
1180 3700 1258 3781 (Isa.
1278 3706 1329 3780 45,
1350 3700 1415 3786 23).
1460 3699 1559 3766 Certe
1579 3698 1667 3782 apud
1683 3698 1880 3782 prophetam
1902 3700 2048 3784 loquitur

47 3788 130 3864 rint,
152 3785 244 3862 mihi,
267 3793 305 3851 ut
324 3806 429 3869 spero,
452 3805 520 3850 non
538 3787 603 3850 erit
619 3785 899 3865 diffieileeffieere‚
921 3794 961 3851 ut
981 3785 1022 3852 ab
1073 3787 1166 3852 Deus
1186 3786 1333 3865 Israelis,
1361 3806 1461 3869 quem
1482 3787 1614 3851 unioum
1636 3793 1775 3850 testatus
1797 3784 1904 3850 fuerat
1926 3786 2046 3853 Moses.

44 3871 153 3957 impio
175 3879 373 3952 oommento‚
403 3871 490 3956 quod
511 3871 623 3937 nimis
638 3872 755 3939 leviter
782 3880 817 3937 ot
837 3870 1022 3937 inoonside-
1074 3871 1178 3955 Atqui
1201 3879 1286 3938 teste
1306 3871 1421 3950 Paulo,
1449 3871 1605 3954 oompetit
1626 3870 1688 3936 hoo
1709 3870 1852 3954 elogium
1874 3871 1910 3936 in
1932 3871 2047 3940 Chris·

43 3967 122 4025 rate
144 3956 287 4040 amplexi
307 3964 395 4036 sunt,
417 3956 625 4022 abhorreant.
1076 3971 1147 4023 tum
1173 3956 1712 4043 (Rom.14,11;Phi1ip.2,10).
1762 3955 1825 4021 llle
1853 3978 1931 4041 ergo
1958 3958 2048 4024 idem

136 4042 273 4107 Falsum
295 4043 493 4127 principium
513 4042 671 4126 estquod
689 4043 724 4107 in
746 4043 859 4109 tabula
880 4042 1022 4125 ponitur,
1076 4043 1204 4125 estqui
1225 4063 1284 4125 per
1306 4043 1410 4108 vitam
1432 4062 1525 4108 suam
1553 4042 1642 4106 iurat
1663 4061 1698 4106 se
1743 4041 1859 4107 loriam
1881 4063 1976 4108 suam
1998 4043 2047 4109 al·

43 4129 249 4212 seripturam
270 4149 399 4212 semper
421 4127 573 4193 distinete
594 4128 683 4209 loqui
704 4127 745 4192 de
765 4138 874 4210 patre,
901 4126 968 4193 filio
990 4135 1024 4192 et
1077 4129 1142 4194 t'eri
1163 4149 1232 4193 non
1253 4126 1418 4194 daturum.
1467 4128 1517 4194 Ao
1545 4128 1667 4192 frustra
1694 4062 1839 4213 effugere
1861 4128 2046 4208 tentabunt,

42 4214 186 4300 spiritu:
215 4235 317 4296 quum
346 4236 388 4280 ex
412 4213 493 4280 loeis
520 4213 742 4297 eompluribus
763 4212 903 4296 liqueat,
933 4234 1022 4279 nuno
1074 4215 1185 4279 Deum
1207 4215 1277 4279 lore
1298 4213 1439 4279 iudioem
1459 4213 1495 4277 in
1517 4212 1644 4278 Christi
1665 4232 1821 4295 persona,
1848 4216 1926 4296 quia
1948 4234 2046 4281 omne

43 4300 282 4384 eomparative,
306 4321 393 4366 nuno
403 4297 526 4383 absque
543 4299 751 4365 distinetione
771 4300 844 4364 fieri
854 4298 918 4364 Dei
930 4320 1022 4364 men·
1074 4299 1233 4366 iudioium
1251 4298 1341 4365 dedit
1357 4298 1434 4378 filio,
1454 4298 1583 4382 quando
1601 4318 1661 4380 pro
1678 4299 1826 4364 confesso
1838 4300 1939 4365 sumit
1955 4299 2045 4364 Pau·

45 4389 184 4455 tionem.
218 4384 258 4451 Si
279 4385 409 4451 obtineo
431 4385 594 4470 duplieem
612 4404 684 4451 esse
705 4383 859 4468 loquendi
876 4384 1022 4466 modum,
1074 4385 1137 4465 lus,
1159 4406 1238 4452 vere
1258 4381 1304 4450 in'
1317 4385 1489 4450 Christum
1518 4392 1703 4467 oompetere
1730 4383 1819 4467 quod
1848 4384 1888 4449 de
1916 4404 2045 4449 summo

43 4493 129 4539 mox
151 4480 325 4538 evanesoet
345 4479 415 4536 tota
435 4471 493 4537 illa
502 4471 611 4537 inanis
621 4470 808 4555 speculatio,
830 4491 934 4536 unum
950 4490 1023 4536 esse
1074 4471 1138 4536 Dei
1166 4472 1302 4555 imperio
1330 4470 1449 4537 dieitur
1481 4468 1568 4551 apud
1594 4470 1800 4553 prophetam.
1851 4468 1961 4535 Simili
1990 4489 2045 4535 ra·

46 4568 83 4627 et
115 4576 233 4622 verum
258 4557 370 4622 Deum
403 4565 532 4640 patrem
563 4556 701 4623 Domini
732 4557 846 4623 nostri.
900 4556 1023 4622 Fateor
1074 4557 1164 4621 tione
1185 4578 1227 4623 ex
1249 4556 1362 4622 eodem
1382 4555 1471 4620 Isaia
1492 4555 1608 4638 probat
1617 4553 1788 4621 Christum
1810 4575 1882 4620 esse
1904 4555 1938 4619 in
1960 4554 2044 4639 lapi-

45 4650 155 4721 oerte,
183 4642 238 4708 ubi
259 4642 360 4708 simul
381 4642 485 4725 patris
505 4651 538 4709 et
559 4642 618 4709 lilii
638 4643 677 4708 fit
699 4643 832 4721 mentio,
862 4640 1022 4726 distingui
1075 4640 1149 4707 dem
1171 4639 1468 4720 seandaliludaeis,
1490 4651 1721 4724 quumtameu
1742 4639 1903 4724 propheta
1924 4639 1959 4704 id
1975 4660 2045 4705 non

47 4730 158 4797 filium
179 4749 200 4793 a
219 4736 328 4811 patre:
351 4749 469 4794 verum
491 4749 533 4794 ne
555 4729 616 4796 sibi
637 4728 767 4812 plaoeat
787 4726 919 4794 tabulae
940 4726 1021 4792 arti·
1074 4728 1138 4793 nisi
1167 4728 1208 4793 de
1235 4728 1330 4792 unioo
1357 4727 1430 4792 Deo
1456 4727 1650 4809 pronuntiet
1672 4726 1751 4810 (Isa.
1770 4729 1800 4803 8,
1823 4726 1987 4805 tultam.
2013 4730 2043 4807 9,

47 4815 155 4899 fex,²)
177 4812 435 4894 distinotionem,
462 4820 501 4879 ut
521 4814 637 4881 inseite
656 4815 765 4894 laetat,
793 4818 867 4894 [pag.
892 4818 924 4893 ι]
947 4833 1021 4896 per·
1075 4816 1115 4877 33
1122 4836 1131 4894 ;
1154 4819 1180 4879 1.
1198 4813 1288 4879 Petr.
1307 4816 1336 4892 2,
1355 4813 1399 4898 7).
1442 4811 1516 4877 Iam
1537 4811 1580 4878 ad
1601 4811 1771 4878 Christum
1791 4831 1965 4893 perperam
1988 4832 2043 4878 ae·

529 4917 531 4921 ’
1074 4899 1294 4966 oommodaret
1320 4897 1407 4981 quod
1434 4897 1546 4964 David
1574 4899 1715 4964 affirmat
1741 4894 1781 4961 de
1809 4917 1937 4962 summo
1958 4896 2042 4977 Deo,

119 5019 151 5157 ιι
167 5017 691 5159 semmurum
1074 4980 2042 5154 missust³t¹3luutuauauut
