4724 5886
981 314 1347 384 PROLEGOMENA.
1438 337 1440 346 ·
1913 276 1915 287 Ὺ
2072 319 2161 390 xlx

159 501 292 568 oarbcvee
319 508 439 583 notare,
471 509 500 569 et
524 502 677 569 bannim
702 504 886 570 damnatam
914 504 954 571 ab
979 503 1057 570 aliis
1083 503 1272 570 darusirms
1299 505 1381 572 viris
1411 507 1631 590 reprehendere
1658 513 1686 574 et
1712 510 1876 590 darunare,
1908 511 2040 593 deniwe
2066 513 2161 578 etiam

160 613 339 679 disturbem
358 615 476 695 impiae
495 617 737 698 conspirationis
758 617 890 698 impiam
908 636 1025 697 pacem.
1961 697 1966 704 ,

321 725 411 807 Quod
430 727 460 791 si
480 725 640 793 dorocter
661 729 762 795 animi
782 732 828 794 est
848 729 946 794 oratio
968 732 995 793 et
1016 748 1054 793 ea
1074 731 1284 810 repraesentat
1303 727 1459 811 quidquid
1479 729 1566 796 iratus
1585 730 1665 811 latet,
1686 731 1717 796 si
1741 733 1813 814 quis
1833 733 1876 798 sit
1896 735 2006 798 mustis
2027 733 2159 814 liabitas,

160 855 223 917 quo
253 837 385 918 qunque
414 837 458 902 sit
488 838 610 921 inpenio
638 839 791 919 datorat,
824 843 900 904 certe
925 840 962 905 in
987 858 1048 904 uno
1076 840 1192 920 scripto
1218 839 1368 904 mdedico
1396 838 1546 907 Οηῑυίηηε
1571 861 1638 908 sese
1664 847 1760 908 ntum
1788 843 1831 909 ad
1857 844 1979 923 mama,
2008 849 2161 927 tanquam

162 946 292 1028 Apelles
320 948 451 1030 aliems,
479 952 633 1031 expressit
659 955 687 1015 et
715 951 982 1032 wnmnptandum
1005 951 1176 1031 proposuit.
1219 949 1357 1015 Abstulit
1376 950 1552 1032 involucra,
1573 955 1702 1018 reniovit
1721 953 1890 1033 velamina,
1911 956 1999 1037 sucos
2020 961 2160 1038 etprae-

160 1062 282 1138 tectns,
310 1059 424 1140 patoes
444 1061 529 1127 olias
550 1081 583 1126 se
603 1062 731 1128 ocmltat
756 1068 784 1127 et
811 1068 1000 1146 personante
1034 1061 1159 1140 incedit,
1184 1081 1223 1126 ne
1249 1062 1285 1126 in
1310 1082 1372 1128 sua
1392 1065 1528 1146 propria
1548 1065 1685 1147 irnapiue
1703 1066 1839 1147 conspici
1859 1070 1887 1130 et
1907 1068 2031 1150 apnosci
2047 1069 2161 1150 possit.

171 1168 288 1236 Videas
314 1171 349 1234 iu
375 1172 438 1237 ista
459 1173 587 1254 pictura
615 1194 712 1255 quam
739 1174 781 1240 sit
807 1175 987 1258 relipiosus,
1014 1194 1111 1255 quam
1134 1173 1299 1239 observans
1313 1180 1551 1256 praeceptorum
1572 1175 1653 1250 Dei,
1682 1196 1778 1257 quam
1799 1176 1929 1243 lumilis
1950 1183 1978 1242 et
1997 1179 2160 1260 modesms,

161 1300 260 1365 auam
278 1281 372 1363 sortis
390 1284 426 1349 in
443 1285 545 1349 animi
563 1274 720 1367 affectibus
737 1285 932 1368 fraenandis,
955 1306 1050 1367 quam
1070 1289 1257 1363 maeandros,
1279 1306 1374 1367 qnam
1384 1287 1520 1367 patiens,
1540 1306 1635 1369 oviam
1652 1287 1782 1369 denique
1798 1307 1837 1353 ec
1848 1289 2026 1372 propinquo
2037 1295 2162 1370 premat

73 1465 78 1472 ,
161 1393 293 1475 vestipia
327 1392 454 1475 onan,
486 1401 514 1461 et
545 1397 589 1461 ad
619 1398 688 1462 eius
720 1398 893 1478 exemplum
922 1417 956 1462 se
986 1401 1153 1480 componat.
1196 1395 1377 1462 Denaruiat
1402 1397 1455 1462 ille
1475 1417 1609 1478 poenam
1636 1399 1750 1465 indicii
1774 1398 1840 1464 Dei
1866 1400 1918 1465 ira
1945 1400 2102 1466 aestuanti
2125 1401 2162 1466 iu

160 1503 311 1586 fratrem.-
338 1511 371 1570 at
397 1507 455 1572 iste
476 1513 579 1574 neser
605 1509 791 1574 iracundiae
817 1529 921 1574 omnes
949 1508 1085 1573 babenas
1112 1506 1208 1572 lavat.
1253 1505 1330 1571 Fert
1350 1507 1403 1572 illc
1424 1509 1607 1573 sententiam
1628 1509 1666 1575 de
1687 1511 1841 1594 supplicio
1860 1510 2013 1594 pelenuae
2035 1512 2071 1575 in
2092 1532 2162 1578 eum

160 1616 220 1697 qui
237 1617 313 1682 dicit
331 1617 430 1698 fratri
450 1638 508 1684 sno
526 1620 629 1701 fatue:
650 1621 693 1684 ad
711 1619 766 1685 boc
787 1623 903 1685 tonitru
925 1620 1001 1686 adn
1022 1620 1196 1700 expavescit
1216 1619 1399 1700 ettrepidat
1421 1617 1580 1698 Calvinus,
1602 1626 1637 1684 at
1653 1620 1779 1686 clamas
1795 1622 1913 1687 mubm
1930 1624 2064 1689 maculet
2083 1640 2162 1688 nue-

84 1728 89 1735 '
156 1728 263 1809 pletas
278 1728 355 1808 plus
375 1748 470 1810 qnam
490 1732 649 1796 sescentis.
661 1732 816 1797 conciam.
863 1730 1067 1812 Praeceptum
1090 1729 1208 1795 Obristi
1229 1736 1273 1795 est
1291 1737 1326 1794 ut
1345 1730 1515 1814 dilipamus
1535 1733 1692 1811 mimicos,
1718 1733 1934 1798 benedicamus
1954 1734 2162 1800 maledicenti·

160 1840 223 1905 bus
243 1840 346 1919 nobis,
378 1846 544 1907 docemus
559 1862 621 1925 pro
642 1843 919 1908 calumniantibus:
951 1859 1003 1925 epo
1023 1863 1094 1908 vero
1115 1862 1210 1923 necue
1231 1843 1259 1906 ei
1278 1843 1426 1907 inimicus
1448 1861 1527 1920 sum,
1550 1861 1645 1924 nepiee
1664 1843 1835 1910 maledictis
1851 1846 2034 1925 panau,
2066 1866 2162 1929 necere

161 1949 331 2018 calamis
351 1953 445 2018 laesi:
465 1974 528 2018 non
541 1959 643 2037 potest
663 1953 774 2023 barm
795 1953 919 2036 aliquid
940 1974 1008 2020 vere
1029 1954 1066 2018 in
1083 1973 1133 2019 me
1153 1953 1287 2035 auferri
1293 2003 1301 2033 ,
1321 1955 1386 2018 uisi
1407 1953 1535 2036 adpone
1555 1955 1627 2020 velit
1648 1956 1729 2036 cuod
1748 1956 1854 2038 sactus
1874 1976 1946 2021 svm
1966 1958 1996 2022 ei
2016 1958 2164 2025 inimicus

159 2064 319 2128 vadatum
343 2064 471 2131 dicendo
496 2070 524 2130 et
551 2067 707 2131 moderate
732 2067 802 2130 eius
827 2066 999 2130 maledictis
1022 2070 1049 2129 ct
1074 2064 1243 2130 mametis
1263 2066 1488 2145 respondendo,
1509 2071 1538 2131 et
1558 2070 1660 2131 tamen
1681 2071 1815 2133 extrem
1837 2068 1903 2133 odit
1922 2069 2059 2134 amuum
2080 2090 2164 2135 revo-

160 2180 280 2241 cantem
299 2175 339 2241 ab
360 2198 464 2243 crore
484 2182 512 2241 et
532 2177 733 2242 retrahentem
750 2198 771 2242 a
792 2177 1001 2243 maledicendo
1022 2182 1050 2242 et
1071 2176 1300 2242 calumniando.

318 2288 390 2353 Non
411 2288 504 2353 aliter
523 2288 606 2354 dicta
625 2293 654 2353 et
672 2289 757 2370 sacta
779 2289 885 2353 omnia
905 2290 940 2354 in
960 2288 1150 2355 manniam
1170 2289 1271 2369 rapit,
1298 2288 1445 2355 conviciis
1466 2293 1494 2353 et
1518 2288 1694 2354 maledictis
1722 2288 1858 2370 impetit,
1885 2290 1977 2356 acin
1998 2290 2049 2357 leis
2070 2290 2163 2358 rebus

163 2419 225 2464 non
250 2398 338 2465 bouis
363 2401 410 2465 ita
437 2402 520 2465 vires
546 2420 623 2465 snas
649 2402 775 2479 ecserit,
808 2401 903 2481 attasi
932 2401 979 2465 illi
1006 2421 1075 2465 oum
1103 2400 1210 2481 aliquo
1237 2401 1281 2465 sit
1308 2405 1484 2480 susceptum
1505 2406 1659 2465 artemon
1683 2402 1721 2466 de
1741 2420 1801 2482 aaa
1822 2407 1969 2482 superato
1990 2401 2041 2467 bis
2062 2405 2163 2470 armis

155 2511 322 2594 praeclare
343 2512 517 2593 triumphet.
561 2511 720 2594 Equidem
735 2532 797 2593 pro
818 2512 947 2578 veritate
967 2517 1117 2577 aeramen
1137 2513 1268 2594 suscepi,
1289 2531 1352 2576 nvn
1373 2512 1488 2576 decem
1505 2531 1576 2577 acm
1592 2531 1756 2594 quoquam
1778 2532 1831 2576 nec
1849 2533 1990 2595 unquam
2006 2514 2163 2581 nando
2189 2587 2192 2595 ,

157 2627 195 2688 ut
216 2624 252 2687 in
272 2644 305 2688 eo
324 2643 432 2706 penore
452 2624 582 2689 evadam
601 2625 705 2703 viator,
720 2625 762 2689 ‘in
783 2644 842 2705 auc
863 2625 919 2705 qui
939 2625 1084 2706 superior
1104 2626 1149 2688 est
1171 2623 1268 2689 vator
1288 2623 1462 2702 succumbit,
1486 2623 1588 2703 etqui
1608 2623 1709 2688 ridere
1729 2624 1831 2689 vincit.

318 2733 429 2800 Sancte
450 2740 607 2800 assevuat
631 2733 783 2815 Obristrnc,
805 2735 943 2800 domines
963 2736 1114 2799 rationem
1135 2734 1311 2800 reddituros
1328 2734 1363 2799 in
1384 2733 1435 2799 die
1457 2734 1570 2799 iudicii
1592 2733 1630 2798 dc
1652 2755 1831 2818 quocunqne
1850 2736 1939 2802 verbo
1959 2739 2053 2803 otioso
2074 2737 2158 2819 quod

158 2846 282 2927 loquuti
311 2848 455 2928 fuerunt,
487 2851 602 2928 quaeda
632 2849 735 2930 mapis
765 2851 940 2928 reposcetur
963 2847 1046 2911 ratic
1074 2846 1113 2911 dc
1140 2845 1243 2911 cubis
1268 2845 1429 2911 maledicis
1454 2851 1482 2910 et
1503 2845 1730 2912 wutemeliosis
1757 2847 1794 2912 in
1819 2847 1923 2912 Deum
1949 2854 1977 2912 et
2002 2848 2163 2914 domines?

161 2958 268 3040 Quam
287 2957 415 3022 sollicite
436 2958 542 3041 copitet
564 2956 715 3024 Calvinus
736 2959 774 3023 dc
795 2958 951 3023 reddenda
971 2959 1104 3037 ratione,
1131 2977 1226 3038 quam
1253 2957 1429 3022 extimescat
1453 2957 1644 3022 severitatem
1673 2958 1748 3022 iusti
1767 2958 1894 3037 iudicii,
1922 2960 2084 3024 ostendunt
2102 2980 2163 3027 non

156 3067 263 3137 solum
277 3069 404 3150 probra,
426 3070 573 3149 conciam,
595 3069 800 3149 muunvdiae,
819 3070 906 3152 falsa
927 3070 1062 3135 crimina
1082 3088 1162 3151 quae
1182 3070 1218 3133 in
1239 3088 1288 3135 me
1311 3068 1453 3152 conpari,
1475 3068 1643 3133 sedetiam
1662 3088 1746 3134 voces
1764 3068 1879 3150 impiae
1901 3074 1930 3134 et
1950 3072 2161 3153 exsecrabiles,

156 3179 276 3264 quibus
302 3181 474 3246 dodrinam
501 3182 605 3263 ipsam
632 3182 670 3245 de
696 3201 790 3247 coma
815 3181 949 3247 Domini
975 3184 1157 3262 compareat
1181 3180 1367 3261 fodnsime.
1413 3179 1501 3245 Iubet
1521 3180 1679 3246 Dominus
1702 3181 1831 3262 offeresos
1851 3182 2059 3262 reconciliare,
2080 3184 2162 3248 iubet

156 3297 269 3358 errata
299 3297 329 3359 et
359 3294 492 3375 offeresas
522 3293 696 3358 condonare
726 3293 900 3375 trabibus:
930 3297 964 3356 at
994 3313 1082 3359 meus
1110 3292 1295 3358 conviciator
1322 3291 1513 3357 admonitus
1534 3293 1629 3357 diam
1656 3291 1764 3357 iudos
1794 3292 1933 3357 miurias
1962 3295 2162 3376 meantibus

157 3404 305 3483 munta,
327 3408 448 3469 tannim
468 3404 551 3469 abes't
572 3425 593 3468 a
613 3405 716 3471 studio
736 3404 959 3470 rmonciliandi
979 3404 1080 3470 laesos
1100 3409 1129 3469 et
1149 3402 1334 3487 ipnoscendi,
1357 3404 1388 3467 si
1409 3403 1482 3486 quis
1502 3403 1659 3495 iambisset
1680 3403 1804 3484 aliquid
1825 3404 1972 3470 iniuriae.

315 3515 483 3596 Apostolus
514 3515 628 3582 Petrus
655 3521 774 3583 revocat
794 3518 867 3598 pios
895 3517 938 3581 od
964 3514 1136 3597 cambum
1165 3512 1298 3580 Obsisti:
1330 3515 1365 3579 in
1391 3513 1481 3580 illius
1507 3502 1648 3581 mirabili
1668 3516 1826 3595 patientia
1854 3535 1929 3599 erpa
1949 3514 2162 3583 moledicoset

160 3627 382 3692 wavicianres
399 3633 551 3694 monstrat
572 3628 682 3709 quales
702 3648 759 3694 nos
777 3648 883 3711 perere
904 3627 1082 3694 demnas:
1106 3628 1222 3691 iniuste
1241 3628 1282 3699 de
1299 3626 1407 3691 mubis
1429 3631 1593 3692 accusatus
1613 3628 1723 3703 mouit,
1752 3626 1922 3692 muvuium
1943 3627 2077 3692 munnio
2098 3648 2161 3695 non

160 3737 304 3820 recessit,
333 3753 431 3821 quum
457 3739 649 3804 malodicmet
671 3738 732 3825 [sia
740 3738 764 3826 1]
787 3760 850 3804 non
869 3738 1046 3817 maledicit,
1075 3740 1130 3804 sed
1155 3739 1241 3804 dedit
1263 3737 1433 3803 vindictam
1459 3736 1528 3803 Deo
1554 3739 1637 3802 iusto
1664 3738 1762 3803 iudici
1784 3742 1813 3800 et
1831 3737 1959 3803 vindici.
2006 3738 2108 3820 Quam
2128 3760 2162 3805 se

159 3850 313 3932 mantra
335 3851 460 3927 praebet
480 3852 614 3916 similem
635 3850 825 3932 ducipnlus,
853 3851 908 3932 qui
928 3850 1131 3932 reprehensus
1149 3850 1187 3915 dc
1206 3849 1292 3932 faba
1312 3850 1452 3915 doctrinm
1474 3870 1536 3916 non
1556 3854 1631 3914 tacet
1652 3850 1707 3927 sed
1724 3848 1883 3927 reclamat,
1904 3870 1966 3913 non
1986 3848 2119 3915 abstinet
2140 3871 2161 3917 a

159 3960 320 4040 mnia,
348 3964 403 4028 sed
424 3963 475 4027 lis
495 3963 640 4047 indntpet,
662 3983 699 4029 ac
719 3968 894 4044 compensat
914 3962 1087 4043 nundinis
1107 3963 1178 4027 bene
1197 3966 1332 4043 recteque
1353 3962 1453 4026 dicto:
1474 3962 1643 4043 aepiditate
1660 3960 1814 4025 undidae
1833 3980 1980 4026 moesus
1996 3961 2072 4027 adeo
2091 3982 2162 4028 con·

159 4074 264 4156 quirit
285 4075 366 4157 quod
386 4075 533 4141 traducat
553 4095 591 4139 ao
612 4073 821 4156 reprehendet,
842 4079 877 4139 ut
894 4075 1047 4140 mnddori
1064 4079 1199 4139 nduroe
1217 4072 1283 4138 Deo
1300 4092 1394 4137 suum
1411 4092 1498 4156 opus,
1514 4071 1647 4152 perinde
1663 4075 1700 4135 ut
1710 4070 1837 4136 Momus
1846 4072 1974 4154 aliquis,
1993 4074 2160 4154 ecprabret.

321 4184 453 4252 Sanetus
475 4184 600 4252 Paulus
620 4185 686 4250 vult
707 4206 728 4250 a
752 4183 942 4252 (luntianis
958 4185 1069 4269 proed
1098 4186 1236 4251 ammeri
1269 4204 1389 4249 omnem
1417 4183 1660 4249 amaritudinem
1687 4183 1997 4266 etindipnaticnem,
2028 4189 2062 4249 at
2082 4185 2161 4267 auid

161 4317 226 4362 non
247 4299 352 4363 amari
373 4298 524 4362 aburdbii
544 4304 572 4362 et
590 4297 677 4379 sellis
701 4295 854 4364 Oalvium
876 4298 1043 4364 adnascmt
1070 4299 1141 4363 suis
1162 4297 1348 4362 invectivis?
1371 4296 1449 4378 quid
1475 4298 1519 4360 est
1545 4295 1613 4374 ipse
1633 4291 1758 4380 [ipeol]
1789 4295 1824 4358 in
1851 4293 1902 4358 bis
1929 4295 2160 4362 amarulentiuo

160 4413 190 4476 et
212 4409 376 4475 waes?
398 4411 471 4491 puis
487 4415 606 4491 puteus
624 4410 740 4492 fundat
759 4413 824 4474 tam
845 4430 975 4475 amaros
996 4428 1110 4491 aquas,
1137 4427 1231 4490 aviam
1254 4407 1308 4473 ilie
1329 4405 1478 4488 diffundit
1503 4404 1628 4470 hostiles
1653 4424 1846 4485 sarcasmos,
1873 4424 1994 4470 sannas
2015 4411 2043 4471 et
2063 4427 2160 4473 scons-

159 4526 251 4589 mata
271 4541 288 4586 e
307 4521 360 4586 sui
380 4522 482 4587 cordis
496 4542 582 4602 puro
601 4522 694 4605 sonu,
716 4525 743 4586 et
762 4521 907 4605 sinpulas
922 4542 1025 4602 paene
1045 4519 1182 4603 mdabas
1204 4518 1304 4601 inficit
1325 4537 1433 4584 omaro
1454 4522 1483 4581 et
1502 4516 1620 4598 letifero
1635 4516 1748 4583 sucu?
1794 4514 1921 4582 Paulus
1932 4516 2076 4598 probibet
2096 4538 2159 4584 ser·

159 4653 269 4699 mones
295 4634 406 4698 inanes
432 4638 460 4698 et
485 4633 606 4699 meltius
624 4633 739 4717 ῥῖψε,
760 4637 789 4698 et
808 4633 994 4699 nominatim
1014 4630 1209 4716 εὐτραπελίαν
1228 4630 1267 4696 ab
1289 4629 1418 4695 ethnicis
1443 4629 1524 4693 inter
1545 4630 1674 4695 wintro
1701 4629 1865 4694 baudamm
1887 4634 2038 4710 tanquam
2059 4629 2159 4694 stulti·

161 4744 264 4827 laonii
276 4749 399 4826 partem
417 4746 610 4812 wndemnat:
630 4750 745 4828 quanto
764 4745 866 4828 nvapis
881 4744 1021 4828 probibet
1042 4750 1072 4810 et
1091 4744 1222 4810 damnat
1242 4759 1399 4809 sermones
1426 4741 1584 4824 satyricos,
1605 4741 1763 4819 scurriles,
1785 4740 1955 4819 mendaces,
1971 4740 2159 4819 potientes

162 4857 208 4924 ad
225 4856 441 4922 contumetiam
460 4858 495 4922 iu
518 4853 563 4942 [t]
586 4856 737 4938 alicuius,
758 4855 866 4940 quales
889 4855 1039 4922 &lunas
1062 4856 1197 4938 affectate
1223 4853 1350 4936 infersit
1374 4854 1480 4918 verius
1507 4871 1603 4935 quam
1630 4852 1764 4932 aspersit
1788 4850 1910 4933 ubique
1933 4900 1936 4907 .
1959 4848 2029 4914 Hos
2054 4849 2158 4931 falsae

160 4969 331 5037 mindam
350 4968 544 5034 urbanitatis
562 4969 656 5034 laude
675 4974 704 5045 et
723 4968 888 5035 amnionis
914 4968 1140 5052 obiurpationis
1165 4966 1237 5047 fuso
1264 4970 1396 5030 evaneat.
1449 4962 1580 5030 Fatetur
1607 4982 1641 5027 se
1667 4961 1792 5044 aliquid
1818 4961 1899 5027 solie
1927 4961 2110 5042 aspersisse,
2130 4968 2159 5030 u

158 5081 255 5165 finpit
274 5099 308 5145 se
326 5084 465 5146 coactam
484 5101 555 5146 mea
575 5081 676 5146 nescio
696 5101 759 5163 qua
780 5080 895 5145 duritie
916 5083 952 5144 nt
969 5080 1109 5147 saetae
1123 5099 1173 5143 me
1190 5078 1374 5161 obiurparet.
1409 5076 1582 5158 Atquinou
1599 5073 1743 5140 adbibuit
1760 5072 1851 5139 illum
1871 5070 2040 5136 candidum
2060 5074 2157 5141 salem

160 5192 407 5261 manaan
427 5191 466 5257 ab
486 5192 636 5273 apostolo,
658 5211 718 5273 quo
737 5210 837 5257 senno
853 5192 983 5274 picum
1004 5191 1040 5256 in
1058 5191 1168 5275 pratia
1187 5189 1329 5256 conditus
1351 5209 1416 5256 esse
1440 5186 1539 5266 debet,
1560 5185 1614 5252 sed
1631 5186 1761 5269 -uiprum
1777 5183 1867 5248 illum
1884 5181 2024 5248 tumbae
2039 5187 2158 5252 murri-

1915 5308 1954 5366 c·
