4590 5858
671 1330 992 1474 pannorum
1014 1389 1075 1471 ιιι
1098 1387 1488 1471 euersosuour
1509 1389 1799 1472 uouums.

324 1642 411 1726 Quia
442 1643 637 1709 inusitatum
673 1640 780 1709 adhuc
810 1652 859 1708 est
886 1644 949 1710 hoc
975 1644 1212 1711 lucubrationis
1263 1664 1323 1708 cur
1355 1641 1485 1709 saecule
1517 1652 1630 1709 uostm
1662 1644 1841 1728 gloriemur
1872 1666 1937 1728 que
1969 1646 2077 1729 coepit
2109 1666 2241 1712 rursum

238 1752 342 1816 genus
375 1729 460 1814 quod
493 1749 582 1795 nunc
610 1728 646 1794 iu
678 1728 844 1814 publicum
877 1727 951 1810 ede,
985 1729 1097 1796 videor
1130 1729 1212 1795 mihi
1263 1728 1350 1794 inter
1372 1749 1485 1794 omnes
1508 1729 1572 1795 Dei
1593 1729 1677 1796 filies
1699 1730 1859 1815 publicari
1881 1730 2056 1798 thesaurus
2078 1731 2159 1811 iste,
2181 1752 2241 1814 quo

238 1815 523 1899 operaepretium
550 1816 710 1893 facturus,
743 1815 772 1880 si
804 1814 931 1882 consilii
958 1817 1023 1882 mei
1053 1815 1211 1881 rationem
1263 1812 1418 1880 Ohristus
1440 1815 1625 1880 cumomni
1647 1815 1807 1881 bonorum
1829 1816 1996 1901 opulentia
2021 1816 2118 1883 nobis
2140 1816 2240 1901 expli·

238 1901 382 1968 breviter
404 1920 574 1984 exponam.
618 1899 724 1967 Video
747 1901 845 1980 enim,
866 1900 953 1985 quod
974 1903 1010 1967 in
1031 1902 1130 1968 rebus
1152 1921 1212 1966 no·
1263 1909 1376 1978 catur,
1414 1900 1673 1966 instrumentum
1705 1901 1791 1967 istud
1826 1922 1889 1985 quo
1921 1902 2017 1969 uobis
2049 1902 2240 1986 obsignatur

237 1987 292 2053 vis'
312 1987 443 2054 evenire
469 1987 537 2052 fere
563 1986 661 2066 solet,
690 1984 846 2069 quosdam
871 2009 937 2053 non
966 1985 1133 2053 defuturos
1155 1986 1212 2071 qui
1264 1985 1414 2051 coelestis
1447 1985 1649 2065 haereditas,
1678 1988 1858 2053 sacrarium
1884 1986 1974 2053 istud
2001 2009 2067 2072 que
2096 1988 2239 2054 numinis

236 2071 380 2140 laborem
408 2072 498 2138 hunc
524 2093 633 2137 meum
661 2094 727 2138 ncn
755 2071 851 2137 modo
872 2093 1114 2157 supervacuum
1136 2094 1212 2140 con·
1264 2071 1317 2136 sui
1339 2071 1557 2154 praesentiam
1579 2073 1673 2137 nobis
1696 2071 1788 2139 Deus
1810 2073 1954 2140 exhibet

237 2168 402 2236 temnant,
431 2156 489 2224 sed
516 2158 615 2222 etiam
644 2167 680 2223 ut
708 2178 825 2241 parum
847 2158 962 2224 utilem
984 2158 1139 2225 ecclesiae
1160 2179 1212 2223 re·
1349 2157 1476 2222 Verum
1499 2165 1536 2222 ut
1557 2164 1648 2223 tanto
1672 2180 1727 2225 ere
1749 2167 1862 2224 nostra
1882 2159 1985 2225 refert
2006 2157 2158 2225 doctrina
2182 2159 2239 2225 hac

236 2243 440 2328 pudiendum
474 2264 607 2326 prorsus
638 2251 801 2309 censeant.
858 2242 948 2326 Quos
981 2252 1093 2310 tamen
1124 2245 1212 2328 ipsos
1264 2241 1400 2307 salutari
1429 2263 1496 2308 non
1524 2242 1637 2309 defrau
1660 2244 1723 2323 ari,
1753 2264 1819 2328 qua
1831 2245 1855 2329 ¹)
1882 2245 1917 2309 in
1945 2246 2051 2310 vitam
2074 2251 2239 2310 aeternam

235 2351 301 2396 non
329 2328 442 2394 diffido
470 2328 630 2413 propitios
656 2328 740 2393 mihi
764 2330 848 2406 fore,
877 2328 906 2395 si
927 2330 1009 2395 meis
1031 2330 1212 2395 rationibus
1265 2329 1393 2393 animae
1420 2338 1615 2412 pascuntur,
1644 2330 1707 2404 ita,
1736 2328 1791 2396 ubi
1819 2350 1891 2395 eam
1920 2350 2036 2395 sumus
2065 2329 2238 2413 assequuti

235 2414 405 2481 intendere
444 2414 610 2499 paulisper
648 2414 793 2479 animum
826 2416 1018 2481 sustineant.
1080 2414 1212 2481 Scimus
1264 2435 1330 2478 uon
1362 2415 1473 2480 miuus
1502 2435 1635 2481 necesse
1662 2428 1729 2495 est,
1763 2416 1845 2482 scire
1878 2413 1958 2499 quid
1983 2415 2052 2482 illio
2085 2435 2237 2499 quaerere

235 2500 348 2584 quales
380 2500 474 2565 initio
505 2499 663 2566 clamores
700 2499 834 2566 excitati
866 2500 933 2566 sint
971 2499 1013 2566 ab
1051 2501 1212 2584 imperitis
1263 2507 1424 2582 oporteat,
1453 2519 1650 2584 scopumque
1672 2500 1815 2584 aliquem
1838 2502 1956 2567 habere
1978 2500 2142 2585 adquam
2163 2500 2238 2566 diri·

236 2607 338 2670 quum
376 2584 583 2671 evangelium
624 2584 720 2670 vulgo
759 2585 935 2670 legendum
965 2595 1210 2671 proponeretur.
1264 2605 1391 2669 gamur.
1436 2582 1532 2666 Quod
1559 2586 1588 2652 si
1617 2607 1683 2651 non
1704 2588 1764 2652 fiet
1790 2586 1961 2671 contingat
1981 2586 2127 2670 profecto
2149 2585 2238 2655 nobis

235 2669 417 2756 Indignum
444 2672 533 2738 enim
559 2671 685 2738 lacinus
713 2693 785 2738 esse
812 2672 974 2755 putabant
995 2672 1130 2756 plebeiis
1152 2672 1211 2736 hc·
1264 2670 1408 2736 multum
1430 2669 1550 2755 diuque
1572 2671 1643 2737 sine
1665 2694 1786 2757 magno
1808 2673 1918 2739 fructu
1940 2672 2064 2756 vagari
2108 2673 2159 2739 Ac
2176 2672 2237 2755 spi·

235 2757 380 2825 minibus
412 2757 614 2842 promulgari
650 2757 713 2823 Dei
745 2758 905 2841 mysteria
940 2780 1023 2841 quae
1056 2764 1124 2823 tam
1154 2757 1212 2823 diu
1263 2757 1367 2822 ritum
1390 2756 1521 2841 quidem
1542 2758 1608 2822 Dei
1630 2779 1695 2823 non
1719 2758 1879 2843 optimum
1902 2757 1998 2823 modo
2026 2757 2085 2824 sed
2107 2759 2238 2825 unicum

236 2842 324 2926 apud
354 2842 537 2910 sacerdotes
576 2848 610 2907 et
648 2843 826 2910 monachos
865 2864 1040 2927 suppressa
1071 2844 1211 2909 fuerant.
1263 2864 1334 2908 esse
1357 2842 1474 2909 ducem
1494 2843 1606 2922 famer,
1629 2842 1758 2927 quando
1780 2865 1821 2909 ne
1843 2842 1984 2910 scintilla
2005 2841 2138 2927 quidem
2159 2842 2237 2910 lucis

234 2929 352 3014 Neque
379 2929 468 2994 enim
497 2927 670 2995 videbatur
698 2927 786 2993 aliud
813 2927 848 2994 id
876 2951 948 2995 esse
975 2951 1072 3014 quam
1103 2950 1212 2996 sacra·
1262 2929 1349 2993 inest
1370 2929 1441 2994 sine
1463 2927 1533 3012 ipso
1555 2928 1720 2995 mentibus
1742 2930 1863 2995 nostris
1885 2928 1927 2994 ad
1944 2929 2094 2996 coelestis
2112 2930 2236 3012 sapien-

234 3014 323 3080 rium
344 3015 408 3080 Dei
430 3014 560 3080 sublata
580 3014 671 3081 omni
691 3015 878 3081 reverentia
898 3015 1075 3100 profanari.
1108 3015 1212 3099 Atqui
1263 3014 1328 3080 tiae
1349 3014 1628 3099 perspicientiam:
1657 3014 1756 3081 simul
1783 3036 1861 3081 vcro
1884 3023 1981 3098 atque
2002 3015 2073 3099 ipse
2095 3015 2167 3082 suis
2187 3036 2236 3079 ra·

233 3099 322 3166 inter
348 3121 404 3166 eos
430 3121 572 3184 quoque,
605 3100 723 3183 quibus
747 3099 781 3165 id
807 3108 978 3183 tantopere
1010 3098 1211 3185 displicebat,
1264 3099 1327 3165 diis
1349 3099 1484 3179 affulsit,
1508 3099 1549 3164 ad
1572 3120 1645 3165 eam
1666 3101 1773 3184 ipsam
1797 3099 2060 3184 consequendam
2082 3101 2163 3167 satis
2185 3121 2236 3166 eu·

233 3185 384 3254 videmus
406 3208 493 3252 nunc
516 3206 629 3250 omnes
657 3184 816 3251 eiusmodi
838 3187 1057 3270 querimonias
1078 3187 1114 3251 in
1136 3207 1211 3271 gra·
1262 3207 1384 3270 perque
1401 3192 1608 3269 comparatae
1629 3194 1707 3251 sunt
1724 3195 1758 3252 et
1775 3186 1963 3254 instructae.
1997 3184 2111 3268 Quum
2129 3194 2236 3251 tamen

233 3272 410 3338 tulutiones
433 3290 606 3337 conversas
628 3291 707 3337 esse.
755 3271 921 3357 Apparuit
942 3272 1030 3338 enim
1059 3294 1212 3358 supremo
1263 3272 1428 3336 Dominus
1450 3271 1579 3350 eadem,
1609 3292 1674 3354 qua
1699 3292 1759 3337 nos
1787 3271 2021 3356 perspiritum
2044 3293 2142 3338 suum
2163 3271 2235 3336 illu·

233 3356 351 3425 salutis
372 3379 452 3424 suae
473 3356 628 3422 thesauro
650 3356 826 3439 spoliatum
847 3358 948 3425 fuisse
958 3358 1022 3424 Dei
1043 3358 1211 3444 populum,
1262 3359 1381 3436 minat,
1412 3355 1616 3440 benignitate
1639 3356 1837 3423 adminicula
1858 3378 1984 3442 quoque
2006 3358 2102 3423 nobis
2124 3366 2236 3425 eentu-

255 3465 337 3509 uum
356 3443 393 3508 in
413 3464 592 3527 paucorum
617 3442 789 3507 hominum
817 3441 1022 3510 bibliothecis
1050 3445 1212 3528 scriptura
1262 3442 1353 3523 lerit,
1384 3442 1500 3526 quibus
1531 3443 1636 3508 voluit
1665 3442 1810 3508 studium
1842 3451 1991 3509 nostrum
2018 3440 2054 3507 in
2087 3442 2235 3510 veritatis

234 3465 452 3607 delitesceret,
481 3526 731 3593 amultitudine
753 3549 820 3593 nou
842 3529 1069 3614 attingeretur.
1114 3530 1211 3596 Nunc
1263 3550 1342 3594 suae
1370 3527 1623 3613 investigatione
1652 3528 1815 3608 adiuvari,
1846 3550 1913 3594 non
1945 3536 1995 3594 est
2026 3549 2087 3595 cur
2114 3549 2154 3595 ea
2185 3525 2241 3594 vel

234 3635 313 3699 ergo
335 3635 430 3681 nemo
455 3615 511 3698 qui
539 3613 592 3680 vel
620 3613 750 3695 pietatis
777 3614 897 3680 micam
923 3613 1043 3681 habeat
1070 3638 1137 3681 non
1159 3637 1210 3681 re-
1262 3614 1468 3699 negligemus
1491 3614 1583 3697 quasi
1606 3634 1822 3699 supervacua,
1852 3613 1906 3682 vel
1933 3615 2034 3680 etiam
2054 3615 2149 3697 quasi
2172 3634 2241 3678 uon

233 3700 408 3785 cognoscit,
431 3700 590 3784 singulari
611 3697 677 3764 Dei
697 3698 901 3784 benignitate
924 3700 1048 3766 fectum
1071 3722 1152 3781 esse,
1174 3710 1212 3766 ut
1263 3699 1343 3766 adeo
1371 3700 1558 3767 necessaria
1584 3701 1695 3766 minus
1721 3719 1883 3765 curemus.
1935 3698 2118 3767 Obversari
2149 3700 2234 3765 euim

234 3796 481 3852 sacrosanctum
502 3786 566 3851 Dei
595 3785 734 3851 verbnm
762 3785 936 3852 universae
957 3785 1114 3863 ecclesiae
1135 3786 1210 3853 red·
1263 3786 1381 3852 animis
1403 3784 1525 3850 nostris
1547 3783 1643 3851 debet
1664 3785 1748 3869 quod
1770 3785 1818 3851 ait
1838 3785 1973 3865 Paulus,
1996 3787 2109 3852 omniu
2127 3792 2233 3851 nostra

234 3871 375 3938 deretur.
420 3870 476 3938 Sic
497 3873 585 3938 enim
607 3871 655 3937 sol
683 3870 826 3937 iustitiae
848 3870 1002 3945 Ohristus
1023 3873 1092 3939 suis
1114 3872 1209 3938 afful-
1262 3893 1342 3947 esse,
1364 3891 1424 3938 nos
1446 3878 1555 3936 autem
1574 3871 1712 3937 Ohristi.
1757 3869 1912 3938 Serviant
1938 3890 2017 3955 erge
2041 3872 2136 3938 nohis
2155 3889 2227 3955 quae

235 3958 294 4036 sit,
322 3977 386 4040 quo
413 3967 484 4021 tum
512 3979 590 4023 vere
618 3955 752 4022 demum
773 3956 929 4036 fruimur,
958 3956 1013 4023 ubi
1041 3967 1210 4043 perspecta
1261 3957 1297 4023 in
1318 3977 1415 4023 usum
1437 3964 1587 4022 nostmm
1608 3957 1772 4023 Dominus
1793 3955 1977 4024 destinavit

234 4044 306 4109 eius
328 4041 449 4107 virtute
472 4043 596 4126 ipsum,
626 4058 664 4107 ut
692 4041 784 4108 nobis
817 4043 955 4108 offertur
986 4065 1046 4127 per
1066 4065 1209 4128 evange·
1346 4041 1419 4107 Iam
1446 4062 1538 4119 vero,
1566 4043 1595 4108 si
1623 4064 1761 4127 aequum
1789 4053 1839 4109 est
1865 4042 1994 4127 plebem
2022 4043 2220 4108 christianam

235 4129 318 4194 lium
350 4149 370 4194 a
397 4125 471 4192 Deo
500 4138 601 4211 patre,
635 4127 873 4212 amplectimur.
917 4130 1021 4213 Atqui
1052 4130 1210 4195 memoria
1261 4148 1329 4193 non
1355 4127 1487 4212 spoliari
1508 4128 1572 4194 Dei
1600 4128 1651 4194 sui
1678 4129 1790 4206 verbo,
1820 4148 1925 4213 neque
1946 4127 2142 4213 deneganda
2159 4130 2219 4192 sunt

234 4221 364 4293 tenent,
397 4214 453 4296 qui
480 4221 600 4278 statum
630 4214 718 4281 orbis
744 4235 804 4299 per
830 4221 972 4280 aetatem
1000 4222 1077 4281 ante
1106 4235 1210 4281 anuos
1261 4214 1293 4279 ei
1318 4215 1539 4279 instrumenta
1565 4234 1647 4297 quae
1676 4212 1718 4279 ed
1746 4234 1858 4281 veram
1886 4215 1957 4280 eius
1985 4211 2215 4298 intelligentium

233 4300 356 4386 viginti
377 4298 489 4367 videre
500 4306 696 4449 spotuerunt,
718 4301 754 4364 in
775 4300 891 4365 maiori
910 4298 1081 4365 hominum
1097 4300 1210 4366 multi·
1261 4300 1337 4365 usui
1361 4299 1437 4369 siut,
1455 4300 1577 4365 sutura.
1633 4299 1732 4376 Artes
1758 4320 1855 4383 porro
1883 4307 1917 4366 et
1948 4298 2138 4384 disciplinas
2167 4313 2214 4363 uu

234 4386 351 4452 tudine
383 4383 469 4450 nihil
513 4405 568 4449 ere
599 4384 761 4468 reliquum
794 4384 895 4451 fuisse
921 4385 1046 4451 Ohristi
1078 4394 1209 4470 praeter
1260 4384 1377 4451 habet:
1406 4405 1489 4468 quae
1517 4393 1556 4451 ut
1582 4393 1662 4451 sunt
1689 4385 1811 4469 alioqui
1837 4404 1904 4451 non
1925 4387 2064 4452 minima
2082 4381 2211 4455 coendia

234 4493 369 4538 nomeu:
403 4470 594 4536 memoriam
624 4470 760 4538 virtutis
782 4471 853 4538 eius
880 4484 915 4537 et
942 4492 1052 4537 raram
1079 4479 1113 4537 et
1140 4474 1209 4537 exi·
1260 4471 1309 4536 ita
1336 4491 1402 4535 non
1429 4470 1581 4537 omnibus
1608 4470 1840 4538 conceduntur.
1895 4469 2057 4556 Superest
2088 4469 2210 4561 ergoql

234 4579 337 4643 guam
357 4557 530 4623 exstitisse.
577 4555 670 4619 Haec
691 4557 869 4636 calamitas,
892 4577 975 4642 quae
994 4563 1045 4622 est
1061 4557 1210 4623 omnium
1259 4556 1478 4639 interpretum
1500 4576 1600 4641 opera
1620 4556 1810 4635 adiuvetur,
1833 4558 1888 4640 qui
1912 4557 1959 4622 sio
1980 4557 2016 4622 in
2038 4555 2102 4622 Dei
2122 4569 2208 4637 cogu·

234 4650 398 4721 extrema,
427 4664 494 4709 non
522 4638 654 4706 aliunde
681 4652 769 4707 certe
798 4643 974 4723 acciderat,
1003 4665 1102 4727 quam
1124 4642 1209 4727 qnod
1260 4643 1348 4707 tione
1375 4643 1596 4724 prefecerunt,
1624 4650 1661 4708 ut
1688 4642 1769 4708 alios
1797 4662 1925 4726 quoque
1952 4629 2205 4708 mnnuduoereud

235 4728 327 4811 plebs
346 4730 528 4812 scripturae
548 4724 720 4793 lectionem
741 4728 964 4796 sacerdotibus
987 4750 1024 4796 ac
1042 4728 1210 4796 monachis
1261 4748 1333 4793 eam
1355 4727 1489 4811 possint.
1535 4726 1637 4794 Cuius
1660 4729 1747 4794 enim
1768 4729 1940 4812 aequitatis
1961 4729 2061 4808 foret,
2086 4724 2203 4792 honus

236 4813 449 4900 relegaverat,
472 4827 628 4898 tanquam
650 4811 733 4877 nihil
750 4811 789 4878 ad
809 4835 844 4880 se
861 4815 1090 4897 pertinentem,
1113 4835 1210 4897 quum
1259 4813 1365 4879 literis
1391 4833 1429 4879 ac
1455 4811 1636 4897 disciplinis
1664 4813 1809 4880 eruditos
1835 4813 1897 4879 hcc
1921 4833 2049 4898 quoqne
2076 4810 2143 4878 boui
2160 4805 2201 4870 h*

234 4899 279 4963 sit
298 4920 455 4966 emmam
476 4900 617 4966 mnibus
635 4896 717 4979 filiis
733 4898 798 4963 Dei
809 4899 843 4982 ¹).
878 4899 987 4981 Quam
1008 4899 1050 4966 ob
1072 4922 1142 4966 rem
1160 4909 1210 4967 est
1260 4900 1347 4979 bere,
1370 4919 1426 4964 eos
1448 4906 1573 4978 autom,
1603 4900 1657 4983 qui
1680 4898 1885 4966 adminiculis
1907 4897 2065 4966 eiusmodi
2083 4890 2200 4962 omniu
2281 4923 2285 5012 A

2282 5071 2285 5104 l

237 5022 440 5032 -——-—-—-

306 5086 335 5153 1)
354 5088 431 5144 Haec
448 5090 531 5144 verbe
548 5088 607 5156 ipre
623 5091 706 5143 actor
723 5087 797 5141 linea
814 5084 928 5141 Macra
945 5091 1113 5146 messuerit
1333 5085 1363 5151 1)
1384 5084 1448 5139 MS.
1467 5085 1586 5142 abibat:
1601 5085 1704 5154 quibus.

2283 5291 2285 5346 l

2283 5360 2285 5440 Ῑ
