4776 5844
284 252 325 313 79
921 237 923 240 ⁴
989 231 991 237 ¹
1048 242 1267 312 SECUNDA
1287 243 1523 313 DEFENSIO
1902 322 1905 328 ,
2246 253 2288 318 80

283 436 465 502 communis
487 454 603 498 sensus
625 432 740 516 capiet,
771 432 826 496 vel
846 453 887 497 ex
910 431 1142 515 philosophicis
1164 433 1258 498 soho·
1310 441 1348 496 ut
1374 433 1467 508 salva
1499 435 1593 501 nobis
1621 442 1753 500 maneat
1785 438 1929 519 corporis
1957 438 2081 503 veritas
2114 437 2223 520 qualis
2252 437 2288 504 in

282 521 324 586 lis
347 519 498 603 prodibit.
551 516 651 584 Unde
672 518 772 582 etiam
792 525 939 602 apparet,
962 522 1061 600 quam
1083 518 1258 600 magnifiee
1311 518 1474 602 scriptura
1506 522 1671 586 asseritur.
1728 521 1858 621 Corpus
1890 542 1984 603 vero,
2024 522 2154 589 etiamsi
2188 544 2290 606 supra

282 626 384 689 supra
405 605 540 670 humani
562 603 688 687 ingenii
699 613 831 686 captum
850 623 968 669 coenae
986 604 1182 688 mysterium
1200 626 1258 670 ex·
1310 604 1415 670 coelos
1437 612 1587 672 evectum
1607 627 1628 672 a
1649 627 1816 673 commum
1837 615 1975 673 naturae
1996 608 2111 674 ordine
2139 609 2289 676 immune

282 692 398 757 tollere
421 689 514 756 nobis
536 710 635 756 curae
655 689 707 756 sit.
752 688 856 772 Atqui
876 688 1097 771 Westphalus
1120 698 1257 755 naturae
1310 689 1450 769 sitnon
1474 698 1586 757 tamen
1607 713 1724 759 vemm
1745 713 1818 760 θεεθ
1840 713 1957 776 corpus
1978 694 2108 773 desinit,
2128 700 2166 759 ct
2184 702 2289 761 terre·

280 774 484 842 conditorem
512 797 553 841 cx
581 774 720 843 adverso
753 772 943 858 loquentem
980 775 1112 840 inducit.
1168 775 1256 856 Quid
1309 775 1362 840 nis
1382 776 1594 858 qualitatibus
1616 782 1691 862 [pag.
1711 784 1936 857 relaxatum,
1965 780 2053 862 quod
2073 787 2187 846 tamen
2211 780 2289 846 sub·

281 872 393 930 autcm
425 861 592 946 loquitur?
654 861 781 943 Nempe
821 882 856 925 se
888 880 1007 944 cerpus
1039 882 1136 926 suum
1169 860 1256 927 dare.
1310 861 1452 927 stantiae
1474 864 1644 947 proprium
1663 871 1714 928 θεῖ
1741 866 1870 930 retinet.
1922 865 2049 931 Iniuste
2071 887 2151 950 ergo
2173 866 2289 932 West·

281 948 426 1030 Prodest
447 951 517 1031 ipse
541 946 750 1031 antagonista
768 947 809 1011 ad
831 945 1044 1012 evertendam
1067 947 1165 1011 huius
1184 968 1257 1030 pro-
1310 947 1428 1029 phalus
1450 968 1492 1012 ex
1513 948 1741 1032 philosophiae
1770 950 1901 1016 dictatis
1928 971 1987 1016 uos
2014 952 2121 1035 magis
2144 952 2290 1034 pendero

281 1031 445 1100 missionis
466 1034 575 1111 fidem,
604 1054 704 1115 quam
725 1053 785 1096 nos
807 1040 998 1097 reverenter
1018 1032 1257 1113 amplectimur.
1309 1032 1494 1111 insimulat,
1522 1055 1620 1116 quam
1648 1057 1691 1099 ex
1719 1036 1819 1101 verbo
1848 1036 1921 1102 Dei.
1971 1037 2045 1121 Ego
2074 1044 2186 1103 autem
2214 1058 2289 1103 meo

281 1120 368 1186 Nam
391 1121 453 1185 etsi
474 1128 604 1201 praeter
627 1138 746 1200 panem
776 1124 809 1181 et
831 1119 946 1183 vinum
968 1117 1053 1181 nihil
1075 1117 1160 1182 oculi
1183 1140 1257 1183 uos·
1310 1119 1381 1183 iuro
1401 1119 1510 1200 ipsum
1532 1117 1700 1196 admoneo,
1723 1127 1851 1187 utsuac
1869 1123 2068 1205 pervicaciae
2091 1121 2289 1203 valedicens,

282 1209 326 1272 tri
355 1205 578 1289 conspiciunt,
607 1203 671 1268 fide
699 1211 811 1267 tamen
840 1204 943 1267 vitam
972 1202 1256 1285 apprehendimus,
1310 1201 1351 1268 de
1384 1205 1525 1286 genuino
1555 1207 1647 1271 verbi
1676 1207 1740 1271 Dei
1773 1228 1870 1271 seusu
1904 1208 2012 1274 doceri
2045 1230 2081 1273 se
2113 1209 2287 1274 sustineat.

281 1313 364 1377 quae
388 1313 430 1356 ex
450 1290 578 1356 Christi
603 1309 701 1354 carne
728 1298 762 1352 et
788 1289 949 1371 sanguiue
978 1308 1193 1370 promanans,
1222 1290 1257 1354 in
1310 1288 1440 1370 Alioqui
1463 1290 1573 1355 valeat
1595 1292 1666 1374 ipse
1687 1313 1764 1356 cum
1784 1314 1843 1357 suo
1866 1292 2113 1375 phantasmate,
2142 1294 2232 1376 quod
2253 1295 2289 1359 in

282 1379 410 1445 animas
428 1396 532 1458 usque
550 1381 679 1440 nostras
698 1382 856 1457 penetrat.
889 1372 1103 1456 Respondore
1125 1396 1185 1439 nos
1202 1395 1258 1439 ore
1309 1373 1436 1441 Christi
1458 1374 1566 1440 verbis
1588 1397 1760 1459 perperam
1782 1379 2047 1444 comminiscitur.

282 1463 408 1531 Christi
429 1463 536 1538 iubet,
564 1460 689 1525 fidesne
708 1460 829 1524 rationi
851 1460 967 1536 carnis,
995 1480 1037 1523 an
1060 1460 1168 1542 potius
1190 1461 1258 1524 filio
1396 1458 1559 1540 Quintum
1572 1470 1671 1544 eaput
1682 1471 1733 1527 est
1744 1462 1785 1528 de
1800 1464 2021 1529 transfusione
2033 1464 2248 1545 substantiae,
2263 1466 2287 1548 ¹)

282 1550 348 1616 Dei
370 1545 522 1613 habenda
550 1544 614 1610 sit?
666 1545 739 1629 Ego
767 1566 844 1609 vero
873 1545 996 1610 centies
1025 1546 1161 1627 periisse
1188 1567 1258 1610 ma·
1310 1545 1366 1609 ubi
1388 1567 1447 1610 suo
1465 1567 1556 1610 more
1579 1548 1746 1629 praefat-ur
1773 1569 1832 1631 pro
1860 1549 1987 1614 somnio
2013 1570 2066 1614 me
2087 1549 2212 1615 habere
2234 1570 2287 1615 oc-

282 1637 351 1713 lim,
370 1655 469 1717 quem
487 1653 591 1697 unum
603 1631 728 1695 Christi
747 1631 922 1696 verbulum
939 1651 1014 1695 oum
1033 1637 1102 1694 tota
1116 1636 1189 1710 [pag.
1203 1636 1256 1710 76]
1310 1630 1427 1696 clasiae
1449 1629 1556 1697 fidem.
1601 1632 1707 1698 Miror
1729 1642 1841 1698 autem
1864 1656 1923 1700 cur
1944 1656 2011 1699 non
2033 1634 2152 1700 saltem
2173 1655 2195 1698 a
2216 1635 2288 1700 Lu·

282 1719 491 1805 philosophia
518 1717 560 1782 ad
588 1716 734 1781 trutinae
762 1737 901 1780 examen
929 1713 1130 1798 appendere,
1163 1716 1258 1782 sicuti
1311 1715 1413 1793 thero,
1442 1737 1539 1798 quem
1561 1717 1684 1800 ubique
1703 1719 1766 1784 sibi
1787 1719 1983 1804 magistrum
2004 1721 2113 1799 iactat,
2136 1720 2289 1786 didicerit

282 1803 662 1889 Westphaluspcstulat.
698 1801 813 1884 Neque
823 1802 910 1866 enim
929 1811 1135 1866 sacrosancta
1151 1800 1257 1879 modo,
1311 1800 1466 1866 ecclesiae
1498 1823 1617 1867 nomen
1648 1805 1778 1887 parcius
1811 1811 1845 1869 et
1877 1805 2059 1870 modestius
2098 1804 2286 1871 obtendere.

282 1900 316 1959 et
344 1890 519 1963 αὐτόπισιος
552 1889 645 1953 nobis
678 1896 728 1952 est
760 1887 887 1952 Christi
919 1887 1092 1965 autoritas,
1127 1887 1184 1953 sed
1216 1886 1259 1952 ad
1310 1887 1485 1952 Neminem
1496 1889 1584 1952 enim
1602 1909 1642 1952 er
1655 1890 1792 1973 papistis
1806 1891 1965 1955 hactenus
1983 1891 2079 1956 video
2101 1893 2288 1974 protervius

281 1974 478 2045 fraenandos
499 1995 612 2039 omncs
625 1973 796 2038 hominum
809 1993 933 2050 sensus,
956 1978 1122 2054 totamque
1144 1971 1260 2038 mundi
1310 1980 1345 2037 et
1365 1974 1471 2056 magis
1493 1972 1630 2038 effraeni
1652 1975 1787 2042 audacia
1813 1976 1914 2041 fuisse
1935 1977 2088 2042 ecclesiae
2111 1976 2209 2041 titulo
2231 1975 2289 2041 ab·

280 2064 476 2147 sapientiam
499 2059 714 2143 subigendam
743 2058 873 2122 abunde
895 2058 1040 2121 sufficit·
1070 2058 1186 2140 Longe
1208 2059 1258 2123 iu·
1311 2079 1415 2123 usum.
1459 2058 1532 2142 Ego
1554 2058 1684 2141 quidem
1706 2061 1883 2144 interrogo,
1911 2083 1979 2126 non
1999 2063 2208 2128 stomachose
2230 2061 2289 2128 sed

280 2157 411 2216 ternos
434 2144 522 2212 aliud
544 2147 672 2229 agitur,
688 2143 812 2209 fidesue
834 2142 1028 2207 coelestibus
1050 2143 1121 2209 istis
1144 2165 1257 2209 oraou·
1311 2143 1435 2226 optima
1455 2143 1590 2219 ratione,
1619 2146 1705 2210 sitne
1722 2146 1963 2224 somniandum,
1985 2146 2110 2212 Christi
2132 2149 2289 2213 substau-

280 2236 323 2302 lis
345 2241 495 2300 constare
507 2231 633 2308 debeat,
656 2228 853 2311 sperandam
870 2229 963 2293 nobis
985 2231 1258 2295 resurrectionem
1310 2230 1391 2304 tiam
1409 2230 1444 2293 in
1465 2250 1526 2293 nos
1548 2231 1743 2312 transfundi,
1764 2239 1802 2298 ut
1822 2231 1972 2298 sordibus
1992 2234 2113 2298 nostris
2134 2234 2288 2315 inquine-

281 2342 362 2397 esse,
385 2338 468 2402 quae
490 2314 615 2398 corpus
632 2322 781 2379 nostrum
808 2313 1017 2396 corruptibile
1039 2322 1073 2379 et
1094 2316 1258 2381 abiectum
1310 2322 1372 2380 tur.
1383 2317 1413 2398 ²)
1456 2314 1592 2379 Ieiunus
1622 2315 1675 2380 hie
1701 2317 1824 2396 rhetor,
1834 2319 1863 2401 Β)
1891 2318 1947 2401 qui
1974 2318 2057 2382 mihi
2086 2317 2158 2383 siue
2180 2318 2289 2385 colore

282 2407 447 2474 conforme
464 2399 581 2467 reddat
598 2400 740 2484 glorioso
752 2397 877 2463 Christi
887 2400 1015 2481 corpori
1033 2400 1132 2478 (Phil.
1148 2405 1176 2478 3,
1191 2402 1257 2483 21),
1310 2401 1378 2466 ullo
1401 2400 1606 2465 stomachum
1629 2402 1814 2485 exprobrat,
1837 2404 1984 2486 graviter
2006 2404 2225 2483 excandescit,
2249 2424 2288 2471 ac

282 2497 460 2559 venturum
482 2487 599 2552 eccelo
611 2488 647 2549 in
659 2484 800 2549 nubibus
819 2484 924 2548 filium
945 2485 1089 2551 hominis
1107 2492 1146 2551 ut
1162 2508 1258 2550 mun·
1311 2486 1340 2551 si
1367 2506 1441 2551 mea
1468 2485 1594 2551 somnia
1623 2487 1659 2550 in
1687 2488 1796 2571 ipsum
1825 2489 2047 2554 transferrem.
2100 2489 2175 2572 Ego
2208 2510 2289 2555 vero

283 2576 363 2642 dum
385 2573 515 2649 iudicet,
549 2572 662 2636 Iesum
683 2570 907 2648 Nazarenum,
934 2579 1107 2654 postquam
1128 2572 1164 2636 in
1187 2591 1258 2636 coe·
1310 2592 1370 2636 neo
1391 2593 1467 2636 eum
1489 2572 1662 2653 privatim,
1691 2595 1751 2640 nec
1781 2575 1852 2639 eius
1878 2582 2045 2639 catervam
2074 2573 2155 2639 adeo
2178 2575 2289 2658 suspi-

281 2661 352 2728 lum
380 2656 541 2735 ascendit,
575 2664 753 2720 venturum
779 2655 864 2720 sicut
892 2657 982 2721 risus
1008 2664 1059 2722 cst
1084 2656 1259 2722 ascendere
1311 2658 1405 2723 cione
1427 2676 1565 2742 gravare
1586 2658 1691 2737 volui,
1719 2665 1757 2723 ut
1778 2659 1885 2742 magis
1907 2659 2111 2742 propositum
2134 2663 2210 2739 [pag.
2236 2665 2290 2739 79]

283 2751 371 2832 (Act.
394 2750 420 2821 l,
443 2742 518 2826 ll)?
569 2739 780 2824 Respondeat
800 2741 1029 2824 Westphalus,
1063 2764 1108 2808 an
1139 2764 1259 2808 unum·
1310 2744 1410 2808 fuerit
1430 2742 1589 2826 quidquid
1622 2745 1815 2827 suspicionis
1835 2746 1873 2808 in
1901 2744 2062 2828 ambiguis
2085 2746 2156 2810 eius
2178 2746 2291 2812 verbis

282 2829 433 2916 quodque
462 2850 579 2911 corpus
609 2827 661 2890 dic
689 2827 806 2891 ultimo
833 2827 1031 2893 immensum
1059 2830 1128 2894 fore
1155 2838 1258 2912 putet
1310 2829 1469 2894 haerebat
1490 2827 1662 2893 discutere.
1719 2832 1769 2894 Ac
1797 2851 1887 2896 nuno
1909 2851 1981 2895 meo
2003 2829 2154 2912 exemplo
2178 2837 2290 2896 osten-

232 2919 235 2922 ’
282 2918 369 2984 Nam
398 2936 499 2999 quum
526 2936 568 2978 ex
601 2913 845 2996 transfiguratis
878 2914 914 2977 in
948 2913 1086 2979 eandem
1119 2914 1259 2997 gloriam
1312 2913 1397 2990 dam,
1419 2921 1541 2996 quanto
1562 2913 1666 2977 satius
1687 2913 1731 2979 sit
1752 2915 1888 2980 comitur
1904 2913 2067 2998 amplecti,
2093 2936 2178 2998 quae
2200 2923 2291 2982 recte

282 3001 473 3087 corporibus
496 2999 626 3078 nostris,
648 2997 773 3063 Christi
791 2998 971 3081 potentiam
993 2999 1158 3066 aestimari
1181 3000 1261 3065 velit
1312 2999 1512 3077 dictasunt,
1541 3019 1640 3080 quam
1661 2999 1845 3079 fastidiose,
1878 3008 1916 3064 ut
1937 3001 2007 3083 ipse
2028 2999 2126 3078 solet,
2155 3023 2195 3066 ac
2217 3002 2291 3068 sinc

283 3089 418 3164 Paulus,
441 3086 495 3152 vol
517 3107 556 3150 ea
578 3085 613 3148 in
635 3083 774 3148 nihilum
786 3083 956 3167 redigitur,
978 3085 1031 3151 vel
1049 3084 1182 3151 credere
1200 3107 1259 3150 ue·
1312 3084 1439 3150 delectu
1460 3104 1623 3168 respuere.
1671 3084 1831 3150 Libenter
1851 3086 1961 3169 itaque
1984 3085 2130 3167 deposita
2151 3094 2291 3152 conten·

283 3195 373 3242 cesse
394 3179 459 3251 est,
487 3191 555 3236 non
584 3169 688 3253 magis
712 3190 800 3234 nunc
823 3169 1024 3234 immensum
1045 3191 1117 3236 θεεθ
1139 3191 1259 3254 corpus
1311 3172 1412 3246 tione,
1440 3171 1528 3253 quod
1554 3168 1639 3232 mihi
1664 3170 1814 3236 concedit
1841 3171 1978 3254 recipio,
2005 3170 2131 3236 Christi
2154 3193 2291 3238 carnem

284 3259 424 3337 Christi,
458 3278 556 3340 quam
584 3264 698 3320 nostra
727 3263 805 3319 tunc
833 3255 946 3318 futura
966 3262 1053 3321 sunt.
1098 3254 1196 3335 Quod
1218 3256 1259 3321 de
1311 3277 1415 3338 neque
1437 3257 1474 3319 in
1491 3277 1551 3320 nos
1573 3255 1774 3334 transfundi,
1804 3276 1910 3339 neque
1932 3255 2034 3322 locari
2055 3256 2208 3338 inpane,
2232 3278 2291 3322 ne·

283 3345 409 3413 Christi
426 3344 461 3408 iu
479 3342 607 3408 coelum
624 3361 770 3417 ascensu,
793 3339 834 3405 de
855 3339 999 3406 secundo
1021 3342 1090 3406 eius
1113 3340 1259 3407 adventu
1310 3363 1373 3427 que
1395 3362 1471 3407 cum
1492 3359 1577 3424 pane
1594 3342 1753 3406 connecti.
1797 3339 1954 3424 Sepultao
1975 3361 2035 3424 per
2055 3362 2109 3406 me
2130 3353 2294 3408 maneant

283 3430 476 3498 adducimus
494 3449 535 3493 ex
558 3426 732 3508 scriptura,
755 3447 868 3491 secure
885 3425 1103 3510 Westphalus
1122 3425 1257 3506 deridet,
1310 3428 1410 3493 huius
1427 3428 1557 3510 generis
1575 3426 1791 3508 loquutiones,
1814 3447 1895 3509 quas
1917 3434 2030 3492 tamen
2046 3426 2128 3491 falso
2151 3447 2172 3490 a
2194 3429 2292 3495 nobis

283 3518 377 3600 quasi
399 3512 585 3598 probandae
614 3511 862 3576 resurrectionis
890 3531 990 3577 causa
1010 3513 1133 3578 visibili
1154 3515 1259 3578 forma
1310 3515 1466 3580 confictas
1483 3533 1555 3578 esse
1576 3512 1797 3593 conqueritur,
1819 3512 1860 3577 ad
1883 3511 2136 3577 deformandum
2157 3521 2292 3579 contra·

283 3603 318 3667 in
348 3601 475 3668 coelum
510 3597 678 3664 sublatum
706 3597 749 3660 sit
778 3596 904 3661 Christi
940 3602 1013 3677 [pag.
1044 3603 1098 3677 77]
1130 3620 1258 3681 corpus,
1311 3600 1397 3664 rium
1420 3597 1546 3680 dogma
1591 3596 1729 3663 Utinam
1751 3618 1791 3662 ea
1812 3617 1911 3680 quam
1933 3597 2069 3662 simulat
2089 3598 2292 3664 verecundia

218 3736 222 3739 -
283 3695 396 3770 postea
424 3692 458 3749 et
484 3686 623 3750 formam
652 3689 686 3747 et
708 3681 948 3747 dimensionem
975 3684 1111 3748 exuerit.
1156 3685 1259 3768 Atqui
1312 3693 1345 3751 et
1366 3684 1533 3761 sobrietas,
1564 3683 1600 3746 in
1623 3702 1737 3747 eorum
1758 3681 1851 3749 libris
1873 3691 2027 3760 exstaret,
2054 3682 2174 3764 quibus
2203 3684 2290 3749 nihil

284 3772 324 3838 ab
346 3771 471 3854 angelis
492 3767 632 3834 idemab
650 3789 787 3833 ascensu
809 3787 911 3848 usque
934 3767 975 3831 ad
998 3767 1086 3833 diem
1106 3769 1259 3835 ultimum
1312 3768 1401 3837 aliud
1422 3769 1516 3850 pensi
1537 3768 1616 3845 fuit,
1643 3789 1743 3850 quam
1764 3789 1861 3833 suum
1882 3770 2077 3852 figmentum
2101 3790 2232 3852 urgere,
2255 3771 2290 3835 in

284 3863 388 3922 status
410 3855 616 3938 relinquitur.
666 3853 772 3917 Futili
800 3851 932 3916 tandem
954 3853 1086 3935 argutia
1107 3875 1168 3920 nos
1189 3855 1260 3921 elu·
1311 3876 1396 3938 pane
1428 3875 1499 3919 esse
1527 3852 1653 3918 Christi
1686 3874 1813 3936 corpus.
1868 3852 1937 3919 Sed
1969 3852 2110 3917 liberum
2142 3855 2211 3919 iam
2246 3856 2290 3920 sit

283 3940 360 4007 dere
383 3948 496 4004 tentat.
540 3941 697 4023 Pugnare
719 3939 807 4002 enim
830 3959 904 4003 cum
922 3937 1060 4021 physica
1078 3947 1190 4006 nostra
1211 3940 1260 4005 di·
1311 3939 1508 4023 Westphalo
1536 3947 1632 4021 atque
1657 3939 1841 4023 integrum,
1876 3961 1918 4003 ex
1946 3939 2063 4003 intimo
2097 3959 2157 4004 suo
2187 3961 2287 4006 sensu

284 4028 329 4092 cit
339 4025 436 4091 Pauli
457 4026 665 4100 sententiam,
688 4024 745 4089 ubi
766 4023 868 4088 tradit
880 4022 1050 4088 Christum
1073 4046 1173 4109 supra
1190 4048 1259 4091 om·
1312 4025 1469 4111 quidquid
1491 4023 1622 4089 libuerit
1641 4026 1795 4107 proferre.
1844 4024 1918 4089 Hoc
1945 4044 2012 4089 uno
2033 4045 2070 4088 se
2091 4031 2290 4090 contentum

284 4133 343 4177 nes
365 4110 472 4176 coelos
495 4110 686 4175 ascendisse.
737 4106 847 4190 Quid?
880 4129 923 4173 an
946 4130 1005 4174 uos
1027 4111 1113 4174 inter
1134 4112 1259 4178 medias
1310 4111 1500 4195 respondet:
1523 4109 1601 4191 quia
1622 4110 1784 4192 sapientia
1802 4109 1928 4174 aeterni
1948 4109 2052 4191 patris
2073 4109 2147 4174 dari
2168 4130 2289 4195 corpus

284 4197 441 4282 sphaeras
464 4194 634 4260 Christum
661 4194 827 4261 locamus?
862 4194 915 4260 vel
945 4195 1114 4278 tugurium
1143 4198 1173 4261 ei
1202 4220 1259 4263 ex·
1311 4199 1469 4272 affirmat,
1498 4195 1719 4278 praesentiam
1745 4195 1889 4279 corporis
1916 4196 1953 4259 in
1975 4213 2076 4259 coena
2099 4195 2216 4275 statui;
2250 4195 2291 4261 de

283 4282 443 4349 struimus
471 4281 559 4345 inter
586 4279 754 4363 planetas?
805 4279 944 4346 Coelum
970 4287 1021 4346 est
1048 4283 1259 4365 magnificum
1310 4281 1408 4348 modo
1437 4282 1655 4365 praesentiae,
1684 4282 1762 4363 quia
1785 4278 2124 4362 incomprehensibilis
2153 4289 2221 4360 est,
2255 4303 2291 4348 se

284 4367 348 4434 Dei
371 4365 539 4450 palatium,
562 4373 631 4429 tcto
652 4364 769 4430 mundi
789 4365 917 4449 opificio
935 4366 1095 4448 superius.
1140 4368 1259 4452 'Pripu-
1311 4389 1379 4433 non
1406 4367 1582 4450 inquirere.
1633 4366 1736 4448 Atqui
1765 4366 1849 4430 mihi
1874 4372 1963 4431 certa
1990 4372 2041 4430 θεῖ
2069 4385 2107 4431 ac
2133 4367 2294 4449 expedita

284 4454 354 4519 diat
375 4448 606 4534 Westphalus,
630 4450 717 4533 quod
739 4450 892 4517 Christus
915 4451 1095 4516 secundum
1119 4472 1179 4518 uos
1202 4475 1259 4519 er·
1312 4452 1471 4530 defensio,
1504 4458 1541 4516 ut
1569 4449 1665 4516 detur
1693 4450 1818 4517 Christi
1847 4472 1978 4534 corpus,
2006 4451 2145 4516 minimo
2174 4460 2293 4518 tamen

284 4548 337 4605 tra
353 4538 462 4603 locum
482 4536 619 4612 habitet,
641 4536 733 4618 quasi
752 4536 828 4602 huic
848 4536 966 4603 cavillo
987 4545 1170 4619 opportune
1192 4559 1260 4604 non
1311 4539 1433 4622 requiri
1452 4537 1686 4621 praesentiam:
1710 4537 1786 4619 quia
1807 4538 1873 4602 ium
1885 4543 1961 4601 ante
1972 4536 2117 4618 exposui,
2141 4537 2231 4620 quod
2249 4560 2294 4604 ex

283 4624 385 4691 fucrit
412 4645 431 4688 a
457 4622 552 4688 nobis
584 4642 765 4687 occursum.
821 4623 936 4705 Noque
971 4623 1060 4687 enim
1087 4622 1260 4690 Christum
1311 4625 1457 4691 locorum
1485 4623 1639 4688 dismnha
1671 4621 1875 4688 obstaculum
1909 4622 2090 4706 ingeritur,
2124 4621 2294 4690 immensa

231 4727 232 4731 ’
283 4710 344 4778 sub
367 4731 452 4792 pane
470 4706 660 4773 delitescere
677 4727 845 4790 negamus,
867 4709 945 4790 quia
965 4707 1036 4773 loco
1057 4710 1189 4792 proprie
1207 4711 1258 4775 in·
1310 4711 1446 4794 spiritus
1484 4707 1608 4775 virtute
1639 4707 1797 4790 superari.
1860 4705 1945 4773 Dari
1978 4727 2095 4791 corpus
2126 4711 2203 4787 [pag.
2235 4715 2293 4790 uu]

177 4802 183 4814 ‘
237 4807 240 4811 ’
284 4797 396 4872 clusus
418 4796 470 4873 sit,
494 4792 552 4860 sed
571 4794 648 4876 quia
670 4792 841 4857 elementis
863 4794 1013 4860 omnibus
1035 4796 1184 4876 superior
1201 4816 1258 4860 ex·
1318 4852 1320 4857 .

284 4889 336 4947 tra
358 4880 521 4946 mundum
541 4878 678 4944 habitat.
709 4877 846 4960 Excipit
863 4898 931 4942 non
952 4879 1060 4962 magis
1082 4901 1157 4945 oum
1174 4880 1259 4966 phy·

285 4969 353 5033 m
373 4986 538 5050 pugnam
567 4986 685 5048 oorpus
712 4963 862 5047 pluribus
887 4964 924 5027 in
944 4963 1024 5030 1⁰⁰ss
1046 4985 1132 5042 Μ’
1160 4986 1259 5049 quam
1311 4947 1507 5073 uousliroh‘irulca
1520 4944 1890 5080 ffiltligndggcirioiisshsdinriri
1908 4945 2043 5068 illidii?
2059 4944 2094 4999 de
2112 4942 2206 5002 cm„
2224 4963 2295 5004 ΜΟ

285 5051 379 5150 nullo
399 5051 559 5118 contineri
580 5050 659 5117 loco.
703 5050 831 5114 Iterum
852 5056 973 5131 repeto,
996 5050 1089 5115 nobis
1112 5049 1152 5116 de
1174 5050 1259 5136 phy·
1380 5084 1411 5150 2)
1431 5083 1487 5138 m
1502 5085 1630 5152 mm,
1647 5083 1731 5136 mk,
1750 5082 1925 5152 inquinemur.

283 5157 354 5203 sica
374 5158 440 5202 non
458 5158 530 5204 θεεθ
549 5142 726 5216 certamen,
747 5133 807 5201 scd
825 5142 956 5200 tantum
974 5133 1036 5199 hoc
1052 5135 1259 5216 contendere,
1380 5152 1412 5220 3)
1430 5169 1461 5208 oc
1479 5152 1563 5221 gentil
1579 5152 1750 5219 maguam
1766 5149 1918 5207 moriendo
