4748 5798
777 1532 1054 1615 rounnms
1075 1505 1309 1647 carnum
1330 1533 1643 1616 acaronem.
1750 1520 1753 1531 ·

288 1760 367 1842 [pag.
382 1761 436 1836 22]
452 1754 578 1822 Multos
591 1755 759 1821 doetrinae
776 1772 871 1819 meae
888 1774 959 1820 osee
977 1752 1185 1836 adversarios
1236 1753 1433 1838 Quanquam
1455 1755 1667 1839 scripserisne
1695 1755 1767 1838 ipse
1788 1763 1845 1820 tua
1866 1776 1982 1834 manu,
2010 1778 2054 1821 an
2075 1754 2174 1824 Seoto
2186 1757 2213 1844 ¹)

190 1862 313 1926 :nequo
334 1841 468 1925 ignoro,
496 1861 605 1924 neque
632 1841 759 1906 miror:·
782 1841 859 1924 quia
886 1846 1010 1921 novum
1038 1861 1103 1905 non
1135 1847 1185 1904 est
1236 1838 1425 1906 deliriorum
1439 1840 1581 1906 'tuorum
1598 1840 1756 1923 ,prneooni
1778 1840 1864 1925 quod
1885 1863 1953 1907 non
1974 1841 2093 1909 licebat
2113 1842 2213 1909 isthic

194 1927 352 2006 Christo,
376 1928 436 1994 sub
459 1927 554 1993 ouius
576 1928 732 2011 auspiciis
753 1926 869 2005 milito,
899 1923 1020 1990 multos
1043 1924 1185 1991 blatero·
1235 1924 1371 2010 vulgare
1393 1925 1576 2004 dictaveris,
1599 1937 1638 1990 nt
1659 1926 1829 1992 Lutetiam
1847 1928 2016 2012 perferret,
2038 1949 2112 1993 mea
2128 1927 2213 1994 nihil

191 2034 264 2079 nes
283 2014 489 2097 obstrepere:
512 2013 575 2079 boc
598 2022 727 2078 tantum
739 2012 873 2077 nomine
895 2008 997 2090 doleo,
1021 2011 1106 2093 quod
1126 2031 1184 2094 per
1235 2013 1381 2078 interest.
1416 2015 1526 2095 Atque
1549 2013 1676 2076 utinam
1698 2011 1752 2079 vel
1774 2012 1857 2079 alins
1878 2023 1963 2079 esset
1983 2013 2086 2080 libelli
2107 2023 2212 2096 autor,

188 2099 292 2165 latus
314 2117 426 2164 meum
449 2099 623 2184 configitur
645 2117 738 2165 saera
759 2097 816 2163 illa
834 2105 1033 2181 aeternaque
1043 2095 1108 2162 Dei
1125 2117 1184 2161 ve·
1235 2097 1290 2163 rel
1314 2108 1350 2163 tn
1372 2097 1443 2182 ipse
1465 2119 1554 2164 esses
1576 2096 1674 2163 alius:
1703 2097 1789 2181 quod
1812 2120 1879 2163 non
1895 2098 1998 2165 'aliter
2019 2098 2212 2180 lietdonee

188 2185 296 2262 ritas,
342 2205 419 2250 uam
442 2184 635 2251 reverenter
657 2206 677 2250 a
699 2192 768 2249 toto
785 2182 908 2248 mundo
926 2182 1048 2265 suspici
1070 2180 1185 2247 adora·
1235 2203 1335 2267 quam
1357 2182 1506 2249 amabilis
1528 2184 1572 2248 sit
1588 2184 1698 2248 virtus
1719 2182 1907 2268 ingenuiles
1927 2189 2001 2264 [pag.
2021 2190 2074 2265 25]
2097 2192 2212 2269 gusta-

187 2272 299 2355 rique
321 2206 465 2357 decebat.
510 2268 578 2336 Sed
602 2270 680 2354 quia
700 2268 741 2335 ab
764 2268 856 2334 initio
874 2289 947 2334 eam
968 2267 1062 2334 video
1084 2267 1184 2333 luisse
1236 2271 1331 2336 veris.
1376 2268 1725 2355 Quanquamlsemper
1742 2289 1870 2335 meeum
1889 2279 2078 2336 reverenter
2095 2271 2212 2355 loquu-

189 2356 383 2422 obnorium
408 2355 523 2422 multis
551 2354 772 2442 improborum
796 2354 984 2432 calumniis,
1013 2362 1047 2419 et
1068 2353 1184 2420 Chris·
1236 2364 1289 2420 tus
1311 2373 1355 2432 es,
1379 2375 1477 2438 quam
1499 2363 1610 2420 tamen
1632 2375 1814 2439 propensus
1835 2364 1956 2441 natura
1976 2377 2065 2435 esses
2094 2356 2135 2421 ad
2157 2377 2212 2423 ea·

186 2453 288 2521 tum,
313 2442 391 2525 quia
410 2443 457 2507 ita
483 2441 630 2507 decrevit
652 2440 799 2508 coelestis
822 2449 927 2525 pater,
950 2460 1084 2527 scopum
1108 2460 1194 2525 con·¹
1234 2439 1428 2524 villandum,
1447 2462 1514 2506 non
1535 2439 1666 2505 difficile
1684 2440 1746 2505 init
1765 2462 1969 2526 cognoscere.
2002 2442 2131 2508 Vitium
2149 2442 2213 2508 hoo

185 2523 411 2594 tradictiouis
441 2548 512 2593 esee
540 2550 559 2592 o
604 2536 684 2604 rtet,
715 2526 776 2593 hoc
803 2547 932 2610 quoqne
953 2525 1117 2608 patienter
1137 2526 1183 2591 ie·
1235 2526 1322 2676 guod
1344 2527 1444 2591 etiam
1466 2525 1653 2609 puerilibus
1668 2527 1767 2611 nugis
1788 2527 1941 2614 augebas,
1963 2528 2126 2612 corrigere
2142 2535 2212 2595 stu·

150 2634 153 2640 ’
183 2612 347 2680 rendum
380 2621 465 2696 eet.v
496 2613 588 2679 Nuli
622 2623 733 2677 tamen
773 2612 995 2696 improborum
1026 2609 1184 2677 virulenti
1257 2613 1293 2676 ui
1313 2609 1372 2677 sed
1393 2613 1531 2677 frustra:
1567 2613 1643 2695 qnia
1667 2610 1882 2679 adnotarem
1904 2622 2087 2681 accesserat
2106 2634 2213 2697 prava

181 2719 336 2769 luorsns
357 2720 504 2783 unquam
525 2699 672 2765 efficient
693 2707 732 2762 nt
753 2699 823 2763 eius
845 2718 898 2761 nte
919 2696 1085 2763 doetrinae
1108 2718 1184 2781 poe·
1236 2698 1411 2776 affectatio,
1431 2706 1470 2763 ut
1492 2698 1651 2786 acuminis
1673 2697 1804 2763 laudem
1826 2719 1867 2778 ex
1889 2697 2110 2784 frigidissimis
2138 2700 2211 2784 qui-

181 2785 331 2863 niteat,
374 2789 449 2866 [pag.
484 2789 538 2865 23]
571 2805 668 2868 quam
702 2804 723 2849 a
754 2778 826 2848 Deo
853 2792 973 2862 >autore
1005 2783 1184 2866 prolectam
1235 2784 1360 2867 busque
1382 2792 1416 2849 et
1436 2780 1632 2866 plusquam
1658 2782 1809 2868 insipidis
1824 2785 1914 2866 ‚iocis
1940 2792 2098 2869 captares.
2141 2784 2212 2853 Neo

181 2892 277 2938 osse
302 2876 391 2937 certo
412 2871 496 2936 mihi
513 2877 649 2937 constat.
685 2869 755 2936 Nee
778 2877 845 2934 tam
868 2868 1012 2959 maloin
1034 2876 1092 2948 tot,
1114 2869 1184 2951 qui·
1235 2891 1313 2935 vero
1335 2876 1387 2934 est
1406 2869 1493 2954 quod
1515 2877 1548 2934 te
1558 2867 1704 2936 Socratis
1725 2870 1877 2954 exemplo
1895 2880 1996 2956 tegas,
2019 2869 2106 2955 quod
2124 2870 2213 2938 dicta

178 2954 266 3025 bus
288 2975 344 3021 me
361 2956 455 3023 Deus
476 2957 547 3041 ipse
565 2957 712 3022 exercuit
728 2954 969 3033 certaminibus,
992 2953 1185 3038 profeciat
1235 2954 1398 3039 quaelibet
1419 2955 1490 3021 s'uis
1507 2954 1635 3022 oavlllis'
1656 2957 1823 3039 exagitare
1845 2956 1971 3023 solitus
1984 2958 2091 3023 fuerit
2111 2955 2210 3023 'Nam

182 3043 243 3110 ad
268 3041 383 3109 suffles
398 3047 528 3108 vestros
547 3043 691 3125 crepitus
713 3039 820 3107 adhue
842 3046 1066 3123 expavescam.
1110 3040 1184 3105 Imo
1236 3063 1337 3124 quum
1360 3041 1537 3121 excelleret
1564 3041 1617 3107 vir
1642 3040 1699 3106 ille
1716 3035 1830 3108 multis
1851 3052 1886 3108 et
1907 3042 2083 3126 praeclaris
2104 3041 2212 3108 virtu-

176 3127 291 3214 quod
315 3124 358 3192 ad
386 3132 420 3193 te
443 3127 600 3212 privatim
621 3128 755 3206 attinet,
782 3125 909 3193 larvata
928 3126 1081 3209 monitor,
1104 3124 1185 3190 haec
1235 3127 1333 3202 tibus,
1351 3148 1416 3192 uno
1438 3126 1500 3192 hoc
1521 3125 1602 3201 vitio
1623 3123 1787 3209 quodnon
1797 3127 1909 3193 miuus
1922 3148 2095 3213 perperam
2112 3147 2212 3212 quam

174 3233 254 3283 tue
280 3213 367 3279 ratio
388 3212 543 3279 nonnihil
564 3212 698 3299 solatur,
720 3211 808 3296 quod
827 3211 1047 3277 inhominem
1064 3209 1184 3277 melius
1236 3210 1352 3296 cupide
1374 3213 1549 3278 aemularis
1580 3233 1636 3277 eas
1658 3232 1772 3278 omnes
1792 3213 1986 3295 inquinavit,
2158 3242 2159 3245 ¹

173 3307 304 3387 quam
329 3298 448 3384 dignus
470 3319 544 3365 eras
566 3299 606 3364 de
629 3306 661 3364 te
682 3299 838 3386 meritum
855 3297 1011 3383 ingratus
1024 3317 1095 3362 csso
1118 3317 1184 3361 non
1320 3297 1566 3362 Refutationem
1588 3297 1701 3380 scripti
1721 3299 1769 3362 tui
1787 3319 1808 3363 a
1828 3318 1881 3363 me
1899 3299 2014 3382 exigis,
2037 3319 2120 3381 quae
2137 3317 2213 3381 pos-

171 3384 359 3472 potuisti,
394 3385 473 3469 quin
499 3383 628 3451 foedam
655 3384 755 3450 simul
781 3384 984 3469 impietatem
1011 3384 1046 3446 in
1072 3381 1184 3448 Deum
1236 3383 1281 3447 sit
1309 3403 1329 3447 a
1355 3382 1477 3482 populo
1504 3381 1654 3472 intelligi.
1704 3382 1868 3467 Equidem
1896 3384 2036 3468 simplici
2065 3403 2213 3468 puroque

169 3470 371 3557 proderes.
427 3468 504 3537 Seio
537 3469 667 3554 quidem
700 3469 796 3536 vobis
823 3467 1028 3536 Academicis
1056 3467 1184 3533 nullum
1236 3466 1374 3534 doeendr
1390 3468 1683 3553 generehactenns
1704 3469 1814 3535 studui
1837 3490 1890 3535 me
1912 3468 2213 3557 accommodarend

172 3557 392 3626 suaviorem
415 3576 487 3622 esse
507 3554 635 3634 ludum,
653 3577 750 3639 qnam
773 3555 834 3622 sub
845 3555 1055 3621 dubitationis
1077 3556 1185 3637 speeie
1236 3554 1403 3621 rudissimi
1421 3556 1575 3638 cuiusque
1597 3563 1736 3638 captum.
1770 3554 1897 3620 Verum
1919 3556 1948 3620 si
1965 3553 2091 3620 nullum
2112 3555 2212 3621 ratio-

170 3640 393 3712 convellere
411 3641 569 3726 quidquid
595 3652 645 3707 est
666 3640 743 3707 fidei
764 3643 800 3705 in
820 3641 973 3708 cordibus
994 3640 1182 3705 hominum:
1236 3661 1313 3706 nem
1338 3640 1500 3719 admittis,
1524 3641 1588 3705 nisi
1611 3661 1708 3723 quam
1728 3644 1802 3719 [pag.
1822 3646 1876 3720 26]
1899 3641 1986 3724 capit
2008 3641 2131 3706 terreni
2153 3641 2212 3707 ho-

170 3742 230 3797 et
255 3748 361 3813 quam
383 3726 492 3810 lepida
513 3748 599 3804 esse,
623 3748 712 3811 quae
741 3728 777 3792 in
800 3746 960 3799 ,arcanam
982 3725 1047 3791 Dei
1073 3726 1184 3810 provi·
1236 3727 1335 3791 minis
1364 3721 1497 3809 sensus,
1529 3749 1567 3792 su
1580 3726 1672 3790 erbo
1707 3726 1837 3791 fastidio
1871 3725 1998 3792 aditum
2026 3725 2119 3793 vobis
2147 3728 2213 3812 ipsi

168 3815 354 3883 dentiam
376 3813 464 3890 iacis,
488 3812 625 3904 dicteria
642 3813 923 3896 tibipersnaseris,
946 3812 1098 3894 quamvis
1115 3812 1185 3894 ipse
1225 3811 1389 3878 'elarrditis
1410 3812 1451 3877 ad
1474 3833 1546 3877 eam
1569 3748 1767 3890 leoninam,
1798 3812 1891 3878 ouius
1913 3812 2055 3897 cognitio
2076 3835 2096 3878 a
2117 3813 2212 3879 reve'-

168 3897 403 3975 dissimules,
426 3920 468 3963 ex
491 3898 655 3985 stylo-tuo
678 3919 743 3963 non
764 3896 898 3964 obscure
926 3907 1071 3980 apparet
1116 3895 1184 3962 Sed
1236 3900 1343 3964 rentia
1365 3899 1487 3982 incipit
1531 3897 1601 3963 Nec
1623 3895 1705 3961 mihi
1726 3897 1860 3981 ignotae
1877 3908 1956 3963 sunt
1972 3906 2048 3963 tuae
2066 3908 2100 3964 et
2121 3900 2212 3964 simi·

170 3993 229 4053 te
256 4006 300 4050 ac
324 3993 398 4049 tuoe
415 3979 543 4051 sodales
565 3983 607 4048 ad
630 3982 774 4049 tribunal
796 3983 877 4048 illud
899 3983 972 4059 cito,
994 3982 1084 4047 unde
1106 3981 1183 4069 olim
1234 3983 1318 4059 lium
1342 3984 1473 4067 munao,
1495 3983 1613 4068 quibus
1635 3982 1698 4047 Dei
1720 3984 1964 4067 mysterianon
1987 4005 2082 4050 secus
2099 3986 2212 4085 exagi-

163 4070 358 4139 eoelestis
380 4067 479 4135 index
502 4070 571 4136 solo
599 4070 666 4135 oris
687 4070 850 4152 flatusque
871 4069 922 4135 sni
950 4067 1088 4133 fulmine
1109 4090 1185 4134 ves·
1237 4070 1330 4149 tatis,
1358 4089 1396 4134 ao
1418 4069 1446 4134 si
1467 4069 1609 4153 patiam
1631 4069 1895 4134 et'autor'itatem
1923 4069 2088 4153 perderet,
2117 4068 2212 4154 qmd-

163 4162 292 4226 tmm
323 4156 524 4237 proterviam
553 4156 634 4221 satis
662 4153 772 4220 valide
800 4161 1000 4238 prosternet:
1033 4159 1106 4233 [pag.
1130 4159 1184 4233 24]
1237 4150 1315 4238 quid
1343 4155 1437 4220 vobis
1465 4176 1531 4219 non
1560 4149 1693 4219 arridet.
1744 4153 1817 4219 Iam
1842 4175 1923 4220 vero
1951 4155 2029 4239 quid
2057 4155 2120 4222 hoc
2148 4156 2211 4222 sibi

159 4254 234 4310 ut
260 4250 378 4306 antem
400 4236 573 4312 brevi'tua
594 4239 749 4306 dicacitas
771 4239 881 4324 probis
903 4248 938 4305 et
959 4239 1099 4306 cordatis
1120 4239 1185 4305 lec·
1209 4219 1213 4317 Ι
1238 4240 1319 4319 vult,
1341 4241 1439 4305 simul
1462 4261 1499 4306 ao
1521 4240 1709 4322 obstrepere
1731 4240 1866 4323 quilibet
1876 4240 1958 4307 mihi
1980 4241 2076 4320 volet,
2100 4240 2142 4305 ad
2159 4262 2211 4308 re-

160 4328 333 4398 toribus
361 4340 429 4392 nou
455 4327 566 4392 minus
594 4326 716 4413 foeteat
743 4348 840 4410 quam
871 4325 930 4391 tibi
957 4326 1047 4390 intus
1069 4325 1184 4408 placet,
1236 4325 1408 4391 tutandum
1431 4348 1484 4391 me
1505 4324 1599 4409 cogi?
1621 4394 1625 4403 ,
1649 4325 1772 4408 Neque¹
1792 4327 1880 4407 enim
1910 4324 1997 4393 haue
2018 4326 2125 4412 legem
2148 4325 2210 4392 sibi

155 4410 371 4482 &crurum
391 4432 446 4477 me
467 4411 604 4478 confido.
892 4448 894 4453 >
986 4486 989 4493 ⁴
1236 4413 1359 4495 imponi
1382 4430 1499 4494 passus
1521 4412 1636 4477 luisset
1658 4409 1827 4490 Socrates,
1854 4413 1947 4479 enine
1979 4433 2100 4478 nomen
2127 4411 2210 4478 falso

291 4497 539 4564 Refutationem
561 4498 675 4598 scripti
693 4498 745 4563 tui
763 4519 784 4563 a
804 4516 858 4561 me
879 4496 994 4580 exigis,
1016 4496 1101 4579 quod
1113 4496 1183 4562 Lu·
1236 4497 1404 4585 obtendis.¹
1440 4498 1513 4580 Ego
1525 4497 1751 4577 imitationem
1770 4499 1840 4564 sinc
1863 4499 2053 4582 exceptione
2073 4498 2210 4563 minime

153 4584 322 4655 tetiam
346 4582 393 4648 ab
408 4583 490 4649 urbo
511 4582 676 4649 helvetios
696 4585 810 4650 furtim
832 4584 978 4660 miseras,
999 4592 1037 4647 ut
1056 4602 1110 4647 me
1131 4583 1183 4647 in·
1236 4605 1255 4648 a
1301 4592 1363 4648 eto.
1408 4581 1554 4664 Quodsi
1577 4583 1649 4665 quis
1678 4604 1745 4647 non
1765 4582 1828 4651 hac
1849 4589 1979 4650 tantum
2001 4590 2122 4663 aetate,
2151 4582 2222 4649 sed>

153 4673 270 4740 soto
290 4669 360 4734 late
382 4680 594 4756 spargeretur
620 4667 743 4754 absque
772 4667 916 4754 remedio
937 4687 1115 4732 venenum:
1149 4676 1184 4733 et
1234 4669 1307 4734 a'is
1329 4669 1427 4733 etiam
1450 4667 1598 4747 saeculis,
1621 4667 1778 4752 improbis
1789 4692 1824 4741 se
1842 4676 2030 4738 constanter
2046 4668 2219 4753 opposuit„

151 4754 356 4825 &tndium
388 4754 518 4839 aliquod
551 4753 697 4838 discendi
732 4754 904 4832 simulans,
938 4775 1057 4818 nomen
1089 4764 1181 4819 tuum

156 4842 319 4911 nescio
341 4860 408 4923 qua
429 4842 469 4906 de
491 4862 591 4908 causa
610 4841 761 4920 subticet,
784 4841 849 4907 nisi
861 4838 953 4924 ’qnod
970 4838 1094 4938 sciebas
1112 4860 1183 4906 esse

150 4925 289 4996 Inibi
311 4924 435 5009 ‘ssiqffid
450 4928 497 5029 .i¹¹
523 4935 693 5077 {mmptu’
722 4926 816 5078 Quoi.
835 4925 934 4992 fidem
961 4924 1022 4990 nbi
1043 4933 1183 5007 imoque
1238 4977 1372 5032 tenerier
1391 4977 1414 5031 sl
1431 4983 1489 5031 tort
1504 4991 1557 5057 qne
1575 4984 1605 5031 tu
1627 4978 1670 5033 les
1692 4993 1724 5033 aa
1745 4977 1899 5058 sunteas,
1921 4975 1959 5030 l’a
1976 4976 2059 5030 eruit
2075 4988 2140 5029 roua
2157 4982 2221 5058 toy:

152 5024 361 5115 Qum?
382 5020 525 5112 ‘’mm“
545 5019 685 5113 ζθέῧῑθῑ·
739 5034 893 5115 ,θωῖθθῖθ
910 5020 1021 5113 ΨΜ
1039 5034 1080 5077 ⁰¹
1096 5010 1182 5075 ‘¹²⁸¹'
1258 5061 1309 5104 our
1326 5052 1419 5114 portet
1436 5046 1453 5100 b
1471 5044 1557 5113 Parus,
1574 5045 1696 5101 d'autant
1719 5044 1782 5113 qu‘n
1805 5043 1938 5100 net’enrt
1960 5055 2010 5112 pqr
2028 5045 2087 5098 este
2105 5059 2218 5115 prmo

155 5096 243 5168 tl!
276 5108 386 5177 notre,
412 5118 481 5164 lmo
508 5096 769 5165 animadvertere
791 5097 884 5164 hcult
908 5118 1057 5182 qursnam
1086 5117 1183 5163 essee.
1235 5061 1269 5168 ie
1286 5114 1313 5168 le
1331 5114 1438 5183 publier
1454 5129 1489 5168 su
1506 5113 1560 5169 lieu
1578 5114 1611 5168 ds
1629 5120 1659 5168 ts
1675 5113 1808 5169 demeare.

1308 4910 1337 4974 1)
1357 4924 1392 4963 ou
1410 4908 1480 4976 bien,
1500 4908 1524 4961 si
1541 4915 1602 4963 esst
1613 4906 1760 4965 Ercossois
1777 4909 1822 5030 qui
1840 4907 1889 4961 lait
1906 4913 1980 4961 estat
1995 4903 2146 4961 ‹l‘erventer
2162 4912 2222 4963 tes
