4590 5858
72 230 134 294 111
885 224 1252 296 patarenorum.
1457 254 1459 258 ’
2006 218 2071 293 7118

69 413 191 481 1131331.
236 415 290 481 133
309 415 365 501 loy
390 426 424 481 ct
444 415 493 483 133
518 437 582 501 pro
602 416 706 484 hstias
727 421 819 483 n’ont
840 437 898 502 pas
920 437 962 484 eu
984 438 1041 484 au·
1095 417 1200 482 113333
1222 413 1366 496 surdior,
1399 423 1432 481 et
1461 415 1502 480 ad
1525 413 1680 493 mandata
1712 415 1923 498 praefractior
1955 413 2072 501 depre-

70 499 169 566 133113
189 520 308 568 envers
329 501 471 568 lesIuit'a
482 523 565 586 pour
580 437 629 569 fes
649 501 805 570 oonduire
816 503 901 569 3313
918 502 1042 569 droicte
1093 501 1216 568 hensus
1238 508 1296 567 est.

70 586 379 738 doyeadgouptiont
400 595 473 739 33131
485 588 638 673 aveugles
660 595 682 654 1
702 589 736 653 13
756 588 902 739 lumigre,
925 588 1042 654 sourda

90 693 136 736 ux
234 692 289 737 333
317 694 386 751 333,
408 694 450 739 eu
556 694 660 740 saux
682 694 830 741 commun
854 693 975 741 emens

156 756 343 824 Ilestbien
361 778 444 844 vray
462 692 591 842 qlirrdyles
643 759 722 825 ntila
743 767 896 826 33133333
915 766 949 825 31
965 781 1041 826 oon·
1178 758 1359 825 Enimvero
1381 778 1487 843 nequo
1510 759 1608 823 etiam
1631 759 1785 824 tenebrae
1806 756 1881 824 illae
1908 757 2070 842 reliquum

70 842 209 909 3313333
232 841 272 908 13
294 842 419 910 133113
435 844 528 910 biens
546 852 580 910 31
641 846 760 912 3311333
781 845 879 945 qu'ils
904 851 1043 931 vsoyent
1093 842 1204 909 orbem
1226 862 1369 928 eousque
1396 851 1653 927 occupaverunt,
1682 844 1761 928 quin
1787 842 1936 911 homines
1963 841 2070 910 adhuc

71 926 198 993 tl'oeil
219 936 358 995 3313313
377 930 575 997 33313313313
597 930 638 996 13
659 937 864 1015 congnorstre
885 931 916 996 lo
938 936 1043 997 secret
1094 929 1137 995 ad
1158 938 1206 996 tot
1223 928 1281 994 illa
1302 928 1388 994 bona
1410 950 1492 1013 3333
1519 929 1608 1013 ipsos
1638 929 1902 997 circumfluerent
1929 928 2069 1008 attoniti,

70 1013 297 1093 bienfaictenr,
326 1012 503 1080 13311331
532 1013 572 1082 13
604 1015 702 1083 13313
732 1018 911 1101 provenoit
956 1016 1042 1083 Mais
1095 1035 1215 1082 333333
1238 1014 1381 1098 quodam
1402 1015 1504 1080 animi
1522 1025 1614 1080 motu
1636 1015 1677 1080 ad
1699 1021 1828 1080 tantum
1850 1014 1980 1081 illorum
2002 1014 2070 1080 lar·

71 1119 114 1163 au
136 1097 204 1165 lieu
226 1099 267 1164 13
289 1098 415 1166 133333
443 1099 475 1166 13
501 1100 604 1186 gleire
628 1123 671 1168 33
692 1123 775 1202 vray
795 1102 883 1168 Dieu
904 1102 961 1186 331
982 1101 1042 1202 luy
1119 1102 1233 1167 'torem
1255 1108 1497 1166 revocarentur.
1541 1101 1779 1166 Verumtamen
1801 1098 1900 1165 iidem
1923 1101 1958 1165 13
1986 1100 2070 1167 3313·

73 1185 172 1250 331311
191 1184 281 1266 1333,
304 1185 346 1254 ilc
368 1207 403 1253 33
425 1193 501 1254 3331
517 1186 609 1273 forge
626 1209 696 1272 ung
716 1187 804 1253 Dreu
825 1195 847 1254 3
866 1187 939 1254 1333
959 1187 1042 1271 plar-
1094 1123 1163 1254 iiis
1194 1186 1374 1252 haeserunt
1405 1206 1534 1267 omnes,
1567 1206 1605 1251 ac
1633 1186 1807 1271 praeterito
1833 1185 1890 1252 1113
1922 1192 2070 1252 creatore

73 1270 129 1349 sir,
152 1271 297 1337 3133133
339 1293 382 1337 33
412 1271 485 1338 1333
509 1272 585 1338 folle
611 1273 785 1358 phantasia
807 1294 849 1339 33
871 1295 907 1339 33
929 1274 1042 1339 333113
1095 1273 1187 1339 cuius
1229 1271 1336 1337 omnis
1377 1280 1450 1337 erat
1486 1272 1551 1338 ista
1589 1271 1694 1356 gioria
1736 1273 1965 1337 confinxerunt
2008 1272 2069 1338 sibi

72 1363 107 1419 et
126 1377 304 1440 mensonge
319 1293 439 1423 133311
459 1367 569 1444 songe.
604 1359 740 1424 111333
760 1359 941 1425 seulement
958 1378 1042 1444 ung:
1094 1356 1177 1424 falsa
1208 1358 1360 1436 numina,
1393 1365 1492 1442 atque
1530 1365 1606 1442 post
1637 1359 1780 1438 somnia,
1812 1366 1846 1422 31
1877 1357 2070 1424 inanissima

72 1441 156 1508 mais
178 1450 294 1507 autant
320 1464 382 1527 que
414 1442 486 1509 1333
513 1445 685 1511 temorairc
707 1445 853 1511 cultreou
878 1444 981 1512 dance
1002 1465 1043 1509 en
1095 1444 1220 1511 terebri
1253 1445 1302 1508 sui
1335 1450 1521 1510 commenta
1548 1442 1675 1527 abrepti
1712 1452 1798 1510 sunt
1842 1444 1985 1509 Demum
2012 1443 2069 1509 ubi

71 1547 175 1611 apen
197 1528 324 1594 1313133
345 1527 514 1610 31133133,
536 1550 579 1595 33
595 1530 771 1597 1311333313
793 1530 854 1615 qu’'
886 1533 944 1616 n‘y
955 1530 1045 1596 33311
1096 1529 1196 1596 semel
1214 1536 1309 1594 extra
1330 1530 1419 1594 viam
1440 1549 1572 1596 currere
1599 1541 1790 1613 coeperunt,
1820 1549 1885 1593 non
1912 1529 1979 1594 iam
2002 1549 2071 1594 uno
2161 1602 2164 1608 ,

71 1613 190 1697 peuple
209 1634 252 1679 ne
274 1615 387 1699 region
412 1616 468 1698 qui
496 1637 538 1680 33
560 1615 693 1683 3313131
721 1615 911 1684 nouveaulx
934 1614 1042 1694 dicax,
1096 1615 1204 1698 311333
1214 1614 1272 1680 1113
1283 1615 1438 1680 ementito
1455 1614 1753 1694 numinecontenti,
1768 1613 2070 1680 innumeradeinde

71 1718 199 1765 comme
220 1699 374 1767 1331333
395 1699 554 1767 sembloit
598 1700 651 1766 De
672 1701 708 1768 lo
729 1702 838 1785 apris
859 1722 920 1767 son
942 1722 1044 1786 regne
1095 1721 1155 1785 pro
1177 1722 1237 1767 sua
1258 1701 1443 1767 temeritate
1465 1706 1562 1783 atquc
1591 1701 1737 1765 vanitate
1763 1702 2001 1784 praefixerunt:
2031 1721 2070 1766 ac

72 1783 220 1851 idolatrie
240 1784 273 1850 la
293 1786 424 1853 traistrc
438 1787 665 1870 maequerello,
687 1788 753 1872 qui
766 1789 875 1854 afaiot
897 1786 1043 1854 destour-
1095 1785 1187 1852 nulla
1208 1808 1290 1872 gens
1312 1792 1369 1852 aut
1387 1787 1476 1852 natio
1498 1787 1638 1864 exstitit,
1662 1807 1744 1870 quae
1765 1807 1830 1851 333
1852 1785 1907 1850 bic
1929 1784 1991 1852 sibi
2011 1807 2068 1870 pe-

72 1890 132 1935 333
152 1869 200 1936 133
222 1870 369 1937 hommes
399 1870 439 1938 de
461 1872 563 1951 Dian,
592 1882 624 1938 et
645 1888 776 1940 amuser
799 1880 820 1939 1
841 1894 910 1958 ung
929 1880 981 1939 tas
1004 1872 1044 1938 13
1096 1871 1237 1939 33113333
1263 1872 1352 1937 Deos
1379 1893 1439 1955 pro
1468 1892 1527 1937 suo
1557 1872 1691 1938 arbitrio
1718 1872 1916 1937 institueret.
1960 1871 2006 1936 Et
2031 1871 2068 1937 hi

72 1955 301 2023 simulachres:
334 1957 486 2041 ausquelr
514 1959 591 2023 eulx
620 1979 760 2024 mesmes
782 1959 914 2024 3331331
936 1957 1044 2024 13333
1096 1966 1174 2023 sunt
1193 1958 1292 2044 primi
1310 1956 1514 2024 idololatriae
1536 1957 1669 2023 3313133.
1713 1957 1806 2022 Η333
1834 1956 1892 2022 1113
1913 1957 1987 2022 1333
2006 1958 2068 2021 im-

72 2041 183 2121 forme,
207 2063 282 2107 nom
306 2051 339 2108 31
360 2051 454 2108 33133.
1095 2045 1213 2126 proba,
1247 2063 1330 2127 quae
1351 2043 1502 2109 homines
1523 2063 1543 2108 a
1564 2043 1636 2108 Deo
1657 2063 1792 2127 prorsus
1813 2063 1945 2109 aversos
1972 2049 2069 2126 atque

1097 2128 1281 2196 simulacris
1307 2129 1423 2194 affixos
1453 2128 1668 2213 mancipavit,
1698 2149 1799 2212 quum
1826 2127 1941 2194 eadem
1966 2128 2068 2193 31313-

1094 2214 1184 2281 13333
1205 2215 1285 2298 ipsis
1311 2214 1497 2280 hominibus
1524 2223 1559 2280 et
1584 2216 1632 2279 ori
1658 2215 1742 2280 'nem
1774 2235 1882 2295 suam,
1909 2224 1942 2280 et
1971 2233 2067 2279 suum

1094 2300 1176 2366 illud
1198 2322 1278 2379 esse,
1301 2309 1469 2384 acceptum
1488 2301 1573 2365 13333
1595 2299 1636 2366 13
1677 2308 1759 2365 rent.

157 2384 329 2450 13331331
351 2384 408 2450 des
425 2385 518 2463 Iuifa,
541 2386 689 2451 combien
711 2387 806 2470 qu'ila
825 2409 845 2452 3
869 2398 926 2453 eut
946 2409 1041 2454 recen
1179 2387 1295 2452 Iudaei
1317 2407 1410 2465 3333,
1434 2388 1531 2452 33133
1558 2385 1689 2470 quidem
1710 2387 1773 2452 Dei
1802 2384 1957 2455 mandata
1983 2405 2070 2468 3333

72 2479 106 2535 31
128 2468 316 2553 3333313133
327 2410 1043 2558 3333333331313313313333331333133333
1093 2493 1152 2555 per
1171 2471 1348 2556 prophetas
1369 2471 1525 2539 continuo
1547 2471 1802 2551 destinabantur,
1825 2479 2068 2554 utcunquenon

71 2555 144 2621 leur
166 2556 319 2640 envoyoit
340 2576 402 2639 par
422 2578 474 2622 ses
495 2557 686 2623 sorviteurs:
714 2558 882 2626 toutesfois
903 2558 1041 2625 inconti-
1093 2558 1315 2641 repudiarent,
1337 2566 1450 2642 aperte
1471 2566 1581 2622 tamon
1605 2558 1641 2622 in
1670 2558 1778 2641 ipsum
1805 2557 1974 2640 foedifragi
2000 2577 2068 2621 non

72 2649 151 2707 nent
173 2640 233 2725 luy
251 2649 310 2706 ont
329 2641 434 2707 133133
450 2641 483 2707 13
499 2642 566 2726 133,
588 2642 800 2727 legierement
822 2665 856 2710 33
877 2653 951 2710 sont
968 2642 1041 2710 des-
1093 2645 1203 2710 minus
1225 2652 1346 2710 temere
1368 2643 1410 2710 ab
1431 2663 1469 2709 eo
1487 2641 1699 2722 deflexerunt,
1721 2643 1752 2708 13
1794 2664 1827 2707 m
1849 2663 1869 2707 a
1892 2664 1928 2708 33
1955 2650 2069 2726 aperte

71 2734 205 2793 1333333
223 2726 263 2792 13
284 2725 351 2813 luy,
374 2736 432 2792 331
452 2727 538 2793 31313
549 2736 582 2793 31
592 2730 750 2812 mesprise
760 2752 798 2795 sa
813 2731 879 2829 loy,
903 2730 1042 2815 laquelle
1093 2728 1251 2796 violatam
1274 2729 1441 2813 despectui
1464 2728 1599 2808 habere,
1627 2749 1665 2794 33
1693 2730 1748 2812 331
1771 2727 1848 2812 3311
1874 2728 2069 2794 simularent

71 2813 114 2877 ila
136 2820 194 2878 ont
215 2833 255 2878 33
278 2833 319 2878 en
340 2810 459 2898 hayna,
482 2820 515 2878 31
532 2823 591 2879 331
612 2815 762 2881 chemine
784 2838 825 2881 en
843 2816 935 2883 icelle
957 2824 1040 2883 333-
1095 2814 1201 2880 odisse
1224 2836 1264 2880 ex
1287 2815 1396 2880 animo
1419 2822 1603 2898 coeperunt.
1642 2814 1729 2880 Nam
1753 2822 1786 2880 et
1807 2813 1848 2879 ad
1870 2813 1969 2879 131333
1991 2813 2068 2879 1333

112 2907 155 2976 31,
178 2897 219 2963 ila
241 2897 1041 2985 33333133133333313333131333,3133133333
1095 2900 1319 2986 prosilierunt,
1343 2908 1375 2966 ct
1403 2901 1438 2964 in
1461 2899 1552 2965 cultu
1574 2899 1744 2979 idolorum,
1773 2900 1984 2983 quantumvis
2009 2899 2067 2964 ob-

95 2982 287 3049 ’solument
307 3005 327 3048 a
350 3005 403 3049 res
425 2984 474 3049 133
495 2992 607 3051 autres
628 2986 741 3066 dioux,
770 2986 946 3054 idolatrant
968 2988 1042 3054 113
1092 2987 1218 3052 nitente
1229 2987 1381 3066 Domino,
1404 2985 1509 3050 nihilo
1528 2986 1632 3051 levius
1649 2984 1783 3069 reliquis
1805 2985 1904 3050 etiam
1916 2984 2067 3069 gentibus

71 3070 219 3135 muniere
239 3005 361 3153 gentide
382 3077 495 3136 contre
517 3092 554 3136 33
570 3071 714 3137 3313313.
1093 3072 1307 3138 13333133331.

157 3155 313 3240 Parquoy
337 3177 419 3239 pour
445 3156 627 3240 approcher
653 3157 701 3223 les
724 3158 871 3225 hommes
893 3159 933 3225 de
954 3160 1041 3224 Dieu
1179 3156 1275 3240 Quod
1298 3178 1399 3241 quum
1419 3157 1466 3222 ita
1488 3163 1588 3235 33331,
1620 3163 1658 3221 31
1685 3155 1816 3222 demum
1844 3163 1913 3220 tam
1943 3153 2068 3234 Iudaei,

71 3246 145 3305 tant
173 3241 257 3306 Iuifn
284 3262 346 3324 que
373 3241 513 3325 gentiln,
551 3241 575 3306 il
604 3245 699 3308 estoit
726 3245 861 3311 mestier
886 3266 948 3329 que
976 3266 1040 3310 une
1093 3264 1189 3327 quam
1211 3254 1327 3328 gentes
1349 3243 1450 3308 aDeo
1468 3241 1629 3308 alienatae
1648 3242 1689 3307 ad
1706 3243 1813 3325 ipsum
1824 3249 2066 3319 revocarentur,

71 3325 222 3396 nouvelle
244 3325 382 3392 allianoe
403 3328 490 3394 13331
508 3329 614 3408 131313,
636 3330 794 3408 33313133,
825 3339 984 3410 33333333,
1008 3337 1042 3395 31
1092 3351 1177 3396 3333
1199 3331 1296 3414 plane
1319 3327 1446 3394 foedere
1474 3348 1557 3412 opus
1584 3328 1660 3405 fuit,
1688 3327 1774 3411 quod
1798 3328 1907 3411 ipsum
1933 3328 2067 3392 firmum

71 3412 258 3478 inviolable.
308 3413 354 3477 111
387 3434 470 3497 pour
503 3413 595 3478 icelle
630 3414 764 3481 33131113
794 3422 828 3480 31
857 3418 1039 3495 confirmer,
1092 3425 1190 3499 31333
1221 3415 1416 3480 inviolatum
1445 3421 1602 3479 maneret.
1646 3414 1693 3480 Ut
1724 3413 1837 3479 foedus
1869 3411 1951 3477 illud
1977 3420 2068 3478 certo

72 3497 168 3563 estoit
188 3499 324 3583 besoing
344 3496 644 3583 d’ungmcdiateur,
666 3501 723 3584 qui
743 3501 1041 3568 131333313313133
1092 3503 1193 3568 eoiret
1214 3509 1246 3566 et
1266 3501 1459 3580 sanciretur,
1480 3498 1708 3583 requirebatur
1728 3496 1895 3577 mediator,
1922 3498 1976 3582 331
1998 3499 2069 3581 ipse

72 3583 271 3668 interpcsast
291 3590 384 3649 33133
403 3583 450 3649 133
472 3583 559 3651 deux
569 3586 693 3669 parties
714 3608 798 3670 pour
807 3587 856 3653 133
878 3588 1041 3668 accorder,
1091 3585 1309 3653 intercederet
1330 3594 1426 3668 31333
1453 3605 1524 3652 sese
1545 3584 1689 3651 medium
1701 3585 1832 3650 sisteret
1853 3586 1939 3650 inter
1956 3584 2067 3649 Deum

72 3690 149 3735 3333
171 3669 275 3752 lequel
297 3669 451 3736 l'homme
469 3669 651 3736 demcuroit
672 3673 834 3739 tousiours
856 3694 897 3738 en
914 3673 986 3739 l'iro
1008 3682 1042 3740 et
1093 3682 1125 3737 et
1142 3672 1300 3752 homines,
1322 3678 1361 3737 ut
1380 3691 1494 3755 pacem
1516 3670 1714 3737 conciliaret.
1759 3667 1840 3735 Sine
1861 3670 1924 3734 hoo
1942 3667 2067 3735 media·

71 3753 277 3840 indignation
300 3754 341 3820 13
357 3753 458 3821 Dieu:
482 3767 516 3822 31
533 3758 656 3823 n’avoit
676 3779 782 3825 aucun
803 3780 923 3845 moyen
944 3759 985 3825 13
1005 3780 1040 3825 33
1092 3764 1164 3823 1333
1188 3759 1285 3823 homo
1313 3757 1531 3824 maledictioni
1559 3755 1623 3821 Dei
1651 3755 1828 3834 obnoxius,
1863 3776 1904 3820 ex
1936 3775 2000 3837 quo
2032 3775 2068 3821 33

72 3839 201 3905 relevor
221 3840 261 3905 do
290 3840 322 3905 13
347 3841 571 3921 malediction,
601 3845 720 3909 misere
746 3853 780 3908 et
807 3844 977 3910 confusion
1000 3867 1040 3911 en
1092 3844 1303 3928 praecipitem
1336 3845 1371 3907 in
1398 3850 1568 3926 peccatum
1601 3841 1752 3919 dederat,
1785 3842 1958 3907 inexcusso
1989 3841 2067 3926 iugo

70 3925 211 4010 laquelle
232 3926 256 3991 11
278 3927 375 3992 331311
395 3927 577 3994 1333133113.
610 3928 867 3996 G’estoitnostre
889 3931 1043 4015 seigneur
1092 3930 1310 4014 premebatur,
1334 3928 1484 3995 miseriae
1505 3936 1539 3994 et
1559 3928 1732 4013 opprobrio
1753 3934 1888 3993 aeterno
1906 3924 2073 4006 addictus,

72 4019 107 4076 et
134 4033 276 4078 sauveur
303 4012 395 4079 13333
422 4012 535 4080 013131
561 4035 644 4098 vray
679 4021 713 4080 31
740 4014 810 4081 3331
836 4016 961 4081 3133331
987 4016 1041 4082 1113
1093 4024 1226 4100 propter
1247 4017 1332 4079 iram
1353 4020 1387 4079 31
1407 4014 1665 4099 indignationem
1685 4014 1749 4079 Dei
1771 4012 1929 4081 adversm
1956 4012 2066 4095 ipsum

73 4096 113 4163 de
133 4097 238 4162 Dion:
264 4097 371 4182 133331
398 4098 509 4164 133311
531 4106 617 4167 33133
643 4109 770 4187 333333
790 4110 825 4166 31
845 4101 953 4167 donne
975 4122 1041 4167 aux
1094 4121 1272 4168 accensam.
1329 4100 1438 4184 Atque
1470 4099 1630 4166 mediator
1658 4098 1714 4164 ille
1752 4097 1916 4165 Dominus
1954 4110 2067 4164 noster

72 4182 220 4249 hommes
242 4184 282 4248 de
304 4205 364 4267 par
384 4183 414 4250 le
435 4205 524 4268 pere,
546 4207 631 4270 pour
647 4194 734 4252 estre
754 4186 975 4253 instaurataur
997 4187 1041 4253 du
1092 4187 1186 4253 13333
1207 4185 1361 4253 Christus
1382 4192 1461 4266 erat,
1484 4206 1571 4251 unus
1592 4206 1690 4251 33333
1712 4194 1863 4253 aeternus
1884 4185 1948 4250 Dei
1968 4184 2065 4262 filius,

70 4267 1042 4357 33331333133313311133133,13313313131133313,333331
1093 4293 1189 4357 quem
1219 4271 1377 4337 missurus
1410 4277 1482 4337 erat
1502 4280 1594 4354 pater
1624 4271 1661 4335 in
1683 4271 1856 4351 mundum,
1888 4278 1926 4335 ut
1952 4289 2066 4334 omnes

71 4355 187 4440 depuis
208 4355 239 4420 le
260 4364 540 4422 commencemcnt
556 4357 601 4421 du
618 4356 737 4423 monde
754 4378 774 4422 a
791 4360 953 4425 tousiours
972 4367 1042 4425 3313
1094 4381 1136 4430 ex
1157 4356 1320 4423 horrenda
1342 4355 1542 4440 dispersione
1564 4364 1597 4422 et
1617 4356 1772 4422 vastitate
1793 4356 1974 4439 colligeret:
2009 4353 2065 4419 1113

70 4441 269 4525 l'osperauce
297 4441 338 4508 de
366 4463 541 4509 rccouvrer
565 4443 598 4508 13
624 4452 716 4526 perte
742 4444 900 4510 13131333
922 4444 1040 4512 Adam.
1094 4465 1162 4509 una
1184 4464 1257 4527 spes
1278 4444 1407 4527 piorum
1429 4442 1591 4521 omnium,
1619 4462 1679 4525 per
1706 4463 1803 4526 quem
1833 4464 1853 4507 a
1881 4440 1979 4525 primi
2007 4461 2064 4522 pa·

72 4527 140 4594 Gar
167 4548 291 4594 mesme
319 4536 341 4595 3
363 4527 471 4595 Adam
505 4529 711 4596 incontinent
739 4551 833 4613 apres
862 4551 900 4596 sa
924 4552 1041 4615 rayno,
1094 4530 1197 4596 rantis
1218 4529 1431 4595 33331131313
1449 4548 1544 4593 veros
1565 4527 1692 4594 natales
1713 4534 1822 4595 essent
1842 4524 1977 4591 tandem
1996 4546 2064 4590 res-

70 4635 155 4697 pour
183 4611 213 4679 le
241 4613 386 4680 consoler
409 4624 443 4680 et
467 4615 666 4682 reconforter
692 4616 744 4681 fut
772 4614 878 4682 13333
907 4616 939 4682 13
966 4637 1041 4699 pro·
1095 4615 1242 4681 tituendi.
1276 4613 1430 4682 Sicanim
1453 4613 1495 4679 ad
1516 4614 1624 4698 ipsum
1647 4612 1811 4679 Adamum
1832 4613 1898 4676 iam
1920 4610 2064 4693 primum

71 4720 187 4779 messe,
209 4720 272 4781 333
293 4720 354 4784 par
374 4700 407 4766 la
428 4721 579 4767 semcnce
601 4699 642 4766 13
663 4700 696 4766 13
716 4701 836 4766 femme
858 4703 958 4768 333311
974 4701 1041 4768 bri-
1094 4701 1272 4784 collapsum
1295 4722 1315 4765 a
1341 4721 1376 4765 se
1405 4699 1577 4782 aliquando
1605 4699 1797 4784 erigendum
1824 4703 1974 4780 coeperat
1995 4696 2063 4761 Do-

72 4794 126 4850 333
148 4785 182 4849 13
201 4792 283 4850 toste
305 4784 349 4851 13
371 4795 512 4899 serpent.
557 4786 624 4868 Qui
646 4787 785 4853 3313113
806 4785 876 4853 dire
897 4808 1042 4939 quegar
1093 4789 1219 4852 minus:
1242 4786 1417 4864 Futurum,
1439 4793 1478 4849 ut
1494 4805 1606 4851 semen
1627 4785 1774 4850 mulieris
1792 4789 1974 4848 contereret
1995 4802 2063 4847 333-

73 4869 166 4936 Iesus
188 4869 303 4937 (1133131
320 4893 387 4957 na)⁷
409 4871 507 4938 dune
529 4873 653 4958 vierge,
676 4872 708 4939 13
728 4873 900 4957 puissance
922 4873 963 4938 de
980 4873 1041 4938 'a-
1093 4873 1203 4957 pontis
1230 4891 1269 4937 ra
1291 4879 1346 4952 31,
1374 4870 1409 4934 11
1435 4877 1486 4935 est
1512 4892 1571 4954 per
1593 4870 1763 4937 Christum
1790 4867 1994 4933 nasciturum
2021 4888 2063 4933 ex

73 4961 127 5021 tan
151 4957 251 5021 seroit
272 4957 391 5024 313133
413 4965 448 5022 31
467 4978 612 5041 rompue.
1093 4959 1231 5057 virgine,
1286 4958 1293 4973 '
1311 4957 1428 5023 iactam
1451 4977 1488 5024 ac
1510 4955 1762 5024 333331333131
1785 4954 1927 5019 Satanae
1948 4961 2063 5039 13333·

157 5124 282 5208 Depuis
304 5128 397 5195 icelle
419 5148 583 5212 promesse
604 5131 655 5195 fut
675 5130 750 5215 plus
771 5130 970 5215 amplement
990 5149 1042 5194 re·
1093 5043 1238 5195 mdelgio
1260 5127 1376 5196 deinde
1403 5127 1540 5196 eandem
1569 5126 1819 5212 promissionem
1845 5123 1933 5208 apud
1956 5125 2062 5192 Abra-
