4776 5844
280 267 345 327 ⁴23⁶
1040 253 1221 321 anama
1243 250 1510 319 ADMONITIO
2218 249 2283 313 286

283 471 375 535 pane.
404 443 618 529 Respondent
635 464 699 510 non
717 464 787 509 esee
808 443 939 509 dissona
956 439 1136 507 seeundum
1147 440 1255 517 tidem,
1280 460 1282 472 ·
1307 439 1376 504 luto
1403 438 1558 505 obruunt.
1615 441 1686 508 Iani
1722 464 1762 508 ne
1788 443 1974 518 ecelesiam,
2006 440 2099 507 cuius
2131 440 2287 508 minister

281 533 339 601 sed
360 533 561 616 vertiginoso
584 535 656 609 [pag.
670 535 746 609 279]
768 539 879 594 nostro
896 529 1015 612 spiritu
1038 528 1118 592 fieri.
1156 525 1253 607 Quod
1308 525 1369 590 iuit
1386 526 1586 603 Theodorus,
1610 528 1730 592 frustra
1747 530 1780 592 iii
1804 550 1857 592 mo
1877 539 2065 611 provocent,
2088 528 2210 591 iterum
2230 550 2284 593 re·

282 621 370 685 dictu
396 617 490 683 facile
518 625 582 692 eet,
610 615 667 680 sed
693 614 833 698 probatu
862 635 929 680 non
956 614 1013 678 ita.
1062 612 1149 678 Nam
1169 611 1255 694 quod
1306 621 1390 693 peto,
1413 610 1498 676 nihil
1519 632 1572 678 me
1593 611 1724 690 dixisse,
1746 614 1832 696 quod
1845 635 1911 680 non
1929 614 2063 697 propria
2079 615 2150 678 eius
2171 633 2284 691 mauu,

281 703 464 772 obtendunt
485 701 581 768 fidem
605 722 671 766 non
690 702 799 766 metiri
810 701 875 765 Dei
886 721 986 783 opera
996 700 1131 764 rationis
1148 709 1254 779 captu,
1307 698 1435 778 quoties
1457 719 1538 779 opus
1565 699 1642 776 erit,
1672 706 1830 767 testatum
1858 701 1983 766 faciam.
2036 701 2087 766 De
2109 699 2283 783 Cruoigari

280 791 338 858 sed
359 789 490 855 laudem
511 788 646 852 veritati
671 794 705 851 et
726 787 980 869 omnipotentiae
1001 785 1159 860 tribuero,
1194 784 1256 848 etsi
1307 803 1484 858 consensu,
1513 805 1556 848 ne
1583 784 1712 869 longius
1735 786 1904 867 abeamus,
1934 786 2027 852 testis
2051 788 2135 852 mihi
2161 789 2207 852 sit
2232 789 2285 853 vel

280 898 397 943 verum
418 896 488 940 esse
509 871 737 950 concedimus,
760 895 826 937 non
856 885 966 937 tamen
995 872 1070 935 inde
1098 872 1254 952 sequitur,
1307 868 1484 951 Philippus
1518 870 1604 952 ipse,
1639 873 1731 936 ouius
1765 874 1922 938 autoritas
1955 874 2145 956 exceptione
2180 876 2285 940 maior

280 983 384 1047 quum
405 959 543 1043 simplex
571 968 691 1024 etune
712 958 756 1023 eit
777 959 840 1023 Dei
864 959 997 1036 veritas,
1024 957 1123 1022 fidem
1147 957 1253 1021 Deum
1308 974 1379 1018 esse
1401 954 1497 1021 debet
1519 955 1605 1038 apud
1628 955 1813 1040 discipulos.

281 1049 531 1130 transfigurare,
566 1054 603 1109 ut
629 1065 740 1111 secum
774 1045 845 1126 ipse
872 1043 1037 1108 dissideat
1091 1043 1164 1107 Hoc
1192 1042 1255 1107 Dei
1392 1040 1555 1106 Ultimum
1572 1051 1804 1125 argumentum
1824 1054 2007 1109 recensent:
2031 1045 2098 1110 Nos
2120 1051 2196 1124 [pag.
2210 1052 2286 1126 888]

280 1134 505 1200 testimonium
526 1141 584 1206 est,
607 1130 778 1196 Christum
799 1130 834 1193 in
856 1129 963 1194 coelos
984 1139 1152 1209 receptum
1175 1150 1254 1204 esse,
1307 1128 1553 1191 sacramentarii
1575 1126 1778 1208 splendidius
1801 1131 1885 1196 hanc
1907 1151 2037 1196 eausam
2061 1133 2284 1214 exposuimus,

281 1231 316 1287 et
337 1218 434 1286 coelis
456 1225 604 1300 oportere
627 1215 855 1294 comprehendi
878 1236 981 1297 usque
1003 1215 1080 1279 dum
1103 1213 1257 1280 adveniet
1308 1234 1405 1294 quam
1427 1212 1475 1276 illi
1498 1215 1552 1294 qui
1575 1224 1688 1278 contra
1704 1215 1853 1280 sentiunt
1875 1217 2003 1299 assequi
2025 1228 2156 1299 queant.
2193 1219 2285 1303 Ergo

281 1304 484 1387 redemptor,
517 1310 552 1366 et
583 1302 650 1366 illic
682 1301 904 1383 quaerendum
932 1323 1002 1366 esse
1031 1299 1119 1386 (Aet.
1140 1305 1169 1377 3,
1188 1304 1253 1382 21).
1308 1319 1441 1363 veraces
1463 1320 1594 1376 sumus,
1623 1309 1655 1364 ot
1684 1302 1786 1366 nostri
1816 1301 1995 1366 adversarii
2024 1303 2144 1368 debent
2166 1316 2284 1370 tacere.

282 1393 335 1458 Ab
359 1391 420 1456 hae
441 1387 588 1454 doctrina
616 1409 717 1470 quum
745 1407 879 1470 prorsus
909 1387 1070 1469 discrepet
1091 1407 1255 1450 commen·
1307 1384 1437 1461 Primo,
1475 1383 1561 1466 quod
1598 1407 1731 1461 nomen,
1770 1389 1968 1470 ignominiae
2001 1409 2099 1453 cauea
2136 1390 2285 1472 improbe

281 1486 353 1542 tuni
376 1476 418 1540 de
438 1474 622 1558 praesentia
644 1472 812 1556 corporali,
834 1493 989 1555 quorsum
1007 1471 1183 1537 obtendere
1204 1472 1255 1536 iu·
1308 1468 1348 1533 ab
1369 1470 1448 1552 ipsis
1468 1469 1503 1533 in
1532 1492 1591 1536 nos
1613 1472 1782 1547 collatum,
1811 1473 1955 1555 recipcre
1981 1475 2154 1548 simulant,
2183 1497 2283 1558 quani

282 1572 340 1628 vat
367 1563 404 1626 in
431 1561 492 1626 hac
526 1560 742 1643 repugnantia
775 1557 921 1624 dandum
954 1579 1026 1623 esse
1057 1559 1163 1623 locum
1192 1558 1256 1622 Dei
1307 1555 1446 1638 insipide
1468 1557 1504 1620 in
1526 1578 1564 1620 88
1585 1557 1774 1641 ineptiunt?
1825 1558 1963 1640 Quoties
1990 1582 2042 1626 me
2065 1571 2285 1627 sacramenta·

282 1647 552 1730 omnipotentiae,
581 1646 771 1729 praesertim
800 1645 855 1710 ubi
881 1645 917 1709 in
939 1655 1092 1728 promptu
1115 1644 1257 1709 occurrit
1307 1642 1394 1707 rium
1417 1641 1587 1713 vocabunt.
1610 1643 1713 1708 nihilo
1731 1647 1837 1727 magis
1847 1667 1945 1727 quam
1967 1647 2088 1711 latratu
2107 1647 2199 1712 canis
2218 1670 2286 1713 mo-

282 1734 387 1800 8881118
408 1741 442 1798 88
463 1731 616 1814 expedita
637 1731 729 1808 ratio,
752 1729 912 1813 quomodo
934 1730 1087 1795 Christus
1110 1730 1145 1794 in
1168 1730 1257 1794 coelo
1310 1729 1416 1794 vebor.
1461 1728 1533 1792 Iino
1555 1728 1695 1794 obiicere
1722 1731 1814 1796 uobis
1842 1741 2002 1813 occupant
2029 1733 2116 1814 qnod
2145 1754 2224 1798 vere
2254 1745 2286 1798 et

283 1819 409 1889 sedens.
432 1839 467 1884 se
486 1817 579 1883 nobis
599 1816 777 1882 fruendum
793 1817 829 1880 in
847 1831 937 1881 terra
953 1815 1090 1880 offerat?
1125 1815 1257 1896 Quanto
1309 1814 1425 1879 merito
1454 1815 1651 1896 exprobrare
1678 1816 1757 1898 ipsis
1785 1815 1869 1884 licet.
1926 1815 2030 1883 Sicuti
2063 1821 2151 1883 enim
2185 1827 2287 1885 testa·

283 1905 487 1989 plausibilius
519 1904 639 1968 iactare
662 1901 754 1966 nobis
778 1902 901 1977 licebit,
930 1916 1137 1984 praepostere
1159 1901 1257 1966 fidem
1309 1901 1462 1964 menterii
1490 1910 1662 1978 vocentur,
1699 1902 1754 1984 qui
1781 1903 1834 1966 vel
1864 1904 1946 1969 salsa
1972 1902 2141 1970 ascribunt
2166 1904 2286 1989 legata,

283 1992 426 2058 exerceri
448 1990 485 2053 in
506 1988 630 2055 carnali
648 1987 773 2053 Christi
795 2008 862 2064 esu,
884 1987 1043 2070 looalique
1065 1987 1257 2071 praesentia,
1309 1985 1363 2049 vel
1385 1995 1576 2069 supponunt
1602 1986 1699 2051 falsos
1723 1987 1895 2063 haeredes,
1928 1990 1975 2054 ita
2005 1990 2100 2054 hodie
2127 1991 2204 2054 honi
2233 1994 2287 2058 isti

283 2098 385 2161 quum
406 2076 476 2141 eius
497 2082 636 2139 naturae
653 2074 804 2157 longesit
820 2074 937 2156 aptius,
958 2093 1259 2139 sursumconscen-
1310 2071 1468 2149 homines,
1491 2093 1592 2153 quum
1615 2083 1744 2154 praeter
1772 2076 1936 2139 testatoris
1964 2086 2106 2141 mentem
2135 2078 2288 2143 fictitium

284 2163 370 2239 dere,
392 2172 430 2227 ut
450 2160 662 2244 spiritualiter
682 2160 812 2224 fruatur
834 2158 988 2224 Christo?
1312 2177 1429 2240 eorpus
1451 2158 1543 2223 nobis
1564 2167 1757 2241 supponant,
1780 2182 1821 2224 an
1844 2183 1911 2225 non
1932 2160 2017 2226 idem
2041 2171 2212 2227 merentur
2230 2185 2288 2228 no-

370 2253 445 2330 [psg.
458 2252 533 2324 280]
550 2244 870 2329 Quinquagesimum
887 2245 1062 2327 septimum
1085 2264 1258 2326 argumen-
1312 2243 1409 2307 men?
1443 2243 1539 2324 Quod
1557 2253 1645 2308 certe
1663 2244 1753 2309 nullo
1771 2246 1878 2311 colore
1895 2247 1988 2312 uobis
2008 2245 2182 2330 aptabitur.
2221 2248 2289 2315 Sed

284 2345 355 2399 tum
378 2333 525 2417 proximo
546 2333 644 2396 affine
666 2340 730 2395 est:
752 2331 907 2414 Pugnare
928 2332 1015 2395 inter
1036 2330 1162 2395 sehaec
1185 2328 1258 2405 duo,
1312 2328 1373 2393 hae
1401 2351 1511 2393 eorum
1539 2329 1695 2395 futilitate
1722 2333 1840 2397 omissa
1870 2332 1967 2398 venio
1997 2331 2038 2397 ad
2070 2354 2139 2397 reni
2171 2336 2287 2418 ipsam.

284 2419 412 2486 Christi
433 2438 566 2484 earnem
588 2438 670 2499 quae
692 2416 865 2481 invisibilis
886 2417 921 2480 in
944 2416 1034 2481 coelo
1056 2425 1115 2491 est,
1129 2416 1153 2498 ¹)
1174 2415 1259 2479 invi-
1311 2414 1402 2492 Dixi,
1429 2416 1551 2491 fateor,
1582 2437 1642 2480 nee
1670 2437 1724 2481 me
1746 2417 1906 2499 poenitet,
1935 2418 2136 2500 splendidius
2157 2442 2213 2486 me
2235 2442 2288 2485 or-

284 2505 424 2571 sibiliter
449 2512 483 2569 et
519 2502 753 2567 insensibiliter
786 2502 846 2566 suh
876 2523 960 2584 pane
989 2501 1121 2567 comedi.
1173 2501 1258 2564 Nam
1284 2539 1286 2578 4
1313 2522 1409 2566 nasse
1430 2521 1557 2565 sacram
1568 2522 1701 2566 coenam
1714 2515 1881 2585 totamque
1903 2505 1973 2569 eius
1996 2507 2072 2579 viru,
2090 2505 2288 2587 dignitatem

285 2590 373 2674 qnod
393 2590 535 2655 recitant
554 2588 648 2670 qnasi
670 2610 689 2653 a
711 2588 804 2654 nobis
826 2588 965 2653 dictum:
994 2587 1259 2653 Consentaneum
1284 2585 1344 2650 'et
1371 2587 1549 2651 efficatiam
1577 2586 1693 2652 molius
1728 2608 1765 2654 ao
1793 2589 1923 2655 fidelius
1957 2591 2153 2672 explicuisse
2188 2612 2288 2675 quam

286 2697 354 2741 non
375 2695 446 2740 esee
469 2674 649 2749 Christum,
672 2674 728 2756 qui
750 2695 880 2739 earnem
904 2682 938 2737 et
959 2695 1032 2739 ossa
1053 2674 1166 2751 habet,
1190 2672 1260 2736 sine
1311 2693 1424 2737 omnes
1447 2677 1520 2751 [pag.
1545 2678 1621 2752 283]
1644 2673 1833 2757 Westphali
1855 2676 1988 2741 similes.
2036 2677 2164 2743 Iniuste
2187 2678 2290 2763 igitur

284 2782 383 2828 earne
405 2768 438 2824 et
454 2760 581 2826 ossibus
602 2758 740 2836 comedi,
773 2760 834 2825 sibi
855 2759 1005 2824 habeant.
1056 2757 1144 2839 Quid
1171 2759 1260 2822 enim
1285 2791 1287 2804 ·
1311 2779 1386 2824 eum
1409 2759 1530 2836 faeere,
1557 2761 1612 2840 qui
1642 2781 1676 2824 se
1699 2781 1757 2842 pro
1787 2759 1908 2825 tuenda
1929 2782 2030 2828 coena
2053 2784 2182 2828 mecum
2206 2785 2289 2848 pug-

284 2847 346 2913 hoc
369 2845 411 2911 ad
433 2867 578 2922 eausam,
607 2845 663 2910 ubi
691 2844 730 2910 de
759 2846 860 2927 ipsius
882 2846 989 2913 carnis
1011 2844 1260 2909 manducatione
1284 2815 1287 2881 1
1311 2864 1391 2909 nare
1413 2844 1554 2910 simulet.
1598 2846 1644 2909 Et
1662 2846 1738 2927 quid
1761 2867 1841 2911 sane
1870 2847 2052 2931 indignius,
2081 2871 2183 2931 quam
2205 2860 2289 2915 tem·

178 2942 180 2945 ’
284 2934 372 2999 inter
393 2954 452 2998 nos
473 2931 516 2997 lis
537 2930 608 2996 est?
654 2931 740 2995 Nam
767 2930 851 3012 quod
874 2929 1074 3014 respondent
1092 2953 1156 2995 non
1177 2951 1260 3014 pug-
1310 2938 1478 3014 pestuosos
1500 2930 1657 3009 homines,
1685 2930 1762 2997 dum
1782 2933 1851 2998 sola
1871 2933 2062 2999 morositate
2088 2935 2216 3001 inducti
2237 2957 2289 3002 eo·

284 3040 365 3084 nare
384 3017 491 3101 quoad
501 3038 632 3083 sensum
654 3015 739 3094 fidei,
763 3016 955 3081 tantundem
978 3017 1074 3093 valet,
1098 3037 1135 3080 ae
1157 3017 1182 3081 si
1203 3037 1261 3079 an·
1312 3017 1444 3082 alesiam
1465 3016 1530 3082 Dei
1558 3017 1766 3095 conturbant,
1796 3039 1832 3083 ee
1864 3017 2032 3084 venditare
2057 3020 2167 3086 fallaci
2196 3041 2289 3104 prae-

283 3103 764 3187 thropomorphitaeiaetarent,
787 3124 822 3168 se
842 3102 920 3168 dum
930 3101 1069 3168 eredunt
1079 3102 1261 3185 scripturae
1312 3115 1414 3182 textu,
1437 3104 1530 3185 quasi
1547 3125 1673 3169 sacrani
1694 3124 1830 3170 eoenam
1852 3103 2065 3170 defenderent
2086 3116 2199 3171 coatia
2220 3129 2288 3185 nos,

286 3192 403 3259 verbis.
426 3188 466 3254 de
488 3189 598 3266 oeulis,
622 3209 711 3265 naso,
734 3209 798 3267 ore,
818 3189 962 3266 auribus,
985 3188 1128 3255 brachiis
1150 3198 1182 3252 et
1203 3210 1260 3272 pe·
1312 3190 1367 3271 qui
1390 3189 1460 3255 eius
1483 3188 1754 3272 dignitatemnon
1775 3191 1885 3255 minus
1907 3191 2085 3257 honorifice
2102 3193 2288 3271 asserimus,

284 3276 380 3343 dibus
402 3276 474 3354 Dei,
497 3275 671 3340 connivere
698 3273 739 3338 ad
761 3275 871 3339 omnia
893 3274 1050 3351 absurda,
1081 3275 1158 3357 quia
1180 3273 1261 3338 fides
1312 3297 1411 3359 quam
1439 3274 1605 3340 luculente
1634 3274 1824 3341 disserimus
1853 3276 1893 3341 do
1921 3286 1990 3342 tota
2017 3277 2087 3343 eius
2116 3287 2239 3344 natura
2259 3287 2290 3344 ot

284 3383 416 3428 omnem
435 3361 689 3445 repugnantiam
709 3367 850 3443 superat.
1313 3360 1458 3427 virtute?
1492 3361 1539 3427 Ut
1559 3361 1661 3426 libros
1681 3382 1795 3426 omnes
1812 3383 1901 3429 meos
1922 3364 2080 3441 omittam,
2103 3365 2224 3446 quibus
2242 3365 2288 3431 di·

371 3446 649 3530 Quinquagesimo
681 3455 796 3511 octavo
830 3447 900 3512 loco
928 3468 993 3510 non
1027 3447 1136 3511 minus
1168 3466 1261 3510 suam
1313 3457 1400 3512 serto
1417 3447 1524 3526 doceo,
1547 3446 1719 3512 Christum
1737 3448 1873 3513 minime
1894 3448 2042 3515 fallacem
2064 3470 2146 3530 esse,
2170 3460 2209 3516 ut
2229 3472 2287 3515 nn·

284 3533 517 3610 insulsitatem,
539 3554 637 3615 quam
660 3531 820 3596 malitiam
843 3531 995 3615 produnt
1030 3531 1261 3597 Dixeramali·
1314 3531 1363 3597 dis
1392 3542 1425 3597 et
1451 3533 1604 3600 inanibus
1631 3532 1746 3617 figuris
1779 3534 1948 3600 nobiseum
1976 3534 2083 3614 ludat,
2118 3535 2177 3601 sed
2205 3535 2287 3620 quod
2319 3568 2337 3605 ι

285 3618 375 3699 cubi,
404 3617 592 3701 Westphali
624 3627 657 3683 88
684 3618 838 3682 similium
867 3617 1064 3701 proterviam
1095 3616 1197 3682 doctis
1229 3625 1262 3683 et
1313 3621 1521 3704 figuratvere
1538 3617 1824 3700 simulpraestare,
1847 3619 2033 3686 Consensue
2051 3629 2164 3688 noster
2181 3643 2287 3689 nonne
2305 3649 2337 3691 ε

285 3704 426 3772 cordatis
453 3703 640 3769 hominibus
673 3725 740 3767 non
774 3725 867 3786 posse
903 3725 970 3769 non
1002 3701 1148 3770 odiosam
1175 3725 1259 3769 csse:
1312 3705 1400 3769 idem
1429 3703 1597 3769 continet?
1648 3704 1764 3787 Neque
1792 3713 1903 3771 tamen
1936 3706 2104 3773 clamitare
2134 3707 2337 3775 desinunia

285 3812 387 3874 quum
410 3796 483 3869 [pag.
496 3795 572 3869 281]
593 3811 634 3854 ex
654 3789 819 3872 discipulis
836 3798 870 3854 88
890 3788 1109 3854 familiaribus
1120 3789 1262 3854 Lutheri
1312 3790 1367 3855 isti
1389 3790 1549 3867 homines,
1573 3810 1631 3856 nos
1653 3812 1780 3856 sacram
1797 3812 1933 3858 coenam
1954 3793 2132 3859 exinanire.

286 3875 465 3942 doctissimi
487 3878 606 3958 quique
634 3877 745 3940 testati
773 3884 882 3941 essent
910 3876 972 3941 sibi
999 3875 1127 3958 plaeere
1154 3895 1260 3940 meam
1398 3876 1494 3942 Nune
1533 3898 1661 3959 queque
1686 3877 1844 3943 obiiciunt
1872 3878 2192 3962 Magdeburgenses,
2217 3901 2337 3949 vnoan

286 3961 422 4026 docendi
455 3962 602 4027 formam.
657 3961 750 4027 Duos
784 3963 1045 4038 nominaveram,
1079 3960 1261 4044 Casparem
1313 3963 1397 4028 serio
1419 3961 1577 4028 iudicium
1604 3962 1666 4028 sibi
1687 3963 1816 4029 deferri.
1865 3962 1993 4031 Verum
2017 3967 2046 4029 si
2074 3968 2208 4048 propius
2231 3987 2337 4034 ex-:

286 4046 504 4131 Crucigerum
529 4055 562 4112 et
583 4045 700 4112 Vitam
723 4045 939 4112 Theodorum.
990 4047 1056 4113 Hic
1082 4047 1164 4112 mihi
1191 4066 1261 4112 eor·
1313 4047 1500 4131 penderent,
1523 4069 1605 4130 quos
1626 4070 1687 4133 ego
1704 4047 1826 4116 iudioes
1837 4049 2083 4132 appellaverim,
2106 4051 2216 4120 locum
2226 4052 2337 4120 sibin

286 4140 400 4198 nutam
422 4132 624 4199 dialceteam
645 4133 810 4217 affingunt
830 4133 1148 4217 Magdebnrgenses,
1175 4154 1213 4199 ao
1234 4133 1261 4199 si
1313 4155 1379 4200 non
1402 4155 1473 4201 esse
1500 4133 1652 4200 viderent
1671 4136 1707 4200 in
1736 4157 1846 4201 eorum
1876 4134 1958 4201 albo.
2008 4135 2142 4205 Fideles
2163 4138 2337 4204 Christiti

286 4225 399 4285 attexa
426 4226 512 4283 esset
539 4238 559 4281 a
590 4240 642 4283 me
666 4219 746 4284 haec
773 4220 1017 4302 consequentia:
1050 4219 1141 4303 Ergo
1161 4218 1260 4284 habe·
1312 4242 1435 4299 servos,
1458 4240 1575 4304 graves
1594 4225 1669 4300 [pag.
1686 4227 1762 4301 284]
1785 4232 1819 4286 et
1841 4222 2025 4288 moderatos
2048 4224 2199 4290 hominos
2221 4246 2337 4290 nom

279 4327 360 4371 mue
387 4305 505 4371 bonam
534 4325 680 4382 8888888,
713 4326 751 4371 ae
778 4305 899 4370 caeteri
927 4304 1085 4371 Saxonici
1112 4304 1260 4370 doctores
1313 4327 1426 4372 recuso
1448 4306 1585 4371 iudices:
1614 4306 1779 4390 superbis,
1808 4308 2017 4390 praefractis,
2045 4311 2337 4376 contumeliosieia

286 4411 401 4457 omnes
424 4388 543 4455 debent
560 4390 596 4453 in
617 4399 762 4456 nostram
784 4392 980 4456 sententiam
1003 4389 1154 4475 pedibus,
1176 4389 1262 4474 quod
1313 4393 1453 4459 fratrum
1491 4392 1767 4476 contemptoribus
1797 4393 1882 4459 hane
1916 4395 2128 4460 autoritatem
2168 4397 2337 4463 defen-1·

287 4477 352 4543 dici
374 4475 470 4552 solet,
500 4476 684 4542 concedere.
730 4477 775 4541 Ilt
799 4477 892 4542 bonis
916 4477 1040 4544 scilieet
1062 4477 1142 4543 viris
1164 4474 1260 4555 dolet,
1312 4478 1405 4544 nulla
1427 4479 1509 4544 ratio
1530 4480 1662 4561 patitur.
1706 4479 1753 4551 Et
1774 4478 1933 4547 adhaese
1954 4480 2136 4548 infantibus
2157 4502 2337 4566 compen⁴

286 4572 432 4629 mortuos
455 4562 584 4645 aspergi
607 4562 759 4628 infamiae
783 4565 907 4646 nota,²)
936 4563 992 4646 qui
1021 4586 1057 4629 se
1078 4571 1145 4627 tani
1168 4563 1262 4628 foedo
1312 4577 1398 4642 rant,
1420 4585 1480 4647 per
1498 4566 1681 4649 quosDeus
1702 4564 1833 4630 laudem
1854 4586 1948 4631 suam
1969 4568 2109 4650 perficit:
2132 4590 2193 4634 noe
2210 4587 2337 4635 verm

1312 4650 1428 4733 putida
1454 4654 1670 4717 ostentatione
1697 4658 1840 4717 terrores
1867 4652 2006 4719 obiicere
2033 4652 2337 4721 calumnientnu

356 4766 386 4831 1)
405 4766 481 4820 Bere
503 4773 529 4820 ct
547 4769 632 4820 Amet.
655 4767 768 4821 tabat:
793 4769 931 4824 invisibilis
954 4770 1039 4824 coelo.
1085 4768 1195 4823 Gallae.-
1223 4769 1260 4823 la·
1312 4735 1380 4836 sed,
1402 4737 1532 4802 Utinam
1553 4737 1670 4820 ⁸Pisit¹¹
1691 4736 1954 4814 mamu‘lmdifliss
1971 4747 2010 4838 ,01
2034 4739 2216 4807 m0d⁰⁸ti⁸⁰
2236 4743 2337 4842 itin

286 4835 377 4957 ‹ppelle
396 4843 439 4889 888
456 4836 563 4901 visible,
587 4836 655 4891 cccli
671 4838 778 4890 nomiae
796 4841 902 4893 888888.
941 4838 1038 4892 Minas
1055 4839 1168 4892 obscure
1184 4839 1261 4906 apud
1312 4821 1384 4888 (luti
1401 4822 1520 4887 saltem
1544 4823 1719 4907 probarent
1741 4845 1776 4889 88
1798 4845 1869 4890 8888
1891 4825 2048 4890 homines.
2098 4824 2337 4893 mannaan

327 4903 476 4985 ‘flaheim
505 4904 609 4986 leptim,
631 4904 679 4985 11]
701 4905 716 4957 1
739 4909 843 4973 vesci:
875 4907 1026 4975 Pugnantia
1053 4916 1260 4989 ⁸11¹1t2⁰⁰rr¹1⁸
1311 4908 1368 4974 ubi
1389 4910 1495 4975 maior
1515 4921 1549 4973 et
1570 4909 1685 4975 vanior
1705 4929 1803 4991 quam
1824 4909 1860 4974 in
1880 4911 1961 4993 ipsis
1982 4912 2188 4994 reperietur?
2222 4907 2337 4981 ou!

288 4972 386 5028 Christi
402 4990 430 5027 in
448 4973 525 5027 coelo
538 4981 668 5028 contineri
679 4982 707 5028 et
722 4991 827 5029 earnem
843 4984 871 5029 et
881 4991 944 5029 essa
957 4975 1066 5042 habere,
1085 4984 1114 5031 88
1130 4993 1158 5030 in
1175 4991 1260 5030 coena
1313 4995 1320 5009 ·

288 5040 458 5095 invisibiliter
476 5050 503 5095 et
520 5042 711 5097 insensibiliter
727 5044 784 5097 sine
803 5059 884 5096 earne
903 5050 931 5096 88
949 5044 1056 5098 ossibus
1075 5044 1185 5099 comedi
1310 4994 1451 5060 ¹u⁸m⁰d¹
1472 5004 1537 5074 ‘m’
1565 4994 1645 5060 dum
1666 4996 1728 5062 hoo
1749 4995 1864 5062 eodem
1884 4996 1954 5062 1⁰⁰⁰
1976 4995 2161 5064 thmmoe
2182 5000 2337 5067 ΜΨ

308 5174 315 5188 ·
356 5107 387 5173 2)
406 5107 484 5164 Voila
504 5126 606 5192 eamme
631 5127 676 5167 ces
699 5127 764 5182 gens
788 5110 822 5163 de
848 5111 908 5165 bien
932 5120 995 5165 sont
1018 5114 1218 5168 conscientieux
1243 5116 1260 5169 t
1311 5100 1366 5147 ‘⁰⁸
1389 5103 1427 5180 ,⁸⁰
1455 5081 1595 5180 iwtffntr
1625 5088 1661 5146 ¹¹¹²
1689 5082 1832 5180 tinniant
1859 5082 1952 5148 ¹¹⁰bi⁵
1980 5103 2093 5182 “mr
2122 5084 2337 5186 ⁰⁰¹fd⁸il⁸¹¹1

289 5172 411 5231 Miner
427 5194 496 5234 ceux
512 5196 558 5249 qui
575 5186 637 5236 sont
653 5187 814 5248 resparsa.
1310 5167 1471 5250 palpitent
1492 5188 1561 5233 suis
1582 5167 1787 5235 elamoribus.
1837 5168 1891 5234 En
1920 5168 2062 5236 humiles
2088 5191 2198 5254 pueri,
2230 5184 2337 5253 qm
