4748 5798
129 240 193 303 sce
900 224 1090 304 onmem
1107 233 1162 318 m
1182 233 1348 304 tosus
2061 251 2126 316 sec

126 426 222 511 ginta
242 424 337 501 annis
356 425 461 491 exorti
482 429 570 501 sunt,
591 428 625 489 et
651 420 789 490 subinde
838 421 1019 490 ullularunt
1045 422 1100 488 elii
1151 442 1269 506 pueros
1288 423 1419 507 quidem
1441 445 1500 491 sus
1527 424 1682 493 futilitate
1708 429 1844 512 posthac
1870 429 2017 515 decipiet,
2045 435 2128 519 quin

123 520 201 596 post
232 511 326 576 elios:
360 505 603 593 nempe,'qnis
640 508 772 575 videbat
830 519 921 586 etan,
955 508 1100 593 fulgente
1151 509 1262 574 statim
1284 508 1420 575 videant
1436 531 1559 590 omnes,
1581 512 1752 594 malorum,
1774 515 1922 599 equibus
1933 517 2126 587 alienissimi

124 596 253 677 Christi
274 595 443 681 evangelio
461 615 654 661 evanescere
671 595 865 694 praestigias
875 594 992 678 quibus
1005 616 1101 659 mun·
1151 615 1275 673 snmus,
1297 594 1427 679 eulpam
1449 595 1530 662 falso
1550 603 1584 662 et
1600 599 1722 665 iniuste
1743 601 1779 665 in
1801 621 1862 668 nos
1879 603 2030 671 conferri.
2052 591 2132 673 Iam

123 682 205 748 dnm
228 681 284 748 din
306 682 532 759 fascinaverat,
554 701 630 745 suos
655 701 768 762 omnes
794 690 936 767 impetus
964 678 1102 745 contulit
1152 701 1253 762 quum
1282 681 1393 765 palam
1425 681 1577 762 omnibus
1609 692 1751 765 constet,
1784 707 1845 751 nec
1872 688 2031 770 Lutheri,
2065 713 2125 760 nee

118 769 357 851 machinasque
384 789 497 833 omnes
520 765 666 831 exseruit
692 773 797 831 totum
825 764 964 849 denique
993 764 1100 831 Ache·
1151 766 1343 848 cuiusquam
1366 774 1516 832 nostrum
1535 769 1768 854 suffragatione
1780 772 1879 838 fuisse
1902 772 2031 843 adiutos
2051 778 2124 860 qui·

118 862 233 932 ronta,
254 853 306 919 vel
329 851 369 917 ad
397 852 607 920 evertendam
625 852 749 917 Christi
771 851 961 930 doctrinam,
983 850 1036 916 vel
1059 848 1101 916 ad
1151 872 1278 935 cunque
1299 853 1439 918 fanatico
1460 853 1576 936 spiritu
1598 855 1725 939 abrepti
1746 858 1864 942 impios
1875 868 1907 923 et
1918 859 2126 931 detestandos

54 995 61 1001 .
116 939 427 1024 frangendumeius
448 960 590 1004 cursum.
610 939 718 1021 Atque
730 937 791 1004 hoe
803 936 897 1003 modo
908 959 974 1002 non
985 957 1100 1019 parum
1150 957 1278 1002 errores
1289 948 1489 1021 sparserunt,
1510 949 1597 1005 certe
1605 941 1709 1007 nihilo
1720 946 1823 1026 magis
1833 963 1946 1009 eorum
1956 946 2126 1031 impietate

116 1025 336 1108 comprobata
362 1025 423 1088 fuit
457 1024 520 1090 Dei
551 1024 689 1101 veritas,
721 1022 807 1105 quod
839 1032 907 1088 tam
941 1022 1101 1088 violenter
1151 1043 1210 1088 nos
1232 1023 1362 1106 gravari
1384 1043 1523 1107 aequum
1542 1034 1601 1104 est,
1625 1047 1721 1110 quam
1740 1028 1817 1094 olim
1830 1029 1991 1096 sustinere
2014 1033 2127 1109 debuit
2194 1018 2201 1028 ’

112 1111 275 1195 impetita
295 1110 394 1176 inerit
414 1107 558 1177 Satanae
575 1106 764 1187 mendaciis
816 1105 930 1189 Quum
952 1128 1029 1192 ergo
1052 1116 1100 1172 tot
1151 1107 1278 1173 Paulus
1298 1129 1347 1174 ex
1364 1108 1572 1194 Hermogene
1586 1115 1609 1196 ¹)
1631 1122 1666 1177 ot
1685 1113 1816 1179 Phileto
1840 1119 1884 1195 (2.
1903 1116 1987 1182 Tim.
2007 1121 2037 1199 2,
2059 1119 2132 1205 17),

111 1196 301 1279 impiorum
322 1193 509 1279 dogmatum
530 1195 674 1260 insultus
687 1193 1100 1261 certitudiucmeoneilient
1151 1193 1206 1276 qni
1238 1192 1405 1261 iactabant
1431 1198 1704 1264 resurrectionem
1733 1221 1804 1279 esse
1831 1202 1962 1282 laetum,
1990 1226 2125 1288 nequa

112 1292 258 1348 nestrae
280 1281 461 1358 doctrinae,
483 1279 559 1364 quid
581 1281 616 1345 iu
638 1301 676 1344 ea
697 1277 855 1362 foedando
876 1279 981 1363 sputis
992 1279 1060 1344 suis
1074 1282 1098 1366 ¹)
1150 1278 1290 1364 amplius
1311 1301 1386 1362 spes
1407 1288 1555 1348 restaret
1927 1359 1929 1365 ¹

112 1366 274 1452 proficiet
295 1365 487 1451 Staphylus,
510 1367 572 1431 nisi
585 1366 666 1443 forto
678 1363 765 1449 apud
777 1364 925 1430 hominos
936 1365 1098 1443 volaticos,
1236 1369 1309 1444 [pag.
1332 1371 1383 1446 10]
1406 1365 1498 1448 Quos
1518 1388 1617 1451 porro
1637 1390 1764 1436 errores
1774 1379 1930 1450 recenset,
1952 1372 2123 1455 exquibus

112 1455 182 1538 qui
205 1452 751 1537 sibieripiultroeupiuntomne
773 1450 905 1516 boniet
932 1451 1011 1515 mali
1034 1450 1098 1516 dis·
1150 1451 1211 1514 toti
1233 1456 1362 1516 nostrae
1388 1450 1553 1518 doctrinae
1581 1453 1762 1538 ignominia
1789 1458 1968 1522 confletur?
2013 1456 2123 1539 Quam

110 1538 274 1606 crimen?
318 1538 449 1619 Quaero
471 1545 581 1603 tamen
603 1558 646 1602 nn
667 1544 716 1601 tot
737 1556 893 1615 errorum,
921 1536 961 1601 dc
983 1537 1099 1620 quibus
1149 1534 1298 1618 improbo
1319 1537 1500 1603 mentiatur
1517 1550 1630 1605 eontra
1651 1539 1740 1619 elios,
1769 1542 1890 1608 referre
1917 1542 2136 1628 supersedeo„
2224 1552 2230 1561 ‘'

111 1624 163 1691 ad
188 1646 250 1691 nos
271 1622 454 1709 grcrandos
482 1642 620 1708 magnos
642 1622 766 1687 sonitus
794 1621 880 1700 facit,
907 1622 1000 1710 nulla
1022 1633 1098 1689 ante
1150 1618 1266 1686 Suntne
1288 1620 1387 1687 nnius
1408 1643 1529 1688 nomen
1551 1645 1573 1690 a
1598 1646 1634 1691 so
1661 1628 1833 1693 confictum
1861 1628 1943 1692 mihi
1973 1630 2121 1713 imponit

109 1720 241 1776 natum
263 1710 448 1789 Lutberum
471 1709 666 1775 faemfuerit
686 1708 816 1794 montio.
852 1709 954 1790 Atqui
977 1708 1099 1773 multos
1150 1705 1329 1791 Energicos
1351 1707 1440 1773 enim
1461 1729 1532 1775 esse
1554 1709 1664 1789 tradit,
1691 1713 1748 1795 qui
1775 1714 1933 1778 virtutem
1963 1713 2124 1782 duntaxat

109 1799 194 1881 ipso
217 1800 456 1871 commemorat,
470 1793 595 1879 quibus
618 1793 728 1857 statim
750 1791 1099 1877 aprimerdicturb‘atc
1150 1793 1292 1875 corporis
1320 1792 1446 1860 Christi
1469 1795 1505 1859 in
1532 1815 1632 1861 coena
1659 1817 1731 1864 csse
1757 1798 1884 1877 volunt,
1912 1820 1977 1865 non
2006 1821 2123 1884 eorpus

110 1884 188 1949 fuit
208 1881 352 1948 ecclesis.
375 1880 414 1947 si
434 1880 596 1946 obiectum
617 1880 732 1944 fnisset
747 1878 900 1964 apostolis
911 1880 1098 1964 progenitas
1149 1878 1265 1961 ipsum.
1285 1878 1476 1962 Philippum
1485 1888 1596 1947 tamen
1607 1881 1896 1948 Melanchthonem
1906 1885 1986 1951 mihi
1999 1886 2122 1953 socium

112 1969 237 2051 fuisse,
259 1968 300 2033 ab
332 1966 436 2043 illis²)
468 1985 581 2031 omnes
615 1974 720 2031 sectas
747 1987 831 2048 qnae
858 1975 992 2048 repente
1019 1973 1098 2030 tuno
1150 1961 1307 2048 adiungit,
1330 1986 1368 2032 ao
1389 1966 1558 2050 utriusque
1578 1968 1626 2031 rei
1649 1989 1746 2033 meos»
1760 1978 1873 2033 contre
1889 1969 2121 2054 Westphalum

113 2054 330 2129 ebullierant,
354 2074 399 2117 an
419 2051 511 2116 nulle
527 2050 593 2116 illis
611 2052 725 2116 fnisset
736 2049 900 2117 defensio?
924 2050 1097 2132 Quaecun·
1149 2049 1249 2114 libros
1270 2058 1370 2115 testes
1392 2051 1484 2115 citat:
1508 2052 1561 2118 nbi
1573 2054 1738 2135 reperient
1750 2054 1886 2120 lectores
1907 2075 1985 2122 roro
1995 2055 2122 2123 Christi

115 2161 187 2224 que
210 2158 288 2204 vero
305 2138 375 2203 'illis
397 2158 549 2202 concessa
564 2136 665 2201 fuerit
681 2135 882 2221 nStapbylo,
905 2135 1098 2203 nobisccrbe
1150 2156 1298 2218 corpore,
1331 2134 1417 2220 quod
1454 2158 1514 2221 pro
1547 2138 1642 2204 nobis
1679 2139 1869 2206 crucifixum
1900 2149 1958 2219 est,
1995 2142 2121 2208 animas

115 2226 225 2290 etiam
247 2223 428 2290 communis
446 2223 518 2287 erit.
563 2223 635 2288 Hoc
656 2231 765 2286 autem
787 2220 1013 2304 feciliornobis
1036 2223 1099 2287 crit
1150 2232 1279 2286 nostras
1302 2223 1393 2306 pasci
1420 2223 1456 2287 in
1482 2243 1598 2289 coena:
1627 2224 1693 2289 imo
1721 2225 1921 2307 spiritualem
1950 2226 2052 2291 vitam
2078 2248 2123 2293 ex

118 2312 208 2377 ratio
231 2308 273 2374 ad
295 2307 484 2374 diluendum
508 2308 701 2385 convicium,
726 2305 814 2391 qued
836 2307 959 2387 deliris,
1003 2306 1097 2373 nibus
1149 2307 1293 2390 corporis
1324 2307 1427 2390 ipsius
1459 2308 1642 2386 substantia
1672 2310 1707 2374 in
1739 2332 1798 2376 nos
1832 2311 2026 2377 transfundi
2082 2310 2121 2378 Si

118 2397 203 2463 clim
225 2394 388 2480 evangelii
410 2394 515 2461 lucem
537 2392 749 2459 obtenebrare
766 2401 900 2459 conatus
922 2330 1097 2473 asthartem,
1150 2412 1270 2457 arcuna
1290 2394 1425 2476 spiritus
1446 2397 1569 2460 virtuto
1579 2416 1695 2479 corpus
1707 2395 1831 2462 Christi
1852 2397 1886 2460 in
1898 2395 2005 2461 cibum
2026 2398 2121 2464 nobis

120 2502 246 2567 magna
277 2502 318 2546 ex
346 2488 440 2563 perte
472 2478 568 2545 bodie
581 2557 585 2565 .
600 2479 705 2545 silent
756 2478 855 2544 Certe
889 2479 947 2544 rix
973 2479 1099 2546 decima
1150 2476 1221 2541 dari
1243 2477 1345 2558 trado,
1367 2501 1411 2544 an
1432 2478 1505 2546 ideo
1526 2502 1611 2565 nego
1637 2502 1771 2548 coenam
1796 2482 2121 2548 communicationem

142 2590 200 2633 urs
228 2573 384 2632 renovate
410 2566 480 2631 fnit.
524 2563 665 2646 Quando
693 2585 736 2646 se,
757 2565 905 2630 venalem
932 2565 1100 2648 prostituit
1150 2583 1222 2630 esso
1250 2563 1414 2647 eorporis?
1458 2566 1511 2630 En
1541 2565 1659 2649 quibus
1686 2562 1880 2632 stereoribus
1906 2589 1942 2632 os
1969 2569 2037 2632 suis
2063 2590 2121 2651 pa·

122 2589 318 2738 htaphylus,
339 2651 365 2717 si
389 2652 462 2735 quis
484 2672 559 2715 eum
580 2650 684 2734 pluris
706 2650 868 2718 conducat
884 2672 981 2734 quam
1003 2673 1097 2736 papa,
1150 2649 1256 2736 tronis
1287 2649 1449 2734 oblineti)
1503 2650 1728 2736 Prodigiosum
1767 2651 1855 2734 aliud
1878 2674 2024 2732 «nomon,
2055 2673 2119 2738 quo

125 2759 165 2804 an
188 2759 257 2803 non
269 2758 328 2821 pro
340 2737 428 2803 illius
440 2734 574 2801 libidine
589 2735 721 2810 Christo
732 2738 953 2820 exprobraret,
972 2739 1098 2820 quoties
1150 2734 1311 2800 maculam
1343 2735 1425 2800 mihi
1457 2737 1619 2816 inureret,
1655 2737 1834 2803 fabricavit
1890 2736 1997 2804 Vocet
2032 2741 2120 2806 onim

126 2825 156 2889 in
181 2823 327 2889 medinm
349 2821 457 2907 prodit
467 2822 537 2888 cius
548 2822 766 2906 evangelium,
788 2822 1097 2890 innumerossecum
1149 2820 1468 2891 Bisacremontalem.
1513 2822 1636 2889 Verum
1658 2824 1687 2887 si
1704 2822 1764 2898 hoe
1786 2822 1859 2887 vult
1870 2821 1981 2888 haberi
1996 2827 2137 2892 crimen-

126 2929 253 2975 errores
275 2908 415 2987 trahere,
437 2907 490 2973 vol
510 2929 550 2972 cx
560 2929 595 2973 so
606 2905 762 2996 gignere?
787 2912 911 2989 [page]
929 2930 1098 2992 nunqnam
1149 2905 1234 2989 quod
1257 2906 1320 2972 duo
1338 2903 1468 2972 tuntum
1490 2915 1693 2975 sacramente
1713 2906 1883 2988 aCbristo
1908 2908 2028 2974 tradita
2047 2930 2122 2976 esse

127 3003 239 3060 temen
270 2995 375 3079 magis
407 2994 577 3059 turbatum
608 2993 709 3059 inisse
737 2991 848 3058 orbem
874 2996 1038 3078 perversis
1065 3006 1099 3058 et
1150 3012 1270 3070 assero,
1293 2991 1430 3077 prebere
1456 2994 1491 3059 in
1518 2992 1632 3076 primis
1661 3012 1794 3060 neeesse
1821 2993 2137 3075 fueretChristumx

126 3081 235 3163 impiis
256 3078 461 3165 dogmatibus
482 3099 579 3166 quem
601 3079 785 3160 primoeius
808 3077 972 3144 adventu?
996 3081 1097 3163 Atqui
1149 3077 1345 3162 septuplicis‚
1368 3088 1406 3144 ut
1421 3079 1568 3162 papistac
1585 3077 1773 3160 loquuntur,
1795 3079 1923 3143 numeri
1936 3098 2006 3145 esse
2027 3088 2121 3146 aute·

127 3166 284 3232 Cbristus
309 3166 395 3248 ipse,
429 3171 563 3234 aeterna
590 3164 655 3229 Dei
692 3162 829 3243 veritus,
863 3166 941 3230 satis
977 3163 1097 3249 absque
1148 3184 1227 3228 rem.
1250 3162 1385 3246 Septem
1413 3170 1615 3247 sacramenta
1640 3163 1788 3246 papistae
1814 3161 2000 3229 obtrudunt
2035 3166 2117 3250 'Ego

126 3261 237 3318 nostro
258 3251 437 3335 patrocinio
457 3272 491 3315 se
512 3249 666 3315 absolvet.
688 3249 821 3314 Interes
842 3250 922 3325 haec
933 3251 1098 3317 distinctio
1148 3250 1301 3316 nonnisi
1320 3249 1382 3314 duo
1404 3248 1528 3331 reperio
1549 3268 1633 3398 {uae
1655 3246 1808 3314 Christus
1832 3249 1926 3315 nobis
1954 3271 2119 3316 commen·

124 3338 283 3403 advorsus
316 3335 467 3420 putidam
495 3335 755 3411 criminationem
786 3335 914 3402 abunde
948 3337 1097 3415 sufficiet,
1149 3333 1283 3399 daverit.
1326 3332 1391 3398 Vel
1415 3332 1528 3415 probet
1583 3332 1738 3418 tspbylus
1764 3343 1899 3417 oportet,
1926 3336 2061 3401 tortium
2084 3341 2119 3401 et

123 3443 294 3507 perperam
316 3421 456 3488 adscribi
479 3420 604 3487 Christi
632 3420 735 3486 serris
761 3419 919 3505 quidquid
943 3423 1104 3488 formenti.
1149 3420 1273 3502 reliqna
1294 3418 1457 3484 aChristo
1479 3418 1710 3496 manasserel
1735 3419 1819 3502 quod
1842 3427 1966 3485 rectum
1989 3429 2040 3486 est
2060 3441 2120 3487 nos

147 3529 226 3573 urae
247 3508 378 3573 illerum
401 3507 565 3572 doetrinae
587 3527 647 3591 per
667 3527 743 3572 suos
765 3507 931 3574 ministros
954 3510 1098 3594 aspergit
1149 3507 1270 3593 sentire
1292 3513 1325 3569 et
1343 3502 1375 3568 lo
1398 3504 1434 3568 ni
1453 3504 1554 3569 sinat:
1576 3525 1636 3569 nec
1658 3503 1833 3570 vorborum
1860 3505 2013 3589 ampullis
2042 3523 2120 3584 eon·

123 3529 242 3661 getan:
263 3592 399 3676 ideoque
418 3594 446 3658 si
468 3591 508 3657 de
530 3591 592 3658 hae
614 3596 712 3658 eausa
729 3603 816 3659 recte
827 3591 972 3660 indicere
981 3593 1096 3677 placet,
1148 3589 1228 3657 fidat
1248 3610 1307 3654 nos
1329 3609 1364 3654 sc
1376 3525 1542 3656 laesurum
1554 3589 1746 3670 haereticos,
1767 3591 1821 3674 qni
1834 3589 2123 3658 certaetdiluoids

124 3700 254 3763 semper
274 3676 454 3753 videndum
473 3700 544 3743 esse
565 3677 651 3763 unde
674 3698 765 3743 error
791 3678 901 3743 trahet
926 3680 1095 3764 originem.
1149 3678 1208 3742 filii
1223 3676 1298 3747 ¹Dei
1324 3674 1500 3756 autoritate
1532 3676 1678 3741 nitimur.
1728 3676 1769 3742 In
1796 3676 1890 3761 novis
1917 3675 2120 3743 Manichaeis

123 3765 175 3831 Ex
200 3786 263 3848 qno
285 3764 390 3848 eoepit
411 3763 581 3829 Lutherns
598 3784 731 3829 movere
747 3773 885 3849 papatus
898 3767 1096 3832 camarinam
1147 3768 1297 3828 numerat
1317 3759 1513 3840 Lutherum,
1535 3759 1833 3840 Melanchthonom,
1856 3783 1918 3840 mo,
1940 3769 1974 3833 ct
1998 3762 2119 3828 multos

123 3851 230 3915 multa
250 3850 420 3915 hominum
440 3856 473 3915 et
492 3848 683 3932 opinionum
708 3858 860 3933 portenta
882 3860 1013 3934 repente
1040 3874 1105 3938 ex·‚
1147 3848 1241 3914 alios:
1264 3845 1389 3935 deinde,
1411 3866 1475 3930 quo
1497 3846 1626 3932 longior
1636 3847 1680 3912 sit
1690 3845 1866 3935 catalogus,
1887 3846 2008 3912 iterum
2021 3868 2116 3930 repe·
2145 3849 2154 3871 ⁸

125 3937 291 4002 stiterunt.
313 3938 366 4000 An
386 3935 637 4017 Munzerieni,⁸)
656 3934 900 4017 Annbaptistae,
913 3934 1101 4017 Ademitoo,
1146 3934 1187 3998 tit
1211 3930 1421 3998 Manichaeos
1448 3940 1483 3996 et
1503 3931 1716 3998 Marcionitas
1742 3931 1960 3998 Celsinianos.
2004 3933 2117 4000 Facile

125 4021 278 4101 Stcbleri,
300 4019 520 4099 Sabbatharii,
542 4019 751 4099 Clonenlarii,
776 4019 950 4104 quidquam
972 4023 1099 4090 habuc<
1145 4016 1277 4102 quidem
1298 4025 1349 4083 est
1369 4016 1515 4083 convicia
1536 4016 1617 4083 haec
1638 4018 1730 4099 quusi
1752 4016 1876 4101 lapides
1897 4018 2033 4101 pedibus
2060 4019 2118 4086 ob·

124 4106 363 4172 runtLuthcro
374 4107 480 4187 affine,
503 4114 539 4171 ut
550 4106 675 4171 censeri
693 4103 833 4171 debeant
844 4107 914 4174 eius
924 4104 1102 4191 discipuli?
1144 4104 1214 4168 vics
1242 4101 1399 4169 advorsus
1436 4100 1570 4168 innexis
1600 4102 1708 4186 ospitu
1733 4103 1897 4185 proiicere.
1954 4108 2029 4187 [ppg.
2061 4109 2116 4185 11]

123 4194 176 4259 An
212 4212 272 4259 suo
304 4214 447 4276 unquam
474 4192 629 4275 suffragio
661 4212 717 4255 cos
742 4190 886 4256 levavit?
935 4194 989 4258 An
1018 4192 1093 4257 sub·
1144 4190 1269 4255 Consus
1286 4198 1397 4253 temon
1414 4189 1699 4271 assignoteurncs
1709 4188 1912 4254 Mauichueis
1932 4197 2115 4273 comparet:

123 4278 255 4361 scripsit
276 4277 514 4345 absurdissimis
523 4274 736 4342 commentis?
757 4275 830 4340 Imo
849 4285 971 4361 quanta
988 4277 1095 4361 potuit
1145 4273 1202 4341 sed
1218 4295 1305 4358 quas
1325 4272 1449 4356 partim
1469 4272 1639 4339 seinsedo
1660 4273 1797 4357 quodam
1820 4274 1941 4357 partim
1961 4296 1982 4340 a
2002 4276 2116 4361 cynico

124 4365 334 4430 vehementia
364 4363 430 4429 illis
462 4385 497 4429 se
528 4363 692 4446 opposuit,
719 4381 763 4450 ne
794 4362 924 4447 longius
949 4370 1093 4448 serperet
1144 4381 1258 4427 scurra
1279 4358 1469 4442 desumpsit
1512 4357 1624 4440 Quum
1651 4379 1728 4443 ergo
1755 4360 1933 4425 vanissime
1957 4363 2114 4444 figmonta

125 4449 284 4534 contagio.
313 4448 498 4514 Prudenter
519 4449 617 4514 etiam
640 4448 752 4513 stetim
763 4446 976 4531 deprehendit
995 4469 1093 4532 qnam
1145 4453 1285 4524 eructet,
1322 4445 1357 4508 in
1389 4464 1442 4509 me
1476 4443 1646 4529 purgando
1683 4445 1836 4524 laborare.
1865 4444 1943 4528 quid
1975 4443 2114 4517 attinet?

124 4536 243 4602 neniae
265 4542 375 4601 essent
394 4544 510 4618 pestes.
546 4533 592 4600 Et
612 4533 957 4617 adhucgrnnniethio
978 4549 1094 4618 porcus
1144 4532 1259 4612 Placet
1279 4537 1389 4596 tamen
1409 4550 1493 4613 quac
1514 4530 1555 4596 ab
1573 4528 1644 4613 ipse
1662 4529 1792 4596 tandem
1807 4529 1938 4600 additur
1958 4526 2115 4597 conditio:

126 4639 252 4687 errores
271 4621 326 4704 qui
343 4628 455 4686 nostro
467 4620 577 4686 labore
588 4620 750 4703 profligati
762 4627 849 4697 sunt,
871 4641 969 4703 quum
981 4640 1094 4686 securo
1144 4638 1261 4700 nempe
1288 4624 1327 4680 ut
1352 4636 1446 4680 meus
1478 4613 1518 4680 do
1545 4614 1848 4692 Praedestinctione
1878 4615 1962 4681 liber
1987 4623 2116 4681 contro·

129 4709 307 4788 quiesceret
332 4710 421 4771 totns
454 4705 577 4790 papalis
611 4705 731 4785 clerus,
765 4727 785 4770 e
817 4706 909 4771 nobis
936 4705 1093 4788 profectos

128 4792 218 4859 esse?
246 4788 365 4873 'Quod
398 4792 427 4857 si
459 4790 613 4857 obduruit
647 4791 681 4857 in
713 4812 774 4858 sua
803 4789 1018 4876 impudentia,
1051 4811 1094 4857 nc
1213 4854 1243 4919 1)
1262 4853 1299 4908 1„
1316 4853 1365 4909 m
1382 4853 1491 4908 mm
1506 4855 1636 4909 mon-a
1647 4852 1907 4920 Wmmsgeafg
1923 4836 2113 4927 Μυρμι-

295 4979 297 4991 ,
1042 4970 1045 4977 ,
1144 4940 1243 4981 comm
1267 4923 1355 4978 dicere
1377 4923 1592 4979 senescerere
1613 4925 1640 4980 si
1655 4923 1838 4992 Hermogenes
1865 4936 1944 4976 oscus
1967 4923 1999 4975 ic
2020 4921 2114 4976 uam

194 4996 225 5061 1)
244 5012 346 5061 commo
362 4995 404 5055 s'il
420 4997 467 5068 lup
483 4996 579 5052 rottoit
595 5011 629 5051 en
645 4994 713 5052 isos.
752 5037 756 5046 .
1143 4993 1258 5065 epistole
1275 4991 1300 5062 1,
1318 4989 1352 5045 lb
1407 4991 1520 5068 *mentio
1819 5035 1822 5042 .
1900 5056 1902 5061 ,
2075 5006 2081 5020 ¹

193 5065 224 5129 2)
244 5062 319 5119 Besa
334 5071 360 5118 et
376 5067 463 5120 Amet.
481 5063 563 5119 mole:
578 5063 647 5119 aliis.
1173 5123 1175 5128 ,
1212 5060 1243 5127 2)
1261 5060 1350 5132 Vella,
1378 5076 1393 5115 e
1411 5060 1500 5130 quelle
1518 5060 1616 5117 ordnrs
1634 5054 1902 5129 c’estqu'ilpsrfnms
1912 5054 2115 5129 eesldsmisurs

194 5133 226 5200 8)
245 5148 314 5188 ceux
329 5131 363 5189 de
380 5135 510 5189 Mnnster.
890 5165 892 5168 v
1144 5129 1189 5200 qui
1207 5130 1253 5200 luy
1269 5135 1392 5199 prestent
1400 5127 1504 5184 farsur.
2093 5166 2094 5169 ,

233 5216 346 5273 Cariat
357 5234 450 5290 opero.
487 5218 545 5276 Vol.
561 5216 618 5272 nt.
1874 5207 1910 5262 tt)
