4776 5844
272 282 315 350 bb
564 379 569 387 ι
911 204 921 226 .
1040 269 1260 343 saeuum
1280 269 1518 342 nmnuslo
1698 307 1704 317 ··
2237 277 2276 341 bd

272 479 346 554 [pag.
369 475 421 550 18]
442 465 549 551 qualis
566 467 667 531 luerit
687 486 761 531 mea
781 465 817 530 iu
838 463 1010 531 scribendo
1031 461 1249 529 mediocritas.
1301 462 1413 528 nescio
1433 481 1498 547 quo
1518 462 1637 562 spiritu
1657 463 1801 543 inflatus,
1830 463 1894 530 nisi
1915 482 2051 546 spumas
2071 459 2180 544 plenis
2200 461 2279 528 buo·

273 557 465 633 Caeterum,
493 554 571 635 quia
596 552 679 617 forte
706 550 831 617 veribus
860 559 925 628 est,
955 569 997 615 ne
1019 550 1048 614 si
1070 549 1159 614 solus
1180 549 1251 647 ipse
1302 549 1350 614 ois
1366 567 1491 633 egeras,
1514 546 1639 614 vrderis
1660 548 1782 615 anhelo
1791 548 1958 616 stomaoho
1975 549 2085 614 nescio
2102 545 2191 629 quod
2209 569 2280 614 mo-

272 644 380 708 laesus
401 641 499 718 soret,
527 658 648 721 paucos
668 637 833 702 inveniret
852 636 975 718 privati
997 631 1116 701 doloris
1137 653 1250 712 socros,
1301 632 1423 698 lestum
1443 653 1529 699 onus
1549 635 1774 718 comprimere.
1818 633 1893 716 Quo
1910 634 2018 718 magis
2033 633 2156 700 mirum
2178 640 2231 699 est
2246 642 2280 701 te

273 736 377 793 totam
420 732 530 790 entem
557 742 652 788 suam
679 720 723 787 ad
743 741 917 787 commune
939 720 1102 803 praelium
1122 719 1249 796 incitat,
1301 717 1475 802 plusquam
1497 739 1611 786 secure
1632 722 1765 799 vitium,
1794 718 1880 803 quod
1906 720 1942 785 iu
1969 729 2004 785 te
2023 719 2177 786 omnibus
2198 718 2281 786 adeo

179 847 183 856 ·
272 834 311 880 ao
332 813 361 879 si
416 807 561 876 armenis
577 808 730 873 omnibus
749 806 924 891 vulgatum
944 805 1157 873 temulentiae
1175 825 1249 888 pro·
1301 803 1433 870 foedum
1454 804 1663 889 deformeque
1685 815 1831 889 apparet,
1854 803 1990 889 perinde
2010 826 2049 870 ao
2070 804 2099 869 si
2120 805 2281 871 immunis

271 900 368 966 brum
398 917 418 961 a
443 916 497 960 me
524 894 685 959 obiectum
714 893 808 958 foret
858 891 897 958 Si
923 893 971 956 ita
992 898 1093 968 esset,
1116 911 1160 955 ne
1179 891 1251 972 ipse
1302 900 1336 955 et
1356 910 1459 973 purus
1480 890 1521 955 ab
1543 911 1582 956 eo
1603 892 1698 970 iores,
1721 911 1880 976 regerere.
1925 891 2112 970 Caeterum,
2132 909 2281 974 nequae

273 983 406 1068 quidem
422 980 506 1046 mibi
527 978 676 1044 vellemi
724 979 798 1044 osoi.
832 976 901 1043 Sed
918 976 1065 1042 notanda
1083 985 1135 1041 est
1150 996 1250 1058 quam
1301 975 1336 1040 in
1357 997 1411 1040 me
1433 975 1502 1040 ficti
1523 977 1670 1043 oriminis
1697 978 1838 1061 suspicio
1859 976 2002 1055 haereat,
2024 977 2148 1042 iterum
2170 977 2281 1042 brevi·

273 1090 350 1135 mox
373 1065 463 1132 addit
484 1065 643 1149 probatio.
707 1063 827 1128 rimine
846 1063 918 1141 hoo,
940 1062 1057 1144 inquit,
1080 1061 1182 1126 semel
1199 1069 1249 1124 at·
1301 1068 1353 1125 ter
1375 1060 1530 1126 monendi
1552 1070 1631 1128 sunt
1650 1062 1801 1140 lectores,
1830 1084 1928 1146 quam
1949 1063 2095 1146 ingenue
2115 1061 2200 1126 mibi
2221 1082 2281 1145 pe·

265 1174 337 1238 que
356 1155 476 1218 iterum
499 1172 552 1216 me
573 1149 777 1233 perstringit.
827 1147 933 1230 Quasi
960 1167 1040 1214 vero
1067 1147 1096 1211 si
1118 1145 1250 1212 bibulus
1301 1146 1476 1211 tulantiam
1489 1149 1514 1224 ¹)
1545 1147 1731 1230 exprobres.
1791 1148 1875 1214 Eius
1907 1150 1996 1214 euim
2026 1149 2281 1215 memorandum

273 1251 338 1319 est,
372 1239 443 1304 siue
465 1234 706 1320 compotoribus
743 1233 899 1300 inebriari
927 1241 1077 1316 nequeat.
1131 1231 1246 1312 Quan-
1301 1233 1466 1315 specimen
1491 1233 1632 1316 profers,
1667 1231 1755 1317 quod
1781 1233 1914 1318 linguae
1938 1255 2031 1299 meae
2057 1232 2212 1300 aculeum
2244 1234 2281 1300 in

274 1346 372 1409 quam
395 1345 437 1389 ne
459 1323 513 1388 hio
536 1321 577 1386 de
597 1320 702 1385 nihilo
731 1321 850 1385 anxius
872 1320 924 1399 sit,
952 1319 1034 1384 sciat
1055 1339 1122 1383 non
1144 1317 1248 1382 indic-
1301 1317 1446 1382 liutheri
1475 1339 1595 1383 nomeu
1625 1318 1837 1385 exseruerim.
1891 1318 2064 1401 Quaenam
2097 1339 2179 1385 vero
2211 1327 2281 1385 tam

273 1421 346 1475 tum
368 1410 470 1475 fuisse
491 1407 653 1491 praelium
682 1406 751 1471 suis
779 1403 918 1488 poculis,
947 1404 1030 1471 sciat
1052 1403 1092 1467 do
1114 1403 1179 1468 alia
1201 1411 1249 1467 te·
1301 1413 1418 1469 acutae
1439 1413 1518 1469 sunt
1533 1404 1611 1469 illae
1628 1403 1845 1487 punctiones?
1877 1402 2081 1488 Respondes,
2103 1406 2183 1487 quia
2202 1426 2280 1472 oon·

272 1496 434 1561 muleutia
456 1514 508 1558 me
526 1492 696 1575 loquutnm
718 1512 800 1570 esse,
814 1489 837 1575 ¹)
858 1511 957 1573 quam
975 1488 1136 1573 propheta
1144 1488 1250 1554 Isaias
1301 1489 1493 1567 teutiosum,
1521 1490 1752 1555 vehementem
1778 1499 1813 1555 et
1838 1490 1947 1556 levem
1970 1511 2042 1556 esse
2063 1489 2279 1557 insimulave-

273 1580 354 1648 dioit
376 1601 442 1645 non
464 1583 536 1644 esse
556 1601 576 1642 a
598 1578 684 1642 vino.
737 1577 873 1643 Utinam
901 1596 1068 1641 veronen
1090 1575 1193 1639 itase
1215 1575 1249 1638 in
1302 1575 1375 1640 rim.
1424 1574 1465 1639 In
1491 1573 1619 1641 duobus
1645 1597 1706 1642 our
1733 1573 1791 1642 tibi
1818 1577 1952 1641 mentiri
1980 1576 2129 1654 libuerit,
2157 1578 2278 1644 assde.

273 1665 472 1750 profundum
493 1664 613 1728 fastum
636 1663 857 1746 immergeret,
879 1683 940 1726 nec
967 1680 1122 1743 praeceps
1140 1666 1252 1724 rueret
1301 1659 1551 1726 contentiosum
1579 1662 1667 1726 enim
1700 1670 1734 1726 ot
1760 1660 1865 1727 levem
1894 1683 1961 1728 nou
1988 1662 2110 1728 vocavi.
2167 1662 2279 1728 Vehe-

273 1763 342 1817 tam
363 1750 506 1817 violento
528 1751 668 1831 impetu,
696 1756 735 1813 ut
755 1747 868 1812 ieiuna
890 1746 961 1811 eius
982 1746 1123 1811 ebrietas
1143 1745 1248 1808 omni·
1302 1746 1460 1810 mantiam
1493 1748 1530 1810 iu
1561 1745 1623 1812 hao
1656 1765 1756 1811 causa
1778 1754 1925 1812 notatam
1955 1752 2030 1827 [pag.
2050 1750 2106 1826 21]
2127 1748 2230 1813 fuisse
2252 1750 2280 1814 si

272 1836 335 1902 bus
356 1836 429 1919 plus
452 1855 555 1918 aequo
576 1842 657 1899 uota
678 1841 773 1899 esset
822 1831 900 1897 Non
920 1832 1032 1897 minus
1049 1831 1148 1896 etiam
1171 1827 1250 1894 ridi·
1300 1830 1438 1914 iudigue
1465 1831 1566 1909 ieras,
1594 1829 1755 1899 contende
1781 1833 1883 1897 solem
1909 1831 2047 1898 meridie
2068 1853 2137 1898 non
2160 1833 2278 1900 lucere

273 1922 346 1988 cnle
367 1923 402 1986 iu
424 1921 531 1986 locum
544 1919 638 1984 illum
649 1938 857 1984 communem
868 1915 1061 2000 digreditur,
1083 1916 1146 1982 sibi
1163 1914 1250 1981 hano
1387 1915 1498 1996 Quam
1519 1938 1597 1983 vero
1619 1914 1737 2000 cupide
1757 1917 1975 2001 Westphalus
1995 1928 2091 1983 extra
2111 1918 2223 1986 locum
2244 1922 2279 1985 in

273 2028 349 2074 oum
371 2006 504 2073 Christo
535 2016 570 2070 et
597 2003 752 2086 apostolis
786 2021 996 2068 communem
1024 2023 1096 2067 esse
1118 2013 1249 2078 sortem,
1301 2002 1389 2068 locos
1422 2023 1612 2068 communes
1640 2018 1803 2082 excurrat,
1836 2017 1934 2086 atque
1955 2013 1994 2069 ut
2014 2005 2176 2071 mustaoei
2203 2005 2280 2071 rhe-

273 2093 359 2176 quod
381 2102 511 2175 praeter
532 2090 662 2173 culpam
680 2097 834 2154 oneretur
854 2086 1035 2152 mendaciis
1056 2099 1090 2152 et
1111 2087 1249 2169 probris,
1302 2087 1428 2173 tores2)
1450 2087 1566 2166 solent,
1595 2088 1836 2154 declamitaudo
1859 2099 1997 2173 vagetur
2018 2098 2114 2155 extra
2135 2111 2280 2171 eausam,

272 2178 390 2261 quibus
411 2175 583 2242 vomendis
611 2187 680 2240 tam
707 2174 838 2258 largum
866 2182 900 2237 et
927 2172 1096 2239 robustum
1125 2173 1155 2237 ei
1177 2192 1250 2237 esse
1301 2194 1343 2237 ex
1363 2172 1425 2238 hoo
1447 2193 1514 2238 uno
1535 2173 1611 2256 plus
1629 2175 1709 2239 satis
1726 2174 1839 2257 liquet,
1861 2175 1949 2258 quod
1966 2196 2009 2241 ne
2025 2172 2178 2241 videatur
2194 2177 2281 2241 mul·

273 2264 461 2348 pulmonem
482 2271 649 2326 testantur
671 2261 742 2324 eius
764 2259 901 2341 scripta,
930 2279 1029 2341 quam
1049 2257 1194 2324 ferendis
1215 2267 1250 2322 et
1301 2256 1441 2324 titudine
1468 2258 1647 2335 confidere,
1681 2260 1879 2343 figmentum
1912 2263 2011 2326 inane
2038 2261 2101 2327 sibi
2133 2261 2282 2340 fabricat,

273 2355 348 2438 [pag.
363 2352 415 2428 19]
427 2344 667 2428 concoquendis
679 2342 855 2409 delicatum
866 2365 938 2409 esse
950 2345 1020 2409 eius
1033 2342 1248 2421 stomachum,
1301 2365 1355 2409 me
1375 2343 1566 2428 ingentibus
1588 2344 1692 2427 copiis
1713 2345 1857 2428 gloriari,
1884 2368 1966 2428 quas
1988 2368 2041 2412 me
2063 2368 2104 2411 ex
2127 2348 2282 2415 omnibus

273 2434 496 2519 querimoniae
520 2431 698 2496 declarant.
747 2430 949 2511 Praesertim
976 2429 1055 2511 quid
1073 2448 1149 2493 eum
1172 2448 1248 2512 gra-
1301 2428 1433 2513 angulis
1464 2428 1660 2495 educturum
1694 2430 1840 2496 minatus
1872 2432 1944 2497 sim.
1999 2432 2116 2515 Itaque
2147 2433 2283 2501 subiicit

273 2521 407 2586 vissime
440 2517 681 2591 vulneraverit,
715 2516 898 2598 perspicere
929 2513 1063 2579 difficile
1095 2534 1161 2579 uon
1189 2524 1248 2579 est
1300 2533 1371 2592 me,
1399 2524 1493 2580 tauta
1519 2513 1731 2581 multitudine
1759 2518 1932 2595 conlisum,
1958 2517 2124 2583 imbellem
2147 2518 2283 2585 turbam

273 2601 521 2671 Admonueram
548 2611 587 2666 ut
613 2622 693 2666 suae
719 2600 869 2666 iusoitiae
896 2600 1060 2678 conscius,
1089 2621 1157 2665 non
1179 2609 1249 2664 tam
1301 2611 1517 2666 contemnere.
1568 2598 1607 2666 Si
1635 2601 1709 2684 quis
1729 2601 1850 2669 Eeoius
1876 2603 1931 2668 vol
1953 2602 2091 2669 Oooleus
2118 2604 2182 2670 has
2202 2627 2283 2671 nae-

273 2688 476 2756 confidenter
497 2708 533 2752 se
554 2687 696 2753 efferret.
746 2685 834 2751 Mihi
860 2695 949 2752 certe
976 2684 1061 2750 nihil
1082 2686 1192 2750 minus
1212 2685 1248 2748 iu
1300 2686 1374 2751 nias
1394 2687 1548 2763 effutiret,
1576 2687 1704 2752 minore
1724 2706 1800 2752 oum
1821 2688 1972 2753 molestia
1993 2689 2104 2772 pueris
2125 2688 2284 2757 ridendos

274 2776 383 2841 animo
405 2775 527 2850 fuerat,
558 2793 656 2855 quam
678 2783 746 2837 tam
769 2772 923 2837 acerbum
946 2770 1068 2837 vrrlnus
1089 2772 1248 2855 infligere.
1300 2770 1475 2836 traderem.
1520 2771 1618 2839 Nuno
1643 2771 1731 2855 quod
1757 2792 1794 2838 se
1821 2782 1888 2839 tam
1918 2774 2079 2858 flagitiose
2112 2777 2284 2859 prostituit

272 2860 371 2926 Nunc
379 2880 482 2941 quum
503 2856 642 2923 subinde
651 2856 856 2923 stomachose
878 2866 1006 2939 repetat
1027 2857 1195 2922 indoctum
1213 2877 1249 2921 se
1300 2856 1537 2940 qualiscunque
1558 2857 1721 2944 evangelii
1742 2859 1921 2940 professor,
1948 2861 2123 2944 ignoscant
2143 2860 2284 2930 lectores

273 2945 403 3024 haberi,
435 2942 593 3008 latentem
626 2943 777 3008 morbum
810 2941 942 3009 detexit.
996 2943 1102 3026 Ergo,
1135 2942 1249 3007 West-
1301 2942 1390 3007 siin
1417 2943 1617 3008 refutatione
1645 2942 1794 3010 modicus
1822 2945 1904 3017 sim.
1932 2946 2011 3029 quia
2037 2946 2207 3014 dedecoris
2228 2968 2284 3013 me

273 3030 389 3115 phale,
419 3040 457 3094 ut
476 3027 657 3113 intelligas,
685 3049 792 3110 neque
813 3048 868 3092 me
890 3027 967 3093 data
988 3047 1088 3109 opera
1110 3027 1249 3093 antehae
1299 3026 1403 3111 pudet
1424 3047 1462 3092 ae
1483 3029 1583 3113 piget
1636 3027 1744 3093 Video
1771 3039 1884 3095 tamar
1905 3031 1984 3114 quid
2005 3032 2064 3097 sit:
2096 3033 2176 3115 quia
2195 3032 2284 3098 nihil

272 3117 436 3199 quaesisse
479 3113 544 3179 uod
564 3125 599 3179 te
620 3123 797 3199 pungeret,
826 3134 933 3195 neque
959 3113 1058 3178 etiam
1079 3133 1170 3179 nuno
1191 3110 1249 3178 do·
1300 3113 1487 3179 Athanasio
1510 3113 1617 3179 simile
1638 3113 1782 3181 habebat
1802 3125 1935 3198 praeter
1956 3118 2167 3199 paucitatem,
2195 3119 2284 3185 hanc

271 3202 342 3268 lore
352 3211 408 3267 tuo
418 3135 583 3278 oblectari,
606 3198 743 3282 posthac
764 3197 934 3265 indoctum
953 3218 1071 3264 vocare
1089 3197 1248 3276 desinam,
1301 3197 1526 3264 similitudinis
1554 3210 1668 3264 notam
1689 3200 1844 3283 arripuit,
1872 3223 1937 3285 qna
1963 3224 1998 3268 se
2020 3203 2142 3269 faceret
2169 3203 2284 3271 ortho-

271 3286 368 3352 modo
396 3287 541 3352 vicissim
568 3284 745 3351 candidum
771 3293 805 3348 et
831 3285 1000 3367 integrum
1028 3285 1196 3349 homiuem
1216 3293 1250 3349 te
1301 3281 1433 3349 dorum.
1483 3284 1646 3350 Dixeram
1674 3285 1779 3353 doctis
1806 3295 1839 3350 et
1869 3287 2011 3353 cordatis
2037 3289 2285 3372 quiescentibus

272 3372 355 3438 mihi
375 3382 531 3456 praestes.
542 3371 569 3457 ²)
600 3373 711 3453 Atque
733 3380 898 3453 uteunque
919 3379 977 3434 tuo
998 3390 1091 3435 more
1112 3368 1249 3435 ebullias
1300 3389 1422 3453 paucos
1445 3369 1595 3436 homines
1622 3370 1771 3436 indoctos
1800 3373 1870 3438 suis
1891 3372 2088 3439 elamoribus
2109 3375 2284 3442 ecclesiam

270 3459 308 3523 in
330 3458 509 3524 effraenem
532 3453 746 3522 maledioendi
766 3455 944 3534 licentiam,
971 3455 1074 3520 nullis
1095 3455 1250 3521 conviciis
1301 3453 1448 3520 turbare:
1470 3476 1590 3539 nempe
1609 3457 1680 3522 fore
1700 3456 1882 3541 sperabam,
1904 3468 1944 3523 ut
1964 3460 2081 3524 moniti
2098 3461 2283 3527 tumultuo-

273 3542 413 3608 certabo.
458 3543 561 3607 Porro
584 3552 622 3606 ut
641 3562 758 3606 verum
780 3541 837 3616 sit,
864 3540 980 3606 durius
1000 3550 1035 3606 te
1056 3539 1129 3606 ideo
1147 3541 1250 3605 fuisse
1301 3560 1355 3606 sas
1382 3560 1479 3606 voces
1506 3552 1766 3625 compescerent,
1799 3553 1900 3610 testes
1929 3545 2121 3629 paucitatis,
2154 3546 2283 3614 iudices

272 3630 356 3694 meis
375 3629 487 3695 verbis
504 3628 723 3711 obiurgatum,
746 3636 784 3690 ut
800 3625 972 3692 audaciam
991 3632 1082 3691 tuam
1104 3645 1250 3708 compes·
1302 3625 1471 3692 stultitiae.
1515 3627 1582 3692 Hic
1601 3649 1668 3693 non
1691 3633 1766 3707 [pag.
1785 3634 1840 3710 aa]
1864 3629 2057 3713 simpliciter
2077 3630 2118 3696 de
2140 3653 2283 3699 numero

273 3733 396 3791 esrem,
425 3715 549 3779 frustra
570 3721 681 3779 tamen
708 3709 762 3778 vel
793 3711 978 3789 existimas,
1007 3711 1061 3777 vel
1089 3709 1253 3790 obtendis}
1301 3720 1454 3777 certatur.
1499 3710 1568 3778 Sed
1589 3711 1668 3777 dum
1688 3712 1822 3792 multos,
1844 3734 1926 3797 quos
1947 3736 1968 3781 a
1988 3726 2081 3799 parte
2103 3737 2166 3783 sua
2191 3728 2284 3784 stare

273 3798 391 3864 callido
408 3819 462 3863 me
484 3798 622 3865 artificio
643 3798 744 3863 luisse
766 3817 874 3873 usum,
896 3806 936 3861 ut
952 3796 1081 3879 probris
1097 3797 1249 3879 meisop·
1300 3798 1370 3881 ipse
1392 3798 1509 3876 iactat,
1537 3798 1673 3864 ostendo
1700 3798 1807 3866 modis
1827 3799 1980 3866 omnibus
2008 3803 2106 3887 longe
2127 3824 2202 3868 esse
2222 3825 2282 3887 ap·

272 3905 406 3966 pressus
428 3884 622 3967 quiesceres.
672 3881 778 3962 Quasi
799 3901 877 3947 vero
899 3882 1060 3948 nescirem
1081 3901 1180 3965 quam
1200 3881 1249 3947 fa·
1302 3882 1401 3947 tiores
1423 3893 1457 3947 et
1473 3882 1592 3950 melius
1612 3884 1801 3963 instructos,
1824 3885 1952 3952 silendo
1972 3896 2087 3953 tamen
2108 3889 2283 3955 nobiseum

273 3967 401 4035 enudus
435 3968 477 4033 ad
506 3967 768 4035 maledicendum
801 3965 914 4032 rhetor
947 3987 1050 4045 esses,
1084 3976 1119 4032 et
1150 3988 1250 4050 quam
1301 3987 1416 4051 paoem
1435 3967 1550 4047 colere,
1572 3970 1601 4034 si
1622 3971 1708 4035 mica
1728 3969 1865 4054 pudoris
1881 3972 1998 4038 fuisset
2017 3973 2054 4038 in
2071 3973 2282 4057 Westphalo,

270 4053 367 4138 larga
388 4053 487 4120 huius
497 4054 628 4138 genern
639 4055 731 4137 eopia
742 4052 801 4118 tibi
811 4053 996 4136 proflueret
1031 4051 1099 4119 Sed
1117 4051 1249 4135 quando
1302 4053 1428 4119 abiecta
1455 4052 1550 4119 hasta
1577 4076 1620 4119 ax
1646 4056 1800 4122 conflictu
1831 4055 1874 4122 ad
1901 4078 1996 4123 suam
2021 4059 2199 4125 stationem
2227 4081 2281 4126 re-

271 4139 317 4204 ita
339 4159 469 4206 meeum
491 4138 573 4222 agis,
595 4147 633 4202 ut
654 4139 682 4202 si
701 4137 839 4206 verbulo
860 4142 936 4217 [pag.
956 4141 1010 4217 20]
1033 4146 1067 4203 te
1087 4137 1248 4222 perstrin·
1301 4158 1418 4204 versus
1439 4148 1536 4205 esset.
1580 4137 1784 4206 addideram
1806 4162 1936 4219 rursus,
1965 4143 1994 4207 si
2015 4153 2147 4210 tantum
2167 4166 2282 4212 sacra·

271 4245 349 4309 garn
369 4223 572 4291 conviciator
592 4224 665 4300 sim,
687 4233 726 4289 tu
748 4244 826 4291 vero
848 4223 931 4289 nihil
949 4224 1008 4290 tibi
1026 4222 1068 4288 ad
1088 4244 1143 4288 me
1163 4223 1248 4289 lace·
1300 4225 1422 4290 mentis
1449 4225 1517 4290 vim
1546 4246 1641 4291 suam
1667 4248 1814 4293 asserere
1841 4228 1987 4308 volebat,
2018 4229 2144 4294 nullam
2176 4230 2283 4298 fuisse

271 4309 412 4377 randum
434 4329 501 4374 non
522 4309 734 4375 concesseris:
766 4308 938 4393 quomodo·
951 4308 1166 4393 temperanda
1186 4310 1250 4373 erit
1300 4329 1442 4390 oausam,
1460 4331 1520 4375 our
1541 4312 1575 4375 in
1597 4332 1657 4376 nos
1678 4312 1833 4378 irrueret:
1866 4314 1943 4397 quia
1970 4335 2036 4380 nou
2063 4313 2159 4381 modo
2181 4317 2281 4384 iustis

272 4396 352 4480 styli
381 4394 448 4460 mei
479 4392 586 4459 ratio?
640 4393 767 4477 Nempe
799 4393 861 4461 boo
891 4394 1123 4479 compendium
1155 4396 1248 4476 sequi
1301 4394 1415 4478 elogiis
1442 4394 1612 4478 splendide
1642 4397 1730 4480 apud
1769 4418 1827 4464 nos
1865 4406 2027 4464 ornantur
2061 4412 2280 4483 scemmenta,

270 4479 466 4567 praestabit,
495 4488 532 4544 ut
558 4478 599 4543 de
627 4500 664 4543 re
685 4480 757 4562 ipsa
777 4480 970 4562 simpliciter
991 4480 1116 4564 loquar.
1160 4479 1249 4545 Nam
1300 4479 1358 4545 sed
1380 4480 1502 4564 siquis
1523 4481 1639 4549 inanes
1659 4483 1783 4566 figuras
1800 4504 1872 4550 esse
1892 4482 1989 4565 dicet,
2010 4485 2108 4550 multi
2125 4484 2169 4552 ad
2190 4487 2282 4555 hunc

270 4576 305 4633 st
325 4566 387 4633 hoo
408 4563 596 4633 observabit
615 4563 761 4647 prudens
782 4564 894 4644 lector,
921 4567 1048 4650 quoties
1070 4564 1247 4633 vehemen·
1300 4585 1447 4631 errorem
1478 4575 1615 4634 strenus
1646 4568 1857 4634 refutandum
1889 4571 1998 4652 parati
2030 4571 2105 4637 sint
2164 4572 2283 4640 Verba

271 4655 337 4719 tius
365 4654 400 4717 in
425 4661 460 4717 te
487 4651 655 4718 incurrere
676 4660 807 4716 coaetus
827 4672 918 4730 sum,
945 4671 1115 4735 nunquam
1137 4659 1249 4716 tamen
1299 4670 1375 4716 mea
1395 4651 1572 4735 inspiciant
1589 4653 1734 4733 lectores,
1756 4654 1845 4720 unde
1864 4655 2029 4721 constabit
2048 4676 2146 4739 qnam
2168 4659 2282 4725 ieiune

270 4738 407 4823 agravi
434 4744 469 4803 et
494 4736 581 4803 seria
607 4734 829 4801 admonitione
856 4739 1037 4804 mcessisse.
1087 4738 1139 4802 OEu
1167 4755 1247 4803 vero
1301 4735 1500 4804 adventitios
1521 4738 1646 4805 colores
1667 4739 1722 4806 hio
1748 4738 1950 4807 declamator
1969 4742 2182 4828 quaeritate
2228 4743 2282 4811 Ns

339 4975 370 5045 1)
391 4974 461 5060 thq
491 4977 612 5044 privam
634 4973 817 5042 Menum
835 4976 945 5046 papiae
961 4980 1058 5032 sorta
1086 4974 1103 5028 7
1125 4979 1152 5032 st
1177 4991 1248 5046 qaas
1369 4973 1400 5040 1)
1417 4991 1471 5098 qus
1488 4993 1552 5033 non
1568 4977 1661 5048 parler
1678 4985 1722 5034 est
1738 4977 1874 5035 deabordt
1891 4985 1920 5035 st
1935 4978 2010 5049 plus
2028 4978 2163 5038 d'inlurea

268 5044 791 5252 :mffiffisswtppdm
802 5118 1097 5239 ffiqumms'nven
1113 5128 1177 5184 moy
1193 5128 1247 5170 uus
1298 5043 1590 5238 fmgialhzlffgffit
1603 5046 2140 5187 wadialllhhhfflhqhfflagdehm
2157 5134 2231 5188 pour
2248 5135 2281 5176 ss
