4748 5798
157 253 219 318 309
771 246 836 313 Du
858 243 1075 315 OOOULTA
1095 245 1180 313 DEI
1200 244 1534 315 Pnovmanm.
1681 300 1685 306 -
1843 302 1846 308 -
2093 258 2161 327 310

156 445 325 523 terrogeut
345 437 446 521 impii,
469 436 546 519 quia
564 435 710 501 malitiae
719 434 865 503 radicem
876 435 967 502 intus
984 436 1020 500 in
1031 436 1128 503 corde
1180 434 1251 518 ipse
1272 435 1401 502 creavit
1439 433 1523 517 Quis
1534 436 1623 500 enim
1641 458 1786 521 unquam
1804 438 1900 521 dixit,
1921 453 2068 511 creatam
2084 467 2191 526 osup.

155 545 216 591 suo
249 522 517 608 deprehendunt,
552 531 637 589 teste
663 523 862 589 conscientia
887 521 1017 587 abunde
1049 541 1127 588 con·
1182 542 1203 585 a
1223 521 1295 586 Deo
1316 521 1538 603 iniquitatem,
1566 525 1717 606 quamvis
1737 525 2062 611 incomprehensibili
2084 533 2157 600 eius

156 612 253 688 vinci,
276 630 344 675 non
365 608 443 674 alibi
465 607 685 692 quaerendam
707 607 937 691 esseculpam:
961 616 1127 674 ettamen
1181 605 1316 672 consilio
1338 606 1380 672 ad
1402 608 1505 672 iustos
1526 612 1791 692 rectosquetines
1812 613 2006 681 ordinetur?
2039 619 2157 703 Apage

40 726 45 732 ·
155 694 266 762 Deum
288 716 408 779 pravas
429 716 541 759 eorum
558 694 744 760 voluntates
766 714 829 776 quo
851 693 959 759 visum
980 703 1031 760 est
1051 696 1129 761 flee-
1182 712 1259 776 ergo
1282 712 1356 758 cum
1379 701 1438 758 tua
1458 694 1523 759 ista
1540 693 1736 775 insulsitate,
1760 703 1834 778 [pag.
1849 704 1904 780 98]
1926 723 1992 784 999
2009 700 2156 785 barbam,
2270 683 2273 688 ¹

156 782 264 861 tendo,
288 781 383 846 malis
399 781 483 846 bene
504 780 563 845 uti.
608 778 705 860 Quod
726 780 965 858 obmurmuras,
988 778 1129 846 dilucide
1181 798 1266 862 quae
1288 778 1482 845 naturaliter
1505 777 1742 848 dormientibus
1753 787 1918 865 provenit,
1940 807 2016 853 cum
2038 790 2158 856 volun-

156 869 223 933 iam
244 867 427 932 monstravi
449 875 483 930 te
505 887 571 930 999
594 865 676 930 mihi
697 864 754 932 sed
777 867 848 930 Deo
870 865 961 931 litem
984 871 1059 946 [pag.
1072 871 1126 945 99]
1180 863 1275 929 teriia
1296 863 1476 930 sceleribus
1502 865 1690 949 permisces.
1741 867 1861 949 Nobis,
1889 876 2040 954 quamvis
2066 876 2157 942 insa·

155 952 337 1020 intendere.
381 950 493 1018 Deum
522 953 649 1016 utinam
679 973 721 1017 ex
749 953 858 1017 animo
880 960 1008 1033 patrem
1029 951 1127 1016 lumi·
1180 951 1268 1029 nias,
1298 951 1402 1015 fixum
1428 950 1490 1017 hoc
1518 952 1677 1028 manebit,
1730 974 1848 1020 uorum
1878 978 1997 1040 pravos
2018 962 2157 1029 affectus

155 1061 237 1106 num
258 1059 466 1123 agnosceres:
489 1058 607 1119 nempe
629 1037 902 1121 quemadmodum
914 1038 1029 1103 definit
1040 1038 1127 1103 Pau·
1179 1033 1222 1099 ad
1243 1035 1451 1119 exsequenda
1474 1056 1534 1102 sua
1560 1037 1681 1104 iudicia
1708 973 1854 1106 destinat
1881 1053 1916 1108 et
1942 1045 2031 1129 regit
2052 1048 2154 1127 Deus,

155 1126 208 1191 lus
229 1126 261 1204 (1
283 1125 366 1190 Tim.
387 1128 415 1203 6,
438 1127 506 1209 16),
534 1144 577 1187 99
599 1130 657 1188 tua
679 1123 814 1189 audacia
835 1143 1063 1207 perrumpercs
1085 1121 1127 1188 ad
1180 1122 1311 1187 eosdem
1333 1124 1404 1186 iure
1425 1123 1552 1205 punire,
1575 1124 1652 1207 quia
1668 1145 1741 1189 reos
1760 1128 1977 1210 suaipscrum
1989 1133 2157 1199 censcien-

155 1212 263 1278 lucem
285 1212 495 1287 inaccessam,
518 1209 583 1275 imo
605 1231 648 1274 99
670 1210 828 1294 sacrilega
849 1210 1031 1292 petulantia
1054 1229 1127 1274 eam
1179 1207 1226 1272 tia
1247 1207 1384 1291 peragit.
1417 1209 1468 1274 Ac
1490 1208 1565 1274 vide
1587 1208 1747 1293 quomodo
1770 1212 1976 1297 teimplices:
2000 1218 2156 1285 ubienim

156 1306 303 1365 verteres
329 1298 362 1360 in
397 1295 558 1361 tenebras.
614 1296 719 1361 Porro
752 1317 793 1361 ex
820 1296 930 1360 Iacobi
963 1295 1129 1361 sententia
1180 1294 1346 1359 confessus
1369 1312 1405 1359 es
1432 1286 1546 1376 ignota
1572 1296 1666 1362 nobis
1693 1316 1766 1362 esso
1785 1298 1852 1364 Dei
1878 1321 2012 1381 arcana,
2040 1313 2157 1371 centra

156 1383 400 1468 (1,1v)stulte
422 1380 495 1447 colli
523 1382 564 1461 's,
592 1383 670 1463 quia
696 1403 793 1446 omne
821 1381 943 1446 donum
965 1382 1127 1465 optimum
1180 1379 1303 1462 excipis
1329 1380 1492 1445 iustitiam
1521 1381 1615 1447 nobis
1642 1402 1714 1448 esse
1741 1384 1916 1468 cognitam.
1970 1388 2097 1454 Verum
2125 1390 2155 1455 si

158 1478 293 1552 apatre
313 1468 475 1532 luminum
520 1467 678 1545 escendit,
704 1489 771 1533 nou
793 1465 988 1533 descendere
1010 1467 1051 1533 ab
1074 1488 1127 1532 eo·
1179 1466 1260 1547 quis,
1284 1486 1327 1530 an
1349 1465 1458 1548 aliqua
1475 1467 1518 1532 sit
1538 1468 1574 1530 19
1593 1468 1655 1532 Dei
1678 1471 1807 1534 arcanis
1828 1471 1955 1537 iustitia
1976 1495 2088 1552 necne,
2112 1497 2157 1541 ex

157 1556 233 1621 dem
254 1552 428 1619 horribiles
449 1553 630 1630 vindictas,
659 1552 700 1617 ad
727 1565 807 1635 quas
835 1563 983 1618 tremunt
1003 1553 1065 1637 pii,
1095 1561 1128 1618 et
1178 1558 1211 1616 te
1232 1559 1376 1634 quaerat,
1400 1573 1441 1616 an
1464 1552 1620 1636 negabis?
1653 1552 1819 1619 Iustitiam
1842 1577 1940 1639 porro
1961 1558 2053 1624 illam
2076 1583 2157 1644 quo-

156 1648 390 1724 expavescunt
436 1638 579 1704 Stultius
600 1640 759 1704 etiamen
777 1660 829 1703 me
851 1640 990 1722 quaeris,
1013 1661 1056 1704 an
1077 1641 1127 1704 vi·
1179 1636 1275 1701 modo
1297 1646 1411 1702 notam
1433 1658 1504 1703 esse
1521 1637 1618 1717 dices,
1641 1661 1740 1722 quam
1752 1641 1863 1705 David
1873 1651 1909 1708 et
1918 1643 2054 1726 Paulus,
2077 1647 2157 1730 quia

157 1728 258 1792 tiosos
291 1726 428 1791 affectus
462 1740 496 1790 et
521 1746 692 1809 perversos
722 1746 892 1790 numerem
926 1727 1013 1790 iuter
1042 1727 1129 1791 bona
1180 1743 1296 1787 sensus
1324 1743 1436 1788 eorum
1466 1723 1568 1807 fugit,
1602 1746 1678 1790 oum
1704 1725 1921 1794 admiratione
1948 1732 2153 1815 suspiciunt?

157 1814 250 1878 dona.
285 1810 387 1892 Quasi
409 1831 489 1877 vero
508 1812 642 1895 spiritus
659 1811 846 1896 sapientiae,
869 1811 980 1876 iudicii
999 1820 1033 1876 et
1049 1832 1127 1894 pru·
1180 1807 1331 1892 Abyssus
1352 1809 1464 1889 multa,
1494 1819 1528 1874 ct
1549 1810 1641 1876 dives
1662 1810 1801 1877 altitudo
1830 1815 2011 1898 sapientiae
2032 1817 2067 1883 in
2089 1819 2156 1885 Dei

157 1898 296 1975 dentiae,
319 1897 403 1962 nihil
426 1898 766 1981 aspiritusopcriset
784 1897 957 1981 vertiginis
979 1896 1126 1962 differat:
1180 1893 1308 1959 iudiciis
1335 1914 1378 1958 an
1412 1913 1478 1960 non
1512 1895 1672 1961 iustitiam
1703 1897 1808 1964 1999
1835 1901 2032 1967 continent?
2084 1904 2156 1971 Gur

155 1984 250 2068 quasi
272 1983 371 2048 etiam
393 2004 458 2048 non
478 1984 616 2048 aliussit
637 1984 1049 2067 regenerationisspiritus,
1072 1984 1128 2065 qui
1180 2001 1258 2063 ergo
1279 1980 1404 2046 iustum
1426 2002 1497 2047 esse
1515 1982 1625 2047 Deum
1647 1983 1797 2066 negabis,
1828 1987 1955 2068 quoties
1982 1997 2016 2053 te
2037 1989 2156 2057 latebit

156 2071 271 2136 fideles
293 2071 426 2154 refingit
446 2067 487 2133 ad
509 2070 687 2153 imaginem
699 2069 772 2147 Dei,
795 2090 893 2151 quam
915 2070 1050 2152 spiritus
1064 2068 1128 2133 Dei
1180 2086 1315 2148 operum
1338 2066 1409 2132 eius
1426 2066 1531 2131 ratic?
1577 2066 1682 2134 Sicuti
1704 2070 1738 2134 in
1761 2068 1845 2135 libro
1867 2071 1927 2137 Iob
1949 2075 2016 2155 (28,
2037 2079 2076 2138 27
2089 2078 2154 2161 sq.)

155 2156 278 2232 malus,
307 2155 363 2238 qui
392 2154 544 2238 reprobos
572 2153 675 2239 adigit
705 2155 740 2218 in
767 2155 928 2219 furorem:
962 2157 1057 2222 sicuti
1088 2154 1128 2220 de
1181 2150 1348 2218 distinctio
1381 2161 1498 2218 notatu
1526 2152 1627 2238 digna
1654 2156 1811 2220 statuitur
1837 2157 1927 2222 inter
1956 2161 2153 2242 sapientiam

154 2240 257 2308 Saule
279 2242 426 2326 legimus.
1179 2235 1244 2302 Dei
1276 2239 1623 2323 impervestigabileni,
1659 2262 1679 2306 a
1712 2262 1778 2324 qua
1804 2252 1936 2307 arcetur
1969 2244 2155 2314 humanum

240 2325 351 2393 Simili
373 2327 575 2410 impudentia
597 2327 743 2409 exagitas
760 2325 847 2410 quod
865 2326 972 2405 doceo,
994 2327 1128 2411 perSs-
1179 2342 1300 2406 genus,
1327 2332 1362 2389 et
1384 2345 1457 2389 eam
1486 2345 1569 2408 quae
1591 2327 1627 2389 in
1646 2326 1719 2410 lege
1741 2326 1836 2392 nobis
1858 2333 1933 2409 [pag.
1954 2335 2007 2409 99]
2029 2329 2154 2398 traditu

155 2421 267 2478 tanam
296 2423 330 2477 et
358 2413 511 2496 reprobos
538 2411 649 2477 Deum
678 2432 830 2477 exercere
857 2432 919 2476 sua
945 2411 1066 2479 iudicia
1093 2415 1126 2478 in
1179 2417 1238 2488 est,
1262 2410 1309 2474 sic
1330 2417 1364 2473 te
1391 2431 1533 2494 quoque,
1562 2412 1627 2478 nisi
1648 2413 1761 2477 omnia
1782 2413 2013 2494 confunderes,
2043 2417 2153 2500 potius

154 2500 294 2584 gloriam
329 2504 404 2578 [pag.
423 2504 478 2579 96]
513 2519 615 2563 suam.
673 2495 831 2563 Satanam
865 2499 1124 2565 instrumentum
1179 2492 1381 2579 distinguere
1407 2506 1597 2579 oportuerat
1618 2498 1707 2562 inter
1728 2498 1924 2580 profundam
1946 2501 2038 2567 illam
2057 2503 2155 2569 iusti·

154 2606 225 2650 esse
251 2586 320 2650 irae
348 2606 427 2650 suae
455 2584 546 2649 Deus
577 2595 644 2648 tam
670 2582 769 2649 verbo
795 2604 896 2667 quam
923 2586 1126 2668 experientia
1179 2580 1260 2644 tiam
1282 2591 1316 2646 99
1347 2579 1572 2649 admirabilem
1599 2604 1683 2666 quae
1709 2583 1865 2651 humanis
1892 2586 2057 2654 mentibus
2084 2610 2154 2656 non

153 2671 240 2736 claro
263 2679 411 2736 testatur.
455 2668 621 2750 Quorsum
643 2690 721 2735 rere
744 2668 889 2735 dicemus
911 2691 969 2752 por
991 2692 1128 2736 manum
1178 2667 1322 2748 capitur,
1351 2676 1386 2731 ot
1405 2668 1552 2734 iustitiae
1578 2669 1728 2753 regulam
1754 2691 1839 2754 quae
1862 2673 2025 2756 regendae
2047 2674 2155 2740 homi·

154 2755 300 2822 Satanae
321 2757 429 2822 Deum
451 2756 589 2840 operari,
611 2755 673 2820 nisi
696 2763 735 2820 ut
753 2754 891 2839 gloriam
915 2776 1009 2821 suam
1030 2755 1126 2822 illus·
1177 2773 1258 2817 num
1280 2753 1368 2819 vitae
1388 2754 1424 2818 19
1445 2754 1518 2839 lege
1553 2755 1733 2839 raescripta
1743 2765 1805 2822 est
1849 2754 2041 2825 Secundum
2058 2780 2156 2845 aper·

155 2842 241 2908 tret?
287 2839 419 2908 Videris
440 2841 501 2909 tibi
523 2841 585 2907 hoc
608 2838 715 2923 lepido
738 2840 857 2907 cavillo
879 2840 1028 2922 eludere,
1051 2844 1127 2926 quia
1179 2846 1247 2903 tam
1278 2838 1371 2904 illam
1404 2777 1568 2924 evangelii
1597 2841 1795 2922 doctrinam,
1835 2844 1956 2922 fateor,
1996 2845 2156 2913 iudicabit

154 2949 222 2993 non
245 2927 403 2993 tribuitur
425 2928 497 2993 Deo
518 2927 644 2993 iustitia
665 2949 707 2991 ex
726 2926 910 2992 mendacio:
944 2927 1001 2993 sed
1024 2948 1065 2993 an
1088 2939 1127 2994 tu
1178 2922 1271 2990 Deus
1292 2924 1469 3004 mundum,
1497 2926 1554 2993 sed
1583 2946 1721 2992 emanas
1748 2948 1828 2993 suae
1849 2928 2076 3010 providentiae
2099 2953 2155 2999 ae-

154 3013 264 3079 Deum
286 3014 444 3098 impedies
466 3014 690 3098 quominusex
713 3021 769 3078 tuo
791 3013 912 3078 scelere
930 3013 1040 3079 eliciat
1057 3013 1126 3099 gle-
1178 3011 1335 3093 quitatem
1357 3011 1456 3076 simul
1484 3020 1598 3079 99999
1625 3033 1740 3077 omnes
1766 3013 1900 3079 rabulas
1921 3026 2055 3082 asseret.
2101 3018 2155 3084 uu

153 3101 221 3165 riae
244 3120 322 3166 suae
344 3099 537 3165 materiam?
583 3098 683 3164 Certe
699 3098 916 3165 nihilominus
945 3121 1043 3183 quam
1065 3102 1126 3165 im·
1178 3116 1256 3161 vero
1284 3097 1311 3161 si
1333 3097 1387 3163 vel
1413 3098 1581 3164 tantillum
1609 3099 1643 3163 in
1669 3099 1856 3184 evangelio,
1884 3098 1926 3164 de
1946 3123 2011 3183 quc
2036 3104 2154 3186 garris,

153 3186 242 3250 mani
256 3190 325 3250 'sua
352 3187 506 3268 superbia
534 3184 690 3250 obsistere
717 3185 822 3267 potuit
844 3184 988 3264 Pharao,
1020 3207 1061 3252 ne
1089 3187 1126 3251 in
1178 3183 1377 3249 exercitatus
1399 3203 1496 3261 esses,
1518 3183 1612 3250 facile
1634 3184 1836 3268 intelligeres
1857 3187 2019 3268 quomodo
2041 3209 2154 3254 remu·

152 3272 223 3422 {qtae
232 3271 373 3356 fulgeret
385 3270 448 3336 Dei
471 3271 585 3356 gloria,
608 3272 761 3354 quoniam
785 3271 820 3334 in
843 3271 933 3346 hunc
954 3272 1053 3337 finem
1071 3293 1125 3337 or·
1178 3275 1312 3333 noratur
1332 3270 1425 3334 Deus
1451 3290 1549 3351 quam
1575 3270 1649 3354 lege
1670 3289 1731 3334 sna
1751 3270 1962 3337 sommendat
1982 3273 2153 3355 iustitiam,

175 3359 288 3422 inatus
297 3367 375 3423 erat.
387 3356 549 3423 Obtendis
558 3355 838 3423 Nabuehadneaer
849 3355 976 3423 dedisse
986 3358 1123 3442 gloriam
1176 3375 1284 3436 neque
1306 3354 1467 3437 promissa
1487 3374 1609 3420 corona
1630 3355 1772 3434 fraudet,
1801 3357 1857 3440 qui
1879 3377 1922 3421 ex
1950 3358 2061 3423 animo
2082 3360 2154 3427 eius

152 3443 233 3520 Deo,
257 3442 312 3509 ubi
333 3443 492 3509 iustitiam
521 3443 593 3508 eius
621 3442 788 3508 confessus
816 3454 865 3507 est
887 3442 989 3526 (Dan.
1009 3450 1038 3522 4,
1059 3444 1124 3532 34).
1176 3441 1358 3522 praeceptis
1380 3439 1618 3524 obsequuntur,
1648 3449 1681 3506 et
1702 3453 1816 3507 tamen
1836 3443 1922 3508 iuste
1944 3445 2061 3525 puniat
2081 3464 2154 3511 om·

151 3528 199 3595 Ut
219 3529 304 3595 scias
324 3551 420 3612 quam
444 3550 557 3594 secure
574 3529 757 3594 obtusatua
776 3526 885 3594 iacula
906 3537 1123 3608 contemnam,
1176 3547 1235 3591 nes
1256 3527 1498 3611 immorigeros,
1526 3548 1606 3610 ques
1628 3537 1738 3593 tamen
1762 3549 1876 3594 servos
1898 3549 1974 3595 suos
1996 3530 2153 3613 appellat,

152 3614 291 3680 libenter
312 3616 348 3680 in
376 3616 437 3680 hac
464 3635 564 3681 causa
590 3626 623 3679 te
650 3614 785 3694 adiuvo,
812 3623 846 3679 et
868 3635 1010 3700 suggere
1039 3618 1123 3699 quod
1176 3612 1252 3693 quia
1280 3632 1394 3676 eorum
1423 3611 1521 3678 corda
1554 3615 1587 3677 in
1616 3635 1719 3678 manu
1749 3613 1857 3679 habet
1910 3612 2015 3679 Sicuti
2039 3615 2153 3681 Nabu-

152 3702 210 3767 tibi
243 3702 279 3765 in
314 3710 457 3766 mentem
492 3722 558 3764 non
594 3701 702 3765 venit:
735 3700 832 3765 Iosue
865 3700 943 3765 dum
972 3701 1124 3767 hortatur
1175 3696 1359 3763 ehadneaer
1379 3699 1523 3764 furiosus
1544 3699 1629 3764 latro
1650 3707 1683 3763 et
1705 3701 1905 3782 mancipium
1917 3697 2062 3766 Satanae
2080 3702 2153 3783 fuit,

151 3787 290 3864 tham,
312 3795 351 3851 ut
372 3784 427 3851 det
449 3787 585 3871 gloriam
607 3785 690 3862 Deo,
713 3786 797 3850 nihil
818 3785 907 3851 aliud
929 3808 1035 3871 agere,
1058 3791 1122 3855 nisi
1175 3791 1209 3848 et
1236 3805 1302 3848 999
1331 3791 1455 3850 temere
1484 3785 1572 3868 apud
1594 3785 1770 3850 Ieremiam
1798 3787 1866 3868 (25,
1888 3786 1921 3867 9)
1946 3802 2063 3852 servus
2087 3787 2153 3854 Dei

151 3882 189 3938 ut
211 3872 338 3938 detecto
359 3871 527 3938 mendacio
554 3870 764 3955 sacrilegium
787 3893 883 3937 suum
903 3871 1021 3955 prodat
1043 3874 1121 3957 (199.
1175 3869 1373 3935 nominatur.
1417 3869 1564 3951 Quodsi
1596 3869 1705 3949 docui,
1735 3880 1775 3935 ut
1788 3872 1890 3937 ¹Deus
1913 3872 2005 3936 viam
2028 3874 2155 3956 patefa-

124 3961 180 4035 ἵ1,
203 3961 267 4043 19).
313 3956 380 4025 Sed
402 3959 468 4023 iam
491 3958 670 4040 quaeritur,
695 3979 738 4022 an
759 3979 847 4023 unus
869 3958 1031 4024 duntaxat
1054 3981 1121 4024 mc·
1175 3956 1240 4020 ciat
1265 3953 1393 4022 iudiciis
1422 3962 1495 4036 [999.
1518 3962 1592 4037 199]
1613 3956 1697 4035 9919,
1726 3956 1866 4021 incitare
1897 3958 1964 4023 huc
1992 3958 2044 4024 vel
2073 3959 2155 4028 illuc

150 4042 211 4111 dus
232 4050 307 4124 [pag.
330 4051 383 4125 97]
413 4046 455 4110 sit
482 4042 696 4109 illustrandae
723 4043 846 4126 gloriae
868 4042 948 4124 Dei,
978 4046 1062 4127 quod
1093 4047 1121 4112 si
1175 4041 1344 4106 homiuum
1362 4043 1469 4120 corda,
1492 4041 1682 4124 quandoita
1702 4041 1744 4106 ad
1766 4041 1905 4107 verbum
1927 4042 2055 4127 loquuti
2073 4053 2154 4111 sunt

150 4150 269 4196 canen
290 4130 432 4214 fulgeret
453 4151 495 4196 ex
512 4129 683 4194 hominum
696 4128 883 4208 mendaciis,
905 4131 1124 4196 frustraPau-
1174 4126 1362 4210 prophetae,
1385 4149 1445 4193 our
1466 4129 1612 4193 recitatio
1624 4129 1657 4192 in
1670 4129 1794 4194 crimen
1813 4127 1987 4194 trahetur?
2022 4130 2153 4216 Nempe

151 4214 217 4295 lus,
248 4214 304 4280 ubi
326 4213 409 4281 dixit
435 4238 546 4281 unum·
560 4216 669 4280 Deum
698 4236 769 4280 esse
795 4235 960 4292 veracem,
988 4224 1122 4283 cunctos
1174 4213 1254 4278 haec
1277 4224 1355 4278 sunt
1377 4233 1488 4279 sacrae
1511 4213 1667 4279 historiae
1690 4213 1803 4278 verba:
1827 4212 1960 4280 Adiecit
1980 4216 2153 4282 furorDo-

151 4321 230 4367 vero
251 4300 405 4366 mortales
426 4324 498 4367 esse
520 4301 700 4377 mendaces,
724 4301 878 4366 continuo
890 4310 963 4384 pest
981 4312 1121 4388 rogaret,
1173 4300 1254 4364 mini
1276 4299 1373 4365 irasci
1394 4307 1509 4366 contra
1527 4300 1641 4378 Israel,
1662 4307 1696 4364 et
1718 4300 1869 4365 incitavit
1886 4300 2050 4366 Davidem
2072 4322 2151 4366 con-

149 4388 177 4453 si
197 4399 311 4453 nostra
330 4387 489 4453 iniustitia
511 4389 575 4453 Dei
596 4387 753 4452 iustitiam
772 4388 987 4465 commendat,
1011 4411 1054 4454 an
1071 4391 1122 4455 in·
1173 4387 1332 4469 traipsos,
1352 4384 1534 4451 utdieeret:
1558 4385 1662 4464 Vade,
1682 4407 1820 4451 numera
1833 4386 1991 4469 populum
2009 4392 2044 4466 (2
2056 4385 2149 4452 Sam

149 4472 257 4538 iustus
285 4480 336 4538 est
362 4474 433 4556 ipse
459 4473 552 4538 D'eus
581 4474 691 4555 (Rom.
718 4481 746 4551 3,
771 4471 827 4557 4)·1
883 4472 981 4554 Quod
1009 4473 1122 4540 obiicis
1174 4475 1225 4551 24,
1250 4472 1289 4555 1).
1762 4508 1765 4513 -

149 4559 259 4624 Deum
282 4559 366 4623 velle
388 4561 423 4624 in
435 4561 503 4624 suis
513 4559 680 4624 boneficiis
702 4557 838 4637 laudari,
861 4581 977 4625 verum
990 4561 1119 4644 quidem

149 4655 207 4720 est,
232 4643 329 4708 modo
351 4644 509 4711 concedas
522 4644 742 4729 ⁴multiplicem
755 4665 825 4710 esse
847 4646 976 4730 sylvam
998 4668 1039 4711 ex
1058 4668 1122 4728 qua
1211 4666 1214 4671 ·
1621 4607 1703 4673 ΧΠ·

149 4730 243 4795 Deus
265 4731 390 4813 profert
409 4731 639 4814 atque·edueit
665 4729 779 4795 laudes
805 4752 890 4796 suas.
936 4733 1047 4815 Atque
1068 4731 1122 4797 hie
1258 4730 1389 4794 Rursus
1411 4748 1465 4792 me
1486 4747 1656 4811 nunquam
1674 4728 1722 4793 ita
1742 4728 1916 4812 loquutum
1936 4746 2150 4805 assecutam

150 4816 252 4881 iustas
274 4816 447 4899 superbiae
470 4826 688 4899 tuae'poenas
711 4816 783 4895 luis,
806 4817 892 4901 quod
915 4816 1118 4884 dialecticam
1173 4815 1252 4893 Deo,
1275 4813 1400 4898 angelis
1422 4822 1553 4895 totoque
1575 4813 1698 4878 mundo
1720 4822 1867 4891 attestor,
1891 4822 1927 4877 et
1949 4809 2034 4895 quod
2056 4832 2077 4875 a
2094 4833 2149 4880 me

151 4922 191 4966 ex
214 4902 358 4985 professo
382 4900 533 4978 deridens
551 4922 681 4985 semper
702 4904 813 4985 arguis
835 4924 855 4968 a
876 4904 982 4987 specie
1005 4904 1045 4968 ad
1064 4925 1121 4987 ge·
1172 4911 1259 4967 recte
1287 4898 1411 4965 dictum
1439 4912 1525 4978 erat,
1552 4899 1794 4982 improbissima
1827 4899 1994 4964 calumnia
2023 4894 2081 4962 abs
2114 4908 2149 4964 tc

151 5008 213 5054 nus
235 4989 397 5071 negative.
430 4988 545 5072 Neque
565 4990 667 5072 longa
688 4989 883 5054 refutatione
901 4990 1036 5055 scurrile
1053 4990 1121 5056 die·
1173 4985 1324 5070 perverti.
1357 4985 1481 5069 Impios
1504 4994 1613 5050 autem
1631 4985 1695 5050 Dei
1723 5005 1804 5066 opus
1824 4985 1933 5048 facere
1956 4983 1983 5048 si
2005 4983 2065 5046 tibi
2087 4983 2147 5049 ab·

151 5075 270 5139 terium
300 5073 473 5158 dignabor,
501 5074 556 5140 ubi
583 5076 692 5140 Deum
719 5074 879 5140 iniustum
908 5077 977 5141 fore
1000 5077 1119 5159 arguis,
1172 5070 1309 5137 surdum
1323 5071 1462 5149 videtur,
1476 5072 1652 5137 Ieremiam
1664 5070 1810 5153 obiurga,
1834 5070 1931 5135 euius
1944 5068 2047 5134 verba
2064 5069 2148 5139 haec

151 5159 355 5226 sibarbatos
377 5161 507 5244 puniat,
541 5181 580 5226 eo
603 5159 688 5244 quod
710 5158 845 5227 barbam
868 5171 1001 5246 gestant
1021 5182 1120 5245 quam
1174 5165 1265 5224 sunt:
1299 5157 1496 5226 Maledictus
1529 5160 1586 5241 qui
1619 5157 1698 5224 facit
1729 5176 1812 5239 opus
1837 5155 1903 5220 Dei
1937 5153 2149 5240 negligenter

1888 5253 1942 5310 200
