4620 5828
52 181 104 245 tte
721 165 785 232 De
806 162 936 230 vaith
956 156 1349 229 Pfflmoffamorta

37 363 256 447 mipimtur,
282 377 366 442 quae
386 355 552 441 singulare
574 360 625 420 est
643 351 764 419 donum
786 352 935 436 spiritus,
958 374 1018 419 nse
1068 347 1152 413 siam
1175 345 1308 411 anobis
1330 346 1465 411 minime
1489 355 1631 425 voratur,
1654 344 1782 412 Christi
1808 365 1941 411 earnem
1957 364 2039 444 ‘rere

45 469 66 516 a
85 446 227 514 terrenis
248 443 417 509 elementis
437 439 568 524 pendet,
587 437 644 505 sed
662 438 823 505 aooelesti
834 439 981 502 eiusdem
993 438 1018 521 ¹)
1070 452 1141 499 esse
1163 431 1281 509 oibum,
1301 439 1336 497 et
1356 433 1550 516 sanguinem
1573 452 1649 498 vere
1665 452 1741 498 esse
1760 443 1887 514 potum:
1910 452 1988 514 quia
2007 437 2040 496 et

47 534 183 618 spiritus
204 529 398 615 operatione.
427 527 571 591 Tantum
592 532 729 590 externa
751 523 1018 607 adminioulapro
1070 538 1147 583 vere
1169 538 1189 581 a
1210 515 1301 583 nobis
1323 517 1559 603 pereipiuutur,
1582 517 1668 583 etin
1695 517 1831 584 solidam
1851 518 1954 584 vitam
1974 517 2040 583 sul·

45 619 237 685 infirmitate
258 624 371 699 osptus
392 612 495 678 nostri
516 611 659 696 adiungi.
979 639 983 645 ·
1070 604 1193 671 iioiunt
1237 602 1335 670 Hane
1360 624 1486 687 quoque
1521 603 1847 671 communicationem
1879 604 1916 668 in
1949 621 2042 670 saura

133 701 229 785 Quod
256 699 298 766 ad
325 719 452 766 moram
489 696 614 763 Christi
645 715 779 762 eoenam
812 693 1019 778 peculiariter
1070 709 1171 755 ooena
1203 687 1352 755 exhiberi
1384 691 1584 774 profitemur.
1628 690 1784 774 Quisquis
1815 690 1901 755 nitra
1934 698 2040 775 urget,

47 795 182 875 apertat,
205 786 359 854 eonvenit
380 784 440 849 sub
458 783 613 869 symbolis
633 783 727 865 panis
744 788 779 846 et
799 781 868 846 riui
880 780 1019 864 proponi
1070 782 1175 840 metas
1197 782 1284 840 uerte
1305 774 1472 841 transsilit.

48 875 195 960 eorporis
224 880 258 936 et
286 870 457 955 sanguinis
485 867 611 935 Christi
639 865 1018 953 eommunimtiunem:²)
1138 859 1197 929 ‚In
1223 860 1325 925 verbo
1354 881 1480 944 quoque
1509 861 1675 928 essentiali
1703 862 1868 941 insistere,
1896 881 1963 926 nun
1991 867 2041 926 est

48 982 154 1044 neque
175 955 468 1041 simplieiternobis
490 955 525 1018 in
536 952 727 1019 memoriam
737 951 1020 1031 revoeari,Chris·
1071 946 1189 1011 rationi
1216 959 1480 1026 eonsentaneum,
1505 947 1636 1032 qnando
1664 947 1704 1013 de
1732 947 1947 1015 saoramentis
1973 946 2041 1032 ugi-

49 1055 121 1112 tnm
143 1043 245 1112 semel
267 1062 326 1126 pro
344 1040 438 1106 nobis
466 1040 565 1105 iuuisse
591 1041 626 1104 iu
655 1059 751 1104 oruoe
774 1037 933 1116 oblatum,
962 1037 1020 1104 sed
1071 1038 1135 1132 tur,
1163 1035 1238 1112 [pag.
1267 1037 1322 1132 et]
1353 1032 1471 1115 quibus
1521 1032 1697 1100 oeuliarem
1724 1032 1877 1118 loquendi
1903 1033 2041 1099 formam

49 1152 176 1199 sueram
208 1129 299 1194 illam
331 1127 492 1191 unitatem
524 1125 617 1190 nobis
646 1124 782 1201 sauuiri,
815 1143 879 1206 qua
910 1125 950 1188 fit
981 1130 1021 1189 nt
1070 1124 1232 1200 seriptum
1249 1127 1402 1203 asmgnat
1431 1118 1486 1185 Un
1509 1142 1527 1184 e
1549 1121 1695 1202 sequitur
1706 1115 2040 1186 sauramentalimodo

46 1237 137 1283 murs
159 1217 231 1280 eius
253 1212 345 1278 nobis
366 1213 409 1277 sit
429 1213 508 1289 vita,
530 1231 648 1294 nempe
668 1209 746 1275 dum
773 1209 865 1274 insiti
887 1210 923 1274 in
950 1210 1019 1275 eius
1071 1203 1187 1269 debere
1208 1202 1288 1270 haee
1309 1204 1410 1270 verba
1431 1205 1564 1288 exponi:
1586 1205 1661 1271 Hoo
1693 1216 1745 1272 est
1774 1225 1893 1290 eorpus
1922 1224 2039 1269 meum

49 1322 166 1386 eorpus
188 1321 265 1366 vere
287 1300 328 1363 ab
348 1298 420 1381 ipso
441 1296 569 1375 alimur,
588 1317 662 1361 non·
682 1316 776 1362 seous
803 1315 841 1360 ao
868 1295 958 1360 oibus
986 1304 1020 1360 et
1070 1289 1170 1353 Item:
1193 1289 1295 1354 Panis
1317 1310 1414 1373 quem
1436 1290 1618 1375 frangimus
1639 1292 1889 1359 eommunioatio
1899 1301 1951 1356 est
1971 1311 2040 1355 eor·

48 1396 144 1474 potus
165 1404 301 1469 oorpora
322 1398 433 1448 nostra
453 1388 619 1465 vegetant.
1070 1374 1159 1461 poris
1181 1374 1315 1441 Christi.
1360 1376 1465 1441 Porro
1487 1376 1571 1460 quod
1593 1378 1799 1461 suspieentur
1818 1375 1950 1461 quidam
1965 1375 2040 1442 sub-

136 1471 301 1538 Convenit
322 1470 420 1535 otiam
442 1467 613 1533 Christum
634 1468 763 1551 reipsa
785 1474 819 1532 et
846 1467 1020 1532 etfloaoiter
1070 1481 1141 1527 esse
1161 1458 1285 1544 aliquid
1305 1460 1452 1546 perieuli,
1475 1462 1569 1528 iaoile
1591 1471 1642 1528 est
1669 1463 1745 1529 huio
1771 1462 1885 1529 timori
1913 1460 2040 1527 obviam

51 1558 186 1642 implere
207 1554 363 1640 quidquid
385 1554 478 1620 analo
504 1553 534 1617 'a
554 1553 641 1638 signi
662 1560 695 1617 et
716 1551 765 1617 rei
781 1553 928 1636 signatae
944 1573 1019 1636 pos-
1070 1547 1128 1612 ire.
1172 1544 1259 1628 Quia
1292 1548 1536 1614 sacramentalis
1575 1548 1721 1645 loquutio
1761 1567 1831 1616 esse
1870 1547 2000 1625 dieitur,
2018 1545 2039 1632 ¹)

52 1645 151 1709 tulat:
180 1642 316 1724 ideoque
338 1660 414 1705 vere
442 1574 536 1706 nobis
563 1640 596 1703 in
618 1659 719 1704 ooena
739 1637 849 1703 offerri
876 1659 1019 1703 oommu·
1070 1634 1177 1716 figura
1193 1632 1363 1698 veritatem
1385 1635 1488 1699 everti
1512 1643 1636 1718 putant
1680 1636 1782 1734 Atqui
1792 1632 1973 1701 tenendum
1995 1641 2042 1699 est

48 1730 244 1797 nioationem
265 1747 338 1793 oum
361 1726 430 1791 eius
451 1745 586 1808 corpore
607 1732 641 1788 et
661 1725 828 1808 sanguine,
847 1723 900 1790 vel
918 1723 1020 1808 (quod
1071 1719 1210 1801 figuram
1233 1739 1298 1783 nou
1321 1741 1380 1803 pro
1402 1719 1494 1785 inani
1521 1736 1650 1806 speutro
1672 1743 1764 1807 pom,
1792 1720 1850 1787 sed
1877 1740 2041 1805 gramm·

48 1814 136 1881 idem
157 1813 257 1893 valet)
280 1811 373 1877 nubis
394 1811 527 1876 arrham
548 1809 705 1892 subpone
718 1819 752 1876 et
773 1810 849 1875 vino
871 1811 1019 1893 proponi,
1071 1805 1134 1870 tioe
1156 1805 1242 1868 sumi
1264 1803 1304 1869 ad
1327 1804 1506 1870 notandam
1529 1807 1773 1891 metonymiam,
1795 1828 1839 1872 ne
1861 1806 1934 1890 quis
1951 1811 2043 1889 putet

49 1919 132 1984 quae
140 1897 462 1981 nosiaoiatoorporis
474 1895 687 1980 etsauguinis
699 1894 825 1961 Christi
837 1895 1019 1979 partieipes.
1071 1890 1118 2039 itta
1138 1890 1471 2040 simplicitertpean'
1483 1892 1718 2044 vfiofarieokpus
1728 1892 1862 1970 Christi,
1881 1889 2043 1991 uthrig.

558 2021 562 2029 ,
1086 1997 1124 2041 us
1153 1998 1164 2039 1
1252 1996 1329 2041 vooa
1344 1998 1384 2041 ur
1444 1997 1474 2041 er
1537 2000 1597 2044 ιιι.
2000 1998 2044 2042 ns

136 2071 276 2135 Restant
297 2069 404 2152 oapita
425 2065 466 2132 de
487 2066 604 2148 quibus
632 2065 684 2132 vel
712 2065 789 2149 qnid
815 2066 1021 2132 sentiendum
1071 1996 1420 2161 figuraptifadupsnsm
1448 2001 1659 2129 transisitum
1672 1997 2044 2147 offegrlrweffipneessrgogu·

51 2154 176 2234 situel
196 2152 356 2238 quomodo
378 2153 584 2236 loquendum,
605 2152 752 2217 nondum
779 2151 877 2234 plane
904 2152 1017 2235 liquet.
1071 2159 1185 2227 rattve,
1207 2167 1245 2213 au
1266 2169 1295 2212 s1
1317 2147 1439 2214 nudam
1456 2156 1490 2213 et
1507 2170 1624 2230 vanam
1636 2148 1782 2234 eorporis
1804 2150 1855 2216 sui
1866 2149 2044 2233 imaginem

51 2235 1018 2407 teilititltttmttttttttitt⁰tstt
1070 2232 2044 2388 tl³212ttitt⁰bit⁰¹t.tlilimittit}itt

1010 2376 1019 2405 5
1344 2371 1352 2399 θ

50 2411 206 2477 fatebitur
227 2409 333 2474 solum
355 2408 395 2474 du
417 2409 511 2473 modo
533 2407 649 2474 edendi
661 2429 734 2474 esse
744 2417 923 2474 certamen:
944 2412 1020 2493 quia
1071 2405 1202 2488 signum
1229 2412 1263 2470 et
1294 2426 1363 2470 rem
1396 2405 1574 2489 signatam:
1608 2408 1693 2491 quod
1724 2408 1946 2475 ooniunotiuni
1979 2429 2042 2473 non

50 2497 158 2581 palem
194 2503 266 2575 [pag.
300 2500 354 2575 95]
388 2503 421 2559 ot
451 2496 595 2579 ingenue
627 2495 816 2565 asserimus.
849 2494 1020 2561 Christum
1071 2497 1242 2574 repugnat.
1287 2488 1324 2556 Si
1357 2490 1452 2556 modo
1484 2492 1645 2558 faeessant
1673 2493 1911 2572 eavillatiunes,
1942 2501 1980 2559 ιιι
2009 2494 2043 2557 in

48 2583 120 2649 fieri
143 2591 302 2658 nostrum,
324 2589 362 2644 ut
384 2599 465 2664 quae
486 2579 627 2664 possidet
654 2580 740 2646 bona
764 2580 942 2646 nobiseum.
964 2581 1020 2647 de·
1071 2575 1243 2642 mnoordia
1269 2576 1454 2659 quaerenda
1484 2578 1556 2642 fieri
1589 2577 1695 2659 deoet,
1727 2579 1811 2645 nihil
1838 2587 1890 2645 est
1915 2579 1955 2644 in
1982 2577 2044 2644 hau

43 2667 127 2733 inde
150 2665 383 2733 eommunicet:
421 2666 490 2732 eius
522 2686 648 2749 qnoque
680 2687 797 2750 eorpus
830 2688 897 2732 non
924 2666 1020 2733 modo
1071 2660 1207 2728 dedendi
1227 2663 1354 2727 ratione
1375 2661 1531 2742 odiosum,
1554 2662 1607 2731 vel
1628 2664 1715 2748 quod
1736 2665 1772 2731 in
1788 2665 2044 2749 sinistrampar-

49 2752 150 2821 semel
181 2753 280 2817 tuisse
302 2750 414 2816 datum
436 2752 471 2816 in
503 2751 642 2816 sulutem
674 2762 837 2831 nostram,
872 2752 951 2817 dum
977 2751 1020 2819 ad
1071 2754 1138 2812 tem
1160 2746 1248 2812 trahi
1268 2745 1397 2814 debeat:
1420 2755 1540 2814 ettam
1560 2770 1661 2817 sensu
1682 2772 1780 2835 quam
1803 2751 2045 2817 usuoommuni

47 2837 212 2922 expianda
251 2845 384 2920 peeeata
415 2836 620 2902 immolatum
655 2838 690 2902 in
722 2856 817 2903 oruee
851 2838 926 2918 tuit,
962 2837 1020 2904 sed
1071 2852 1202 2916 semper
1224 2832 1402 2917 approbata
1422 2835 1492 2900 fuit.

49 2922 194 3008 quotidie
216 2921 310 2988 nobis
331 2922 366 2986 in
395 2922 588 2988 alimentum
611 2923 750 3007 porrigi:
780 2930 818 2987 ut
844 2923 924 2990 dnm
951 2925 1020 3008 ipse
1156 2918 1336 3002 Inprimis
1358 2920 1560 2986 obstaenlum
1583 2921 1623 2988 de
1649 2923 1793 3006 eorporis
1821 2923 2045 2989 immensitate

50 3008 231 3075 habitatin
253 3008 361 3086 nobis,
390 3007 549 3073 bonorum
578 3008 677 3073 otiam
704 3008 774 3074 eius
800 3010 946 3075 omnium
969 3032 1021 3076 so-
1072 3005 1265 3070 flubmovem
1287 3025 1419 3071 mmmm
1440 3013 1499 3072 mit
1539 3007 1745 3083 Nisi-ew)
1763 3018 1892 3074 mmmt
1912 3008 2045 3073 finitum

50 3097 167 3163 oietate
188 3095 349 3159 truamur.
393 3094 571 3160 Vis-ilicum
593 3091 732 3178 denique
761 3114 833 3160 esse
851 3095 1020 3176 tradimus,
1072 3111 1152 3168 esse,
1175 3088 1329 3174 ooeloque
1351 3090 1592 3176 eomprehendi,
1614 3093 1706 3159 nulla
1727 3094 1791 3159 erit
1811 3092 1941 3160 dissidii
1968 3115 2044 3161 eon-

51 3183 127 3266 quia
149 3181 252 3245 vitam
273 3200 366 3245 suam
389 3178 481 3244 nobis
502 3180 649 3264 inspirat,
671 3200 737 3244 non
755 3200 849 3246 seous
870 3189 967 3264 atque
980 3203 1021 3247 ex
1071 3175 1204 3242 oiliandi
1226 3177 1318 3242 ratio.
1347 3176 1433 3243 Nam
1454 3177 1540 3261 quod
1561 3177 1739 3245 absurdum
1760 3179 1956 3263 quibusdam
1974 3200 2044 3245 osse
2224 3208 2235 3243 s

50 3268 147 3352 penis
167 3285 262 3332 sueeo
280 3266 427 3350 rigorem
445 3264 616 3332 trahimus.
661 3265 751 3350 Ergo
773 3274 871 3349 prout
892 3265 1023 3333 diversa
1073 3261 1212 3342 videtur,
1235 3282 1302 3328 non
1324 3262 1444 3347 ubique
1472 3285 1543 3330 esse
1571 3287 1613 3331 ex
1635 3285 1699 3350 quo
1721 3264 1885 3332 divinitati
1915 3267 2045 3331 unitum
2211 3297 2230 3334 ι

51 3351 168 3419 edendi
190 3351 274 3416 ratio
296 3352 462 3430 statuitur,
485 3372 526 3415 ex
550 3350 610 3416 hoo
642 3351 733 3416 sonte
765 3351 917 3419 oriuntur
937 3353 1020 3420 lites.
1072 3355 1130 3427 eat,
1153 3345 1246 3413 laoile
1276 3346 1421 3414 diluitur.
1472 3349 1546 3417 Etsi
1574 3351 1662 3416 enim
1684 3357 1821 3418 naturae
1842 3350 1928 3418 duae
1946 3361 2045 3417 unum
2202 3381 2225 3422 s

50 3438 172 3505 Nostra
188 3444 297 3501 autem
310 3435 453 3501 definitio
464 3444 523 3513 ost,
534 3457 651 3520 eorpus
662 3435 787 3502 Christi
799 3436 931 3518 eomedi,
945 3439 1023 3523 quia
1072 3430 1259 3499 mediatoris
1281 3455 1452 3519 personam
1474 3437 1628 3516 effitiunt,
1651 3437 1780 3520 utrique
1797 3450 1908 3503 tamen
1933 3445 2045 3502 manet
2192 3484 2219 3508 υ
2265 3510 2266 3513 ¹

53 3522 221 3608 spirituale
233 3533 284 3588 est
295 3521 423 3588 animae
445 3521 647 3589 alimentum.
683 3522 813 3588 Rursus
830 3523 1022 3591 alimentum
1073 3539 1134 3584 sua
1155 3520 1336 3603 proprietas
1359 3518 1532 3588 distinete:
1559 3520 1690 3606 qnando
1717 3522 1850 3606 quidem
1876 3522 1967 3589 aliud
1995 3531 2044 3587 est
2185 3543 2212 3595 ,a
2260 3538 2264 3573 ε’

53 3610 186 3676 anobis
207 3616 344 3674 voeatur
370 3607 431 3673 hoe
456 3628 570 3686 sensu,
599 3607 676 3691 quia
694 3609 1023 3692 inoomprehensibili
1072 3605 1149 3670 unio
1171 3625 1269 3689 quam
1291 3606 1407 3672 unitas.
1451 3607 1521 3674 Neo
1542 3608 1583 3674 de
1606 3629 1645 3674 ea
1666 3630 1702 3675 re
1724 3610 1803 3675 olim
1824 3609 2043 3693 disseptatum
2173 3640 2202 3680 s
2250 3640 2254 3681 ;

52 3694 187 3776 spiritus
209 3694 331 3759 virtute
353 3692 447 3758 nobis
471 3694 575 3758 vitam
600 3714 694 3760 suam
721 3693 874 3777 inspirat,
909 3706 948 3761 ιιι
978 3697 1024 3762 sit
1072 3691 1150 3769 iuit,
1188 3689 1265 3774 qma
1293 3713 1359 3756 uno
1390 3694 1535 3759 omnium
1568 3715 1730 3761 eonsensu
1762 3701 1931 3779 reoeptum
1963 3707 2043 3770 erat,
2163 3752 2194 3779 ,

54 3779 147 3844 nobis
179 3780 374 3857 eommunis,
403 3801 468 3844 non
491 3799 584 3844 seeue
609 3789 707 3862 atque
728 3799 748 3844 a
769 3780 877 3848 radiae
898 3783 1024 3849 arboris
1074 3776 1243 3842 Christum
1267 3776 1371 3842 filium
1393 3779 1467 3859 Dei,
1489 3779 1704 3846 mediatorem
1720 3792 1754 3847 ot
1774 3791 2042 3864 mpulnoetl'ssm,
2154 3837 2186 3864 .
2240 3775 2243 3806 Γ

56 3864 166 3930 vitalis
187 3885 302 3930 suoous
323 3865 358 3928 in
375 3885 539 3930 ramesse
561 3861 725 3943 diffundit,
748 3863 800 3931 rel
821 3886 842 3931 a
862 3869 966 3951 eapite
988 3868 1024 3934 in
1074 3861 1169 3927 siouti
1186 3863 1219 3927 in
1245 3861 1382 3946 gloriam
1408 3863 1582 3931 eoelestem
1606 3866 1707 3933 semel
1736 3876 1788 3933 est
1812 3873 1885 3947 [pag.
1911 3868 1966 3946 97]
1994 3885 2043 3930 re-
2141 3906 2181 3920 ·

53 3949 185 4033 singula
195 3950 342 4015 membra
350 3958 463 4016 manat
474 3952 576 4035 vigor.
609 3949 647 4015 In
660 3950 722 4016 hae
734 3950 922 4018 definitione
938 3953 1024 4019 nihil
1074 3954 1196 4032 timim,
1217 3949 1265 4014 im
1280 3947 1425 4015 mmmm
1453 3950 1641 4030 immistum
1669 3950 1774 4035 (immi
1795 3973 1946 4031 mmmm,
1974 3971 2042 4016 ⁰⁸⁸⁰
2128 3977 2176 4020 ὃ

54 4036 243 4185 oelptiosum,
265 4034 349 4100 nihil
370 4036 555 4113 obseurum,
577 4035 662 4102 nihil
684 4037 872 4122 ambiguum
890 4039 945 4105 vel
966 4041 1024 4106 tle-
1074 4033 1533 4187 angbistdissitumttdzina
1554 4039 1830 4189 alutemtessentiu
1850 4048 1884 4138 et
1912 4038 2041 4189 vlit-tut?
2122 4090 2168 4115 m

55 4143 88 4186 ιι
143 4140 231 4184 uum.
1162 4139 1299 4185 aeram
2210 4133 2212 4156 ⁵

102 4141 235 4287 oqQuod
257 4213 364 4269 autem
388 4206 536 4288 quidam,
565 4208 627 4274 hae
649 4206 791 4275 diluoida
815 4208 1024 4292 simplicitate
1075 4141 1136 4204 m
1159 4205 1234 4272 Hoo
1255 4142 1441 4281 madridii
1462 4123 2041 4296 liediituddriuitidrrdaildqiidridioeiori
2093 4128 2164 4257 S·
2200 4203 2206 4272 t

54 4314 121 4358 non
142 4291 296 4369 contenti,
319 4291 434 4356 volunt
456 4292 580 4358 Christi
598 4314 717 4378 eorpus
738 4293 901 4379 deglutiri,
912 4297 940 4379 ⁴)
963 4317 1024 4363 nee
1074 4312 1154 4367 mas,
1177 4293 1212 4357 in
1233 4292 1349 4376 quibus
1371 4294 1519 4359 nonnulli
1541 4294 1583 4361 ob
1602 4296 1849 4381 ambiguitatem
1871 4308 1953 4363 sunt
1973 4319 2042 4382 per·
2071 4331 2158 4346 -·
2189 4329 2196 4390 ,1

54 4379 235 4460 seripturae
258 4378 439 4454 autoritate,
462 4399 522 4444 neo
543 4379 664 4445 veteris
674 4380 827 4447 eeclesiae
838 4381 1025 4448 testimonio
1074 4377 1179 4460 plexi:
1207 4377 1269 4444 sub
1295 4380 1456 4462 penerel
1486 4403 1561 4447 oum
1589 4403 1673 4466 pane
1699 4381 1793 4448 nobis
1821 4382 1894 4450 dan'
1921 4383 2154 4452 cumuizi
2185 4411 2188 4437 .·

55 4465 183 4529 nititur:
213 4472 252 4526 ut
273 4460 392 4525 mirum
420 4462 464 4527 sit
491 4465 638 4531 homines
664 4465 818 4532 medioori
843 4465 963 4534 iudioio
991 4478 1025 4534 et
1074 4483 1201 4546 eorpus,
1223 4465 1298 4547 quia
1320 4486 1385 4529 uon
1407 4466 1633 4533 substantialis
1654 4468 1731 4534 unio
1753 4471 1975 4554 corruptibilis
1985 4470 2150 4537 uitii-1·
2172 4439 2185 4549 ,i

55 4548 237 4616 eruditione
259 4546 422 4630 praeditos
445 4558 520 4613 tam*
534 4552 744 4634 pertinaoiter
766 4551 806 4616 de
828 4572 914 4618 novo
936 4574 1024 4620 oom-
1074 4568 1150 4612 oum
1172 4548 1298 4615 Christi
1326 4570 1437 4629 earne,
1467 4552 1524 4618 sed
1551 4555 1797 4623 saorameutalis
1819 4568 1954 4624 notatur
1970 4579 2144 4625 oon-.·
2168 4558 2176 4632 ¹¹l

53 4642 166 4701 mento
188 4646 321 4700 certare.
358 4630 452 4714 Quod
476 4634 569 4701 dooet
588 4638 759 4721 seriptum,
780 4639 816 4702 in
838 4647 1024 4706 oontrover-
1074 4634 1208 4700 iunctio.
1251 4635 1325 4704 Hoo
1346 4646 1456 4703 autem
1477 4642 1698 4707 oontroversia
1714 4654 1803 4710 earet
1825 4644 1916 4728 apud
1935 4654 2168 4738 omnem(

56 4757 258 4770 ..μ-α--ωο-

124 4803 151 4868 1)
168 4804 287 4858 eiusdem
304 4806 334 4857 io
352 4803 408 4858 eod.
427 4803 490 4856 add.
510 4820 530 4858 e
544 4768 665 4860 Caluino.
1063 4780 1068 4790 ⁹
2149 4767 2158 4846 Ῑ

123 4873 152 4934 il
172 4874 428 4953 commendationem
446 4872 522 4926 Brea
538 4881 564 4927 et
581 4878 665 4955 Αυιιι.
922 4947 928 4959 .
1145 4877 1172 4943 1)
1190 4877 1307 4959 figam
1323 4893 1384 4932 mo
1402 4877 1508 4962 dicim·
1516 4878 1578 4932 MS¹
1617 4954 1622 4962 ι
2140 4888 2147 4973 Γ

54 4940 152 5076 ιιι)
165 4942 405 5076 stituit·
433 4941 531 4995 ‘m-
558 4940 689 4997 0...
716 4961 802 4999 ἰι
827 4962 945 5016 ...m
974 4961 1024 5002 ἰ
1075 4946 1175 5070 ...2³
1261 4947 1387 5001 “m“
1408 4946 1474 5002 1...
1494 4964 1628 5016 ‘'m-‘⁴⁸'
1674 4952 1741 5006 ι’·
1764 4960 1870 5023 m·
1895 4956 2137 5089 ι’Μ’-’ἰ

123 5077 153 5142 4)
172 5094 219 5132 ore
237 5079 361 5142 ‹teptutiri
379 5077 442 5132 Mt.
1144 5084 1175 5151 3)
1194 5086 1299 5155 mmm
1322 5084 1382 5140 MS·
