4590 5858
207 220 270 286 ⁸0³
797 194 799 196 ’
1050 235 1417 315 permaneres.
2161 249 2226 312 ⁸04

207 408 254 473 Et
275 429 310 474 ιθ
331 423 464 471 1101111110
486 405 517 470 ¹⁰
540 404 607 475 ua
636 412 732 505 'rive
758 432 918 505 Nouveau
940 439 1131 504 resument
1153 457 1196 502 au
1256 410 1267 430 ³
1335 436 1445 520 Atque
1467 432 1714 501 nuievoruminr
1735 432 1878 499 inuitum
1899 439 1951 499 est
1966 433 2226 502 noviomam

208 491 327 578 “gard
350 490 393 556 ‘¹¹¹
416 490 518 558 ΜΖ
549 491 673 608 l‘'quel
699 532 815 591 entant
842 523 920 608 qu'il
950 545 984 590 se
1007 523 1123 590 'devoit
1144 521 1213 588 re-'
1250 541 1309 588 seu
1332 521 1532 588 Testamenti
1554 539 1685 598 nomen,
1712 519 1838 585 ratione
1864 519 1987 586 veteris
2014 519 2113 599 illius,
2137 521 2224 604 quod

209 577 252 644 du
294 586 367 642 eet
388 588 613 678 nippwsra
636 618 749 697 eestuy
771 634 821 695 ey,
835 609 931 675 estoit
953 632 994 675 en
1013 630 1196 693 soymesme
1249 629 1367 691 nempe
1393 629 1467 674 eum
1494 627 1578 671 novo
1612 604 1792 672 ooaleseere
1825 613 2002 688 oporteret,
2032 612 2070 671 et
2097 608 2135 671 in
2168 607 2228 673 illo

207 666 219 728 i
286 683 339 728 ¹¹¹⁰
361 671 395 728 οἵ
415 683 627 799 lmpparfaiet,
648 706 682 763 et
710 705 867 781 pourtant
893 718 913 761 a
941 703 1010 760 este
1040 695 1136 781 aboly
1164 706 1218 760 et·
1248 693 1387 778 impleri.
1432 694 1518 759 Nam
1539 692 1627 757 etin
1648 712 1719 758 sese
1740 691 1909 756 infirmum
1930 699 2003 757 erat
2023 701 2120 758 vetus
2141 692 2228 760 ill‘ud.

209 749 362 849 amm·
382 747 507 867 ,Niara
529 790 641 869 oestuy
654 806 693 868 ey
716 791 766 870 est
787 781 987 848 leNouveau
1010 790 1043 846 et
1063 781 1196 859 eternel,
1249 789 1283 846 et
1303 781 1414 845 minus
1436 778 1633 862 perfeetum,
1662 776 1810 847 undeet
1837 776 2029 861 abrogatum
2058 785 2110 844 est
2137 800 2228 845 novo-

208 858 263 919 qm
293 857 334 900 ¹¹⁰
363 855 561 935 ‘',nrieillira
587 883 620 933 ut
647 891 688 934 ne
717 867 844 933 fauldra
869 866 1003 945 iamais,
1032 867 1105 949 puis
1134 888 1196 950 que
1249 863 1460 944 adveniente,
1494 872 1526 930 et
1554 863 1721 928 abolitum.
1780 863 1828 928 At
1855 883 1935 929 vero
1975 884 2099 929 norum
2133 864 2221 931 istud

209 921 304 989 1⁰⁸OE
325 919 454 1022 ‘strat
472 977 514 1020 en
537 975 556 1018 a
578 962 647 1020 este
668 954 699 1019 le
720 944 920 1020 Mediateur:
943 952 1000 1034 qui
1026 951 1070 1018 l’a
1090 953 1197 1018 ratifie
1249 961 1419 1016 aeternum
1442 957 1501 1027 est,
1525 949 1610 1033 quod
1632 969 1799 1032 nunquam
1827 957 1884 1014 aut
1916 956 2137 1028 eonseneseat,
2165 960 2228 1017 aut

210 1021 243 1072 ‘²‘
265 1029 442 1107 ‘'Zunferme
460 1061 520 1124 par
542 1061 578 1106 sa
601 1047 696 1119 mort,
718 1061 766 1104 en*
782 1037 921 1122 laquelle
943 1037 967 1103 il
987 1060 1007 1103 a
1029 1037 1197 1121 aeeomply
1251 1036 1390 1115 defioiat
1412 1057 1513 1119 quum
1534 1034 1624 1100 illius
1646 1034 1804 1100 mediator
1826 1034 1979 1101 Christus
2006 1035 2059 1114 sit,
2080 1036 2139 1120 qui
2161 1057 2222 1103 sua

152 1129 156 1146 '
209 1093 368 1207 Pfieniere
390 1126 738 1192 etentiereremission
750 1122 791 1189 de
811 1124 1196 1209 toutesprevarioations,
1250 1130 1355 1187 morte
1373 1120 1453 1187 illud
1471 1120 1620 1198 saucivit,
1639 1120 1917 1204 atqueirrefixum
1929 1121 2222 1206 eonstituit,quum

222 1211 278 1294 qui
302 1212 528 1278 demouroient
550 1212 648 1277 souba
670 1211 700 1277 le
723 1210 863 1294 premier
885 1211 1084 1276 Testament.
1248 1206 1419 1290 perillam
1441 1207 1552 1273 attulit
1573 1226 1735 1271 summam
1752 1226 1790 1272 ao
1805 1207 1983 1290 perfectam
2000 1207 2219 1291 expiationem

1248 1294 1394 1358 omnium
1415 1292 1739 1376 praevaricationum,
1760 1312 1844 1376 quae
1871 1294 1933 1360 sub
1958 1294 2063 1360 veteri
2091 1294 2219 1361 foedere

1248 1379 1487 1449 remanebant..

309 1470 531 1553 L'eseripture
567 1469 654 1533 aussi
680 1467 830 1551 l’appelle
858 1465 1032 1551 Evangile,
1066 1469 1144 1531 o’est
1175 1472 1197 1531 a
1333 1465 1422 1530 Huio
1449 1462 1569 1529 foederi
1598 1464 1695 1529 avan
1737 1462 1773 1529 lii
1805 1486 1923 1530 nomen
1963 1467 2064 1532 etiam
2097 1465 2219 1533 adseri·

225 1556 295 1621 dire
313 1554 433 1627 ¹Bonne
461 1553 611 1621 nouvelle
640 1562 673 1620 et
705 1555 852 1638 ioyeuse:
881 1560 1040 1636 pourtant
1064 1572 1126 1635 que
1154 1573 1196 1616 en
1247 1551 1345 1629 bitur,
1367 1549 1451 1636 quod
1471 1551 1594 1617 bonum
1616 1556 1648 1615 ιι
1669 1549 1700 1614 fe
1713 1551 1794 1614 ieem
1822 1550 1915 1615 illum
1937 1553 2096 1618 nunofum
2118 1553 2218 1637 signi·

224 1641 307 1707 ieelu
354 1650 404 1705 est
427 1640 566 1707 deelaire
578 1661 641 1722 que
652 1638 767 1705 Christ
783 1638 854 1704 seul
876 1637 1005 1704 naturel
1017 1646 1051 1702 et
1071 1636 1195 1703 eternel
1247 1638 1338 1703 fleat:
1361 1637 1436 1720 quia
1456 1657 1573 1719 nempe
1594 1635 1738 1700 ostendit
1749 1635 1929 1716 Ohristum,
1950 1637 2059 1703 tilium
2068 1639 2135 1704 Dei
2152 1639 2220 1705 viri

225 1725 277 1791 tila
300 1661 340 1790 dve
362 1725 449 1791 Dieu
471 1727 596 1802 vivant,
619 1733 729 1791 aesta
750 1723 989 1803 faiethomme,
1012 1724 1197 1806 pour'uous
1248 1723 1383 1788 unicum
1405 1730 1502 1806 atque
1524 1734 1706 1798 aeternum,
1729 1721 1896 1786 homiuem
1918 1723 2042 1790 fautum
2070 1745 2160 1804 esse,
2182 1733 2219 1790 ut

224 1813 306 1876 titire
334 1813 447 1878 enfans
477 1811 516 1876 de
544 1810 630 1876 Dieu
656 1833 713 1876 son
747 1831 835 1894 pere,
863 1830 923 1894 par
945 1809 1106 1893 adoption.
1150 1809 1197 1873 Iit
1248 1830 1306 1890 per
1326 1809 1434 1892 ipsum
1455 1808 1514 1872 filii
1536 1806 1600 1873 Dei
1622 1807 1796 1890 adoptione
1814 1809 2027 1876 effioeremur.
2072 1812 2124 1877 Ae
2144 1831 2218 1894 pru·

225 1898 309 1963 ainsi
337 1917 420 1961 nous
444 1906 493 1963 est
528 1896 600 1962 seul
628 1894 795 1974 Sauveur,
829 1894 945 1978 auquel
982 1896 1198 1960 entierement
1247 1893 1324 1969 inde
1346 1916 1431 1959 unus
1449 1893 1502 1958 hio
1522 1893 1578 1958 ille
1600 1901 1749 1958 serrator
1776 1891 1870 1959 nobis
1897 1897 2061 1976 statrritur,
2091 1897 2128 1960 in
2157 1917 2224 1980 quo

225 1984 291 2066 gist
313 1991 423 2048 nostre
445 1982 657 2066 redemption,
680 1983 772 2066 paix,
788 1982 923 2056 'iustiee,
953 1981 1196 2060 sanctification,
1249 2000 1315 2044 uno
1337 1981 1400 2045 situ
1422 1987 1473 2045 est
1493 1986 1605 2043 nostra
1622 1979 1731 2044 ⁴omnis
1757 1977 1952 2063 redemptio,
1982 2002 2056 2065 pax,
2084 1983 2223 2060 iustitia,

225 2068 313 2133 salut
335 2077 367 2133 et
391 2067 459 2133 vie:
483 2069 538 2152 qui
553 2079 606 2145 est
627 2080 713 2134 mort
724 2089 806 2151 pour
816 2088 876 2132 nez
887 2067 1016 2150 peehez,
1039 2067 1197 2132 resuscita
1249 2066 1473 2145 sanetificatio,
1501 2064 1606 2143 salus,
1634 2065 1718 2129 vita:
1747 2064 1804 2148 qui
1832 2074 1979 2132 mortuus
2007 2076 2057 2134 est
2087 2076 2219 2151 propter

223 2175 306 2238 pour
327 2163 438 2219 nostre
461 2154 681 2233 iustification,
705 2154 760 2236 qui
780 2163 830 2219 est
847 2160 957 2218 monte
979 2173 1021 2217 au
1039 2151 1199 2236 eielpour
1248 2161 1382 2236 peecata
1414 2160 1540 2229 nostro,
1574 2151 1755 2214 resurrexit
1792 2159 1927 2235 prepter
1956 2153 2222 2219 iustificationem

223 2261 307 2305 nous
329 2261 351 2323 y
373 2239 453 2304 faire
476 2249 595 2318 entree,
624 2238 766 2322 prendre
792 2239 976 2322 possession
1002 2259 1086 2322 pour
1114 2260 1196 2304 nous
1249 2245 1411 2302 nostram:
1434 2237 1546 2319 quiin
1573 2234 1700 2300 eoelum
1729 2236 1890 2315 aseendit,
1918 2245 1955 2302 ut
1981 2238 2062 2306 illue
2093 2239 2218 2304 aditum

182 2343 185 2350 ’
224 2335 258 2390 ιι
282 2346 323 2389 en
346 2337 456 2390 nostre
479 2346 565 2390 nom.
609 2326 656 2390 Et
676 2347 760 2409 pour
789 2325 949 2390 tousiours
980 2324 1115 2390 assistet
1141 2322 1197 2389 de·
1249 2321 1342 2388 nobis
1370 2323 1572 2405 patefaceret,
1601 2340 1638 2387 ae
1674 2329 1786 2387 nostro
1820 2324 1953 2389 nomine
1984 2323 2219 2391 haereditatem

223 2418 307 2476 rant
328 2431 386 2475 son
409 2431 486 2492 pere
515 2431 641 2476 eomme
670 2421 779 2476 nostre
809 2409 948 2476 advoeat
975 2417 1009 2474 et
1036 2410 1197 2475 saerifioa·
1249 2416 1412 2475 eerneret:
1435 2408 1491 2491 qui
1513 2429 1547 2472 se
1569 2415 1728 2490 perpetuo
1750 2427 1859 2474 eoram
1882 2419 1973 2491 patre
1999 2410 2094 2477 nobis
2122 2411 2219 2477 advo-

224 2504 299 2562 teur
320 2489 505 2579 perpetual:
529 2497 585 2580 qui
613 2496 682 2561 sied
710 2503 730 2561 a
758 2516 795 2578 sp
823 2496 936 2561 dextre
965 2511 1092 2560 eomme
1112 2496 1197 2644 Rop,
1250 2503 1360 2561 eatum
1381 2494 1512 2560 sisteret
1532 2514 1570 2559 ao
1592 2492 1791 2559 eaoerdotem
1810 2494 1996 2591 exhiberet:
2014 2497 2072 2579 qui
2092 2505 2132 2562 ut
2152 2519 2218 2575 rex,

225 2580 388 2648 eonstitue
418 2579 583 2666 Seigneur
610 2591 643 2646 et
678 2582 816 2649 Maistre
849 2603 906 2646 sur
934 2589 1018 2645 tout:
1050 2581 1129 2645 affin
1180 2601 1197 2644 e
1250 2579 1402 2644 dominus
1424 2601 1461 2646 ae
1478 2581 1628 2646 summus
1649 2578 1749 2645 herus
1770 2578 1961 2664 designatus
1989 2581 2031 2647 ad
2051 2582 2218 2648 dexteram

224 2687 357 2750 reparer
386 2673 491 2732 toutes
520 2668 634 2733 ohoses
663 2666 793 2734 au'oiel
821 2674 854 2731 et
882 2689 923 2732 en
951 2665 984 2730 la
1011 2676 1106 2731 terre.
1151 2665 1198 2732 Oe
1250 2666 1353 2748 patris
1375 2664 1512 2743 sederet,
1535 2673 1571 2729 ut
1592 2665 1693 2729 semel
1715 2665 1871 2732 universa
1888 2674 1960 2731 tum
1982 2668 2017 2732 in
2038 2669 2130 2735 eoelo
2152 2677 2218 2734 turn

225 2774 287 2835 que
301 2760 374 2818 tous
392 2751 440 2816 les
451 2754 573 2835 Auges,
591 2753 808 2832 Patriurehes,
827 2751 1018 2836 Prophetes,
1030 2752 1197 2834 Apostres,
1250 2752 1286 2815 in
1318 2759 1408 2816 terra
1433 2751 1470 2816 in
1502 2772 1599 2816 suum
1631 2750 1779 2816 ordinem
1812 2771 1849 2816 ae
1882 2759 2006 2818 statum
2038 2766 2219 2838 reponeret.

225 2841 392 2903 n'eussent
423 2839 539 2903 iamais
567 2859 629 2920 peu
656 2861 697 2905 ne
730 2859 806 2906 seeu
841 2839 930 2903 faire.
987 2835 1053 2903 Oar
1082 2844 1103 2902 a
1129 2836 1199 2903 eela
1250 2837 1322 2903 Hoe
1345 2859 1422 2902 vero
1442 2856 1543 2919 penes
1565 2835 1695 2902 nullum
1716 2857 1861 2920 unquam
1889 2838 2090 2922 angelorum,
2120 2841 2219 2924 patri·

225 2923 396 2989 n’estoient
417 2922 579 2989 ordonnea
601 2923 641 2989 de
661 2924 757 2991 Dieu.
902 2935 905 2942 ’
1251 2922 1435 3000 areharum,
1463 2922 1713 3007 prophetarum,
1748 2922 1968 3005 apostolorum
2001 2925 2079 3005 fuit,
2115 2947 2225 3010 neque·

388 3012 391 3023 '
879 3023 883 3037 ’
1250 3008 1336 3074 ullus
1359 3029 1400 3073 ex
1421 3009 1502 3091 ipsis
1523 3007 1564 3072 ad
1585 3017 1715 3073 tantum
1736 3030 1857 3074 munus
1878 3007 2062 3077 destinatus
2078 3012 2151 3077 fuit

311 3094 357 3158 Et
379 3113 504 3159 somme
527 3094 558 3159 le
588 3094 736 3160 Messiah
758 3095 845 3162 avoit
866 3103 940 3160 tant
961 3093 1001 3160 de
1029 3094 1102 3180 foys
1131 3102 1200 3160 este
1337 3095 1447 3177 Atque
1469 3101 1506 3159 ut
1528 3095 1657 3160 venturi
1667 3092 1793 3160 Christi
1813 3094 1849 3159 in
1861 3097 1966 3161 veteri
1982 3096 2114 3163 foedere
2137 3096 2222 3181 apud

228 3180 350 3262 promis
371 3200 414 3244 au
436 3179 523 3245 Vieil
548 3180 748 3260 Testament,
776 3202 837 3266 par
857 3180 1019 3265 plusieurs
1047 3182 1198 3245 tesmoin·
1249 3180 1425 3264 prophetae
1446 3200 1559 3264 sparsa
1568 3179 1741 3246 exstabant
1750 3181 1940 3247 testimonia
1948 3203 2048 3267 quam
2064 3183 2226 3267 plurima:-

226 3285 351 3349 gnages
368 3263 426 3331 des
436 3264 635 3348 Prophetes:
659 3268 757 3333 Aussi
779 3267 874 3333 Iesus
885 3265 999 3333 Christ
1019 3286 1039 3330 a
1060 3273 1129 3331 este
1139 3287 1200 3350 par
1251 3268 1297 3332 ita
1326 3266 1425 3332 etiam
1447 3264 1611 3331 Dominus
1637 3265 1730 3332 Iesus
1757 3267 1939 3333 manifestis
1965 3267 2098 3336 indieiis
2126 3278 2221 3353 atque

226 3351 368 3418 certains
389 3359 423 3414 et
438 3350 658 3423 indubitables
675 3353 940 3438 tesmoingnages
960 3351 1100 3420 deelairt
1113 3362 1199 3418 estre
1250 3352 1442 3419 indubitatis
1470 3352 1673 3437 argumentis
1701 3353 1855 3418 eeclesiae
1884 3374 1955 3419 sese
1989 3353 2166 3433 exhibens,
2193 3356 2220 3420 is

123 3457 126 3465 ·
228 3436 324 3520 eelup⁷
347 3456 424 3502 sans
452 3445 553 3516 autre,
576 3439 631 3521 qui
660 3439 756 3504 estoit
781 3445 803 3504 a
829 3439 932 3516 venir,
960 3445 995 3504 et
1022 3438 1077 3521 qui
1105 3439 1201 3504 estoit
1250 3439 1320 3522 ipse
1353 3437 1506 3504 Christus
1539 3458 1610 3503 esse
1648 3435 1891 3504 demonstratus
1929 3447 1987 3504 est
2049 3438 2223 3524 Siquidem

227 3521 370 3586 attendu
417 3520 482 3587 Car
501 3522 533 3587 le
555 3520 718 3608 Soigneur
738 3522 827 3590 Dieu
848 3545 909 3608 par
929 3545 967 3590 sa
989 3524 1065 3590 voix
1085 3533 1119 3588 et
1140 3545 1200 3589 son
1251 3524 1414 3589 Dominus
1442 3522 1544 3602 Deus,
1580 3530 1653 3587 tum
1686 3545 1799 3591 vocem
1833 3546 1942 3603 suam,
1981 3533 2054 3590 tum
2088 3527 2222 3676 spiritus

104 3612 110 3629 ’
227 3608 363 3692 esperit,
397 3627 456 3690 par
494 3629 547 3674 ses
577 3612 703 3693 Angue,
737 3609 929 3694 Prophetes,
964 3619 998 3673 et
1030 3609 1199 3692 Apostres,
1252 3609 1459 3689 sanctitum
1475 3608 1687 3693 angelorum,
1709 3609 1959 3693 prophetarum,
1989 3618 2104 3694 aposto
2118 3632 2217 3686 orum,

227 3695 317 3758 voire
339 3713 400 3775 par
420 3700 527 3760 toutes
548 3715 600 3759 ses
623 3702 799 3774 ereatures,
822 3716 905 3760 nous
927 3717 969 3760 en
992 3716 1011 3760 a
1038 3695 1143 3760 rendu
1170 3694 1199 3761 si
1251 3695 1394 3778 adeoque
1415 3695 1563 3760 omnium
1586 3715 1697 3760 rerum
1719 3694 1924 3762 conditarum
1941 3698 1975 3761 in
1994 3699 2220 3764 testimonium

229 3779 469 3844 suffieamment
490 3780 643 3846 eertaine:
668 3801 730 3863 que
752 3780 811 3845 nul
832 3779 886 3867 n'y
907 3780 1053 3865 pourroit
1071 3792 1199 3846 uentre-
1251 3781 1318 3847 filio
1346 3802 1404 3846 suo
1431 3779 1594 3859 adhibuit,
1623 3789 1660 3845 ut
1690 3782 1755 3845 iam
1793 3782 1998 3867 repugnandi
2031 3783 2125 3850 loeus
2155 3806 2220 3849 non

230 3865 308 3942 dire,
332 3886 409 3928 sans
430 3866 610 3930 resisteret
631 3887 665 3931 se
677 3864 817 3931 rebeller
837 3874 995 3933 eontresa
1016 3866 1198 3949 puissanee.
1250 3876 1345 3946 esset,
1368 3866 1433 3932 nisi
1454 3867 1528 3948 quis
1545 3874 1661 3950 sponte
1671 3867 1736 3932 Dei
1757 3868 1889 3933 veritati
1901 3868 2058 3936 obsistere
2078 3870 2219 3939 auderet

227 3950 487 4015 Premierement
503 3950 589 4017 Dieu
612 3951 734 4033 eternel
756 3972 817 4035 par
838 3972 874 4018 se
894 3952 973 4018 voix
994 3953 1200 4035 mesmefqui
1251 3954 1373 4018 Exstat
1407 3953 1496 4016 enim
1526 3951 1664 4019 eoeleste
1695 3951 1778 4017 illud
1811 3975 1848 4019 ae
1888 3953 2022 4028 solenne
2055 3957 2219 4024 oraculum

228 4044 279 4102 est
306 4057 381 4100 sans
409 4035 483 4118 quel
507 4057 549 4102 ue
576 4034 694 4103 doubte
730 4039 832 4104 verite
870 4036 1083 4119 irrevoeable)
1118 4059 1199 4104 nous
1252 4039 1343 4104 omni
1363 4037 1554 4120 exeeptione
1574 4039 1695 4104 maius:
1717 4039 1782 4106 Hie
1794 4047 1846 4106 est
1866 4038 1954 4106 filius
1964 4062 2057 4107 meus
2075 4040 2219 4120 dileohu,
2266 4058 2274 4067 ‘

228 4144 269 4188 en
291 4142 311 4185 a
332 4122 461 4199 testifie,
484 4058 608 4187 disant:
631 4122 736 4208 Voiey
759 4145 835 4188 mon
857 4123 911 4188 filz
932 4121 1008 4189 bien
1025 4131 1121 4210 ayme
1141 4144 1200 4188 au·
1252 4125 1287 4189 in
1315 4146 1377 4207 quo
1406 4123 1569 4206 aequiori,
1598 4125 1708 4190 isum
1735 4124 1856 4191 audite.
1912 4123 2058 4210 Spiritus
2091 4139 2219 4196 sanetus

229 4206 303 4292 quel
336 4207 391 4292 iay
423 4207 492 4289 pris
524 4228 602 4273 mon
627 4208 691 4274 bon
717 4207 845 4291 plaisir,
879 4218 1026 4275 eseoutea
1058 4211 1097 4275 le.
1149 4211 1199 4275 Le
1252 4229 1333 4275 vero
1354 4210 1388 4274 in
1411 4210 1530 4274 nostris
1552 4230 1607 4276 eor
1633 4208 1702 4275 'bus
1724 4210 1818 4277 testis
1846 4218 1897 4277 est
1923 4212 2073 4280 veritatis
2100 4214 2217 4282 Christi

229 4294 333 4366 sainet
362 4293 484 4377 esperit
505 4314 587 4359 nous
616 4315 658 4360 en
687 4305 737 4360 est
763 4292 869 4379 grand
891 4296 1117 4381 teemoing‘en
1136 4315 1198 4360 noz
1251 4293 1536 4379 loeupletissimus,
1558 4295 1608 4360 uti
1628 4296 1752 4380 passim
1771 4296 1914 4364 inouloat
1934 4298 2109 4381 apostolus.
2152 4303 2217 4367 Λιι-

228 4399 350 4455 ιοιιιιι,
379 4400 502 4444 ιοιιιιιιι
535 4378 589 4444 dir·
610 4381 715 4447 sainct
744 4380 858 4446 Iehan.
907 4380 1033 4465 L'ango
1062 4380 1199 4448 Gabriel
1251 4381 1316 4466 geli
1338 4401 1417 4446 vero
1437 4381 1535 4446 etiam
1558 4382 1756 4449 non‘semel.
1782 4381 1857 4450 ⁴Sie
1887 4383 1974 4449 enim
2003 4383 2140 4453 Gabriel
2165 4407 2216 4451 an·

228 4472 355 4550 envoye
377 4471 397 4529 a
418 4465 452 4530 la
473 4466 585 4549 vierge
596 4466 703 4532 Maria
722 4465 758 4530 lu
803 4486 823 4531 a
844 4466 908 4532 dit:
932 4467 997 4531 Voi
1039 4476 1102 4546 ,tu
1122 4489 1200 4533 eou-
1253 4466 1345 4566 gelus
1366 4465 1407 4533 ad
1430 4465 1595 4550 virginem
1614 4476 1754 4533 matrem
1774 4468 1936 4536 futuram:
1959 4468 2046 4538 Ειιι
2064 4473 2215 4557 eoneipies

229 4572 343 4618 eerrae
364 4573 405 4616 en
428 4563 485 4615 ton
508 4559 632 4627 ventre,
656 4562 689 4617 et
710 4489 896 4618 enfbnteras
915 4573 985 4636 ung
997 4490 1070 4633 aa,
1088 4560 1122 4617 et
1143 4574 1201 4637 ap-
1252 4575 1288 4617 rn
1320 4560 1414 4617 utero
1444 4560 1478 4617 et
1506 4551 1614 4635 paries
1646 4552 1762 4633 filium,
1790 4563 1824 4620 et
1847 4554 1979 4622 voeabis
2006 4559 2214 4623 nomenoius

228 4637 369 4720 pelleres
391 4658 450 4702 son
473 4655 550 4702 nom
571 4635 673 4703 Iesus.
719 4635 785 4703 Car
805 4638 913 4724 ieeluy
936 4659 1009 4704 sera
1031 4636 1144 4723 grand,
1168 4646 1202 4703 et
1253 4638 1372 4704 Iesum.
1399 4637 1493 4721 ,Ipse
1520 4637 1609 4703 enim
1637 4639 1700 4703 erit
1728 4661 1870 4726 magnus
1897 4640 2045 4708 attilius
2075 4643 2213 4710 altissimi

230 4721 421 4805 s'appellera
443 4722 497 4787 fila
516 4719 559 4785 du
583 4722 753 4787 treshault
797 4725 843 4789 Et
869 4723 901 4790 le
929 4722 1093 4810 Seigneur
1113 4723 1202 4790 Dieu
1254 4723 1433 4803 voeabitur,
1455 4730 1490 4789 et
1510 4722 1601 4790 dabit
1621 4723 1670 4789 illi
1681 4726 1845 4792 Dominus
1865 4727 1977 4793 sedem
1987 4726 2100 4795 David
2121 4727 2214 4814 patris

229 4807 287 4893 luy
306 4805 451 4872 donnera
471 4808 502 4873 le
524 4808 613 4890 siege
631 4807 672 4873 de
688 4806 800 4873 David
818 4831 877 4875 son
895 4830 982 4893 pere,
1001 4819 1036 4876 et
1061 4829 1202 4894 regnora
1254 4811 1315 4890 sui,
1343 4820 1376 4876 et
1403 4807 1554 4892 regnabit
1577 4810 1612 4875 in
1650 4808 1746 4876 domo
1778 4813 1875 4879 Iaoob
1902 4814 1938 4878 in
1970 4824 2158 4893 aeternum,
2187 4819 2213 4878 et

230 4912 271 4959 en
293 4893 326 4958 la
347 4893 473 4958 maison
496 4892 542 4958 de
559 4891 664 4958 Ialrob
691 4895 952 4961 eternellement:
980 4903 1013 4961 et
1039 4900 1094 4981 n’y
1121 4916 1203 4961 aura
1254 4896 1348 4981 regni
1370 4895 1440 4961 eius
1461 4915 1527 4960 non
1549 4895 1613 4961 erit
1633 4898 1718 4963 finis
1763 4896 1856 4964 Idem
1882 4920 2018 4984 prorsus
2045 4901 2087 4966 ab
2108 4898 2213 4985 angelo

230 4977 320 5043 nulle
342 4980 389 5042 fin
411 4998 452 5042 en
474 4999 533 5043 son
556 4999 720 5064 royaume.
767 4978 814 5045 Ge
839 5002 963 5047 mesme
990 5002 1138 5066 message
1159 5003 1202 5047 en
1254 4981 1415 5064 Iosephus
1436 4980 1562 5046 Mariae
1584 5003 1723 5066 sponsus
1744 4985 1877 5070 aceepit
1920 4984 2024 5051 Idem
2040 4985 2082 5051 ab
2109 4983 2212 5070 angelo

231 5065 405 5129 substance
426 5064 478 5129 fut
498 5064 577 5128 faiet
598 5069 618 5129 a
640 5062 769 5148 Ioseph.
813 5067 844 5131 A
868 5086 920 5131 res
948 5069 1035 5132 aussi
1057 5089 1123 5133 aux
1144 5089 1201 5152 pa·
1254 5065 1471 5133 denunciante
1493 5066 1669 5132 audierunt
1689 5078 1849 5153 pastores:
1872 5079 1987 5136 natum
2008 5070 2090 5167 ipsis
2110 5091 2212 5137 serra·

232 5149 546 5233 steurs,ausquelzil
563 5151 614 5216 fut
631 5150 698 5217 diet
715 5168 779 5235 que
797 5148 828 5214 le
841 5087 992 5216 dauveur
1010 5153 1107 5219 estoit
1124 5175 1201 5238 nay,
1254 5160 1369 5234 torem,
1402 5153 1459 5238 qui
1490 5160 1555 5234 est,
1592 5154 1715 5238 inquit,
1748 5153 1901 5223 Christus
1932 5157 2105 5224 Dominus.
2157 5154 2211 5221 Oui
