4748 5798
225 221 287 281 444
1069 159 1386 280 4444444444.
1523 305 1528 313 1
2170 215 2233 294 444

223 405 275 470 1414
296 403 433 488 fingitur
453 423 525 469 esse
546 402 670 468 Christi
692 402 853 480 mactatio,
867 405 893 475 ι1
925 410 960 466 41
993 421 1057 485 quo
1091 401 1202 484 expia·
1254 419 1337 482 quae
1358 401 1535 482 pretiosum
1557 402 1749 467 thesaurum
1778 401 1812 466 in
1840 421 1953 466 omnes
1980 401 2131 483 Europae
2158 419 2234 482 par-

225 490 312 565 1141)
345 490 414 554 4144
452 498 556 553 morte
596 488 690 569 44414
723 487 920 552 exinanitur.
987 486 1203 554 Sacramenta
1254 491 1304 550 tes
1322 484 1497 552 advehant
1541 487 1665 552 Verum
1689 486 1765 570 quid
1784 497 1816 551 te
1835 484 2019 570 insipidins,
2042 487 2100 568 qui
2117 485 2233 551 saltem

225 580 336 639 antem
362 575 512 657 nequiter
543 573 692 638 mentiris
720 573 819 638 141444
850 574 1052 650 conculcata,
1085 571 1202 654 quibus
1254 591 1321 634 non
1343 569 1453 637 olfacis
1474 581 1597 655 quanta
1618 572 1773 637 librorum
1797 572 1889 656 copia
1906 581 1940 637 et
1962 570 2104 636 varietas
2134 591 2233 654 papa-

225 658 352 724 reddita
375 660 436 724 1411
457 659 637 743 integritas,
660 680 760 741 quum
784 659 901 724 vestris
922 658 1116 742 corruptelis
1133 679 1202 723 soe·
1255 664 1324 720 tum
1343 665 1371 721 'e
1399 656 1468 722 suis
1500 658 1631 724 sedibus
1662 658 1807 742 quotidie
1835 657 1999 740 depellat?
2029 655 2126 738 Quod
2153 677 2232 722 4444

224 745 306 809 14414
328 743 454 809 foedata
472 754 588 810 essent.
633 745 720 809 Nam
739 744 923 810 adulterina
940 746 1107 829 figmenta,
1129 743 1201 827 qui·
1255 740 1333 806 dicit
1354 743 1642 810 Melanehthonem
1665 767 1684 810 a
1705 744 1854 810 Luthero
1877 743 2061 821 descivisse,
2080 745 2103 824 ¹)
2128 743 2232 807 liben-

224 829 285 896 bus
307 831 386 895 falso
408 831 594 914 impositum
617 842 688 896 erat
708 830 791 894 illud
815 851 944 908 nomen,
967 829 1109 894 emedio
1131 829 1201 892 tolli
1253 837 1304 891 ter
1325 828 1517 912 amplecter:
1539 828 1669 914 quando
1694 851 1828 896 oausam
1855 835 2000 901 nostram
2028 850 2095 894 non
2117 827 2233 912 vulga·

225 917 378 1000 oportuit,
400 918 427 981 si
446 916 568 980 vellent
587 916 691 981 nostri
713 916 882 982 ecclesiam
906 917 1102 981 stercoribus
1124 936 1201 997 pur·
1254 915 1334 980 riter
1375 913 1509 980 adiuvat
1542 918 1612 982 eius
1642 916 1706 980 4141
1745 935 1935 992 consensus,
1973 936 2069 996 quem
2102 914 2233 979 tametsi

225 1000 353 1087 garaff)
406 1000 481 1082 Qua
518 1003 625 1066 fronte
657 1001 738 1068 coeli
764 1010 798 1065 41
823 1002 942 1067 1414441
976 1015 1008 1066 14
1040 999 1201 1066 vindicem
1253 1010 1384 1066 mortuo
1411 1001 1560 1069 Luthero
1588 1002 1722 1067 liberius
1746 1002 1912 1066 confossus
1940 1009 2000 1076 441,
2029 1001 2232 1065 4144144444

224 1095 382 1164 ostentas,
404 1109 505 1170 quum
525 1095 582 1151 tua
603 1091 675 1165 [pag.
699 1094 752 1165 41]
776 1087 927 1170 impietas
956 1086 1106 1151 omnibus
1136 1088 1202 1151 foe·
1254 1108 1321 1152 non
1348 1087 1486 1153 obseura
1518 1087 1712 1154 documenta
1744 1087 1821 1152 4144
1850 1086 1904 1151 1114
1920 1085 2088 1150 ‘ediderat
2140 1084 2233 1150 Illius

185 1207 190 1213 ·
223 1180 300 1251 teat,
322 1194 387 1237 non
409 1174 519 1238 minus
541 1193 638 1255 quam
662 1173 749 1237 41144
776 1173 962 1255 spurcities:
991 1180 1116 1238 constet
1143 1194 1201 1237 44·
1253 1194 1332 1237 4444
1364 1171 1462 1239 1114444
1491 1173 1648 1238 (1444444
1677 1171 1795 1237 excudi
1829 1194 1887 1238 cur
1917 1180 2042 1237 vetaret
2064 1169 2232 1249 (lalvinus,

226 1266 291 1323 tem
314 1267 500 1323 4441444444
521 1259 670 1323 omnium
692 1259 820 1340 scriptis
842 1260 945 1323 411444
968 1259 1137 1323 1444414444
1165 1257 1206 1322 41
1254 1259 1309 1340 qui
1332 1259 1507 1323 deterrima
1528 1259 1671 1324 hostium
1694 1279 1828 1322 suorum
1855 1258 1976 1340 scripta
2008 1258 2151 1340 ingenue
2174 1277 2233 1338 pu·

226 1345 348 1408 serium
369 1344 434 1409 Dei
456 1345 606 1409 timorem
632 1352 665 1408 et
692 1344 822 1426 pietatis
849 1343 995 1408 studium
1023 1345 1142 1409 rectius
1169 1364 1207 1407 ae
1255 1344 1405 1411 blicanda
1421 1345 1570 1411 curavit?
1600 1345 1671 1410 Imo
1692 1344 1756 1409 nisi
1781 1345 1850 1427 te2)
1873 1363 2008 1427 prorsus
2028 1347 2234 1407 excaecasset

226 1430 332 1513 magis
355 1428 471 1494 dextre
493 1428 645 1513 centuplo
667 1430 809 1508 formari,
831 1451 929 1514 quam
953 1439 1021 1494 1414
1048 1430 1206 1495 1114444444
1251 1430 1351 1507 14444,
1374 1431 1473 1496 scires
1495 1431 1655 1514 quaedam
1676 1453 1718 1495 44
1740 1428 1882 1495 Lutheri
1911 1428 2039 1510 scriptis
2062 1429 2097 1491 in
2127 1426 2233 1493 Galli·

225 1516 376 1598 congerie
387 1519 415 1593 ⁴)
438 1515 492 1598 qui
514 1535 657 1598 unquam
678 1516 714 1579 in
737 1523 860 1600 papatu
882 1514 962 1580 editi
983 1515 1082 1580 44411
1250 1536 1321 1589 eam
1343 1514 1620 1601 linguamrersa,
1643 1516 1732 1581 urbis
1753 1526 1787 1581 41
1808 1515 2005 1600 typographi
2026 1534 2147 1578 nomen
2174 1512 2233 1576 ha·

310 1600 384 1667 Hac
406 1623 466 1666 sua
496 1601 774 1684 magniloquentia
806 1601 958 1684 adeptum
979 1622 1014 1666 44
1036 1601 1204 1666 existimat
1251 1603 1327 1668 bere
1353 1603 1557 1685 inscriptum.
1608 1600 1843 1684 Quoscunque,
1878 1621 1955 1665 vero
1990 1601 2061 1665 eius
2096 1598 2234 1676 libros¹)

224 1690 262 1751 41
282 1707 367 1751 unus
388 1687 456 1751 solo
477 1698 559 1751 4414
570 1707 631 1770 444
652 1688 695 1751 sit
717 1686 758 1752 41
769 1686 930 1752 44144144
951 1709 1064 1752 omnes
1074 1687 1205 1753 Galliae
1255 1708 1363 1752 emere
1385 1688 1441 1770 qui
1463 1688 1558 1760 volet,
1581 1687 1721 1770 reperiet
1741 1687 1875 1751 4444144
1897 1685 1932 1749 14
1956 1685 2108 1751 141444414.
2165 1684 2233 1750 Neo

223 1781 341 1837 motus.
385 1772 527 1837 Perinde
549 1773 637 1838 enim
659 1774 869 1838 concionatur
885 1792 922 1838 ao
939 1772 1021 1837 (lato
1042 1772 1203 1857 quispiam
1255 1795 1334 1839 4444
1356 1796 1376 1838 4
1398 1783 1454 1838 144
1472 1773 1625 1839 441141414
1645 1774 1765 1837 metuit
1786 1772 1959 1846 Calvinus,
1987 1771 2067 1835 dum
2099 1769 2234 1835 14444444

225 1857 411 1924 anubibus
439 1857 597 1941 delapsus.
653 1859 813 1942 Nugator,
840 1859 868 1922 si
895 1856 1002 1924 fallaci
1032 1858 1204 1942 gravitatis
1253 1860 1424 1925 interitum
1447 1855 2122 1939 44144414[444.43]4144444411444,(4414
2150 1853 2234 1919 nihil

224 1944 330 2027 speeie
351 1943 447 2008 fidem
470 1945 637 2026 acquirere
659 1944 717 2009 tibi
739 1942 884 2026 optabas,
906 1966 964 2009 eur
989 1966 1009 2008 a
1036 1943 1204 2009 mendacio
1256 1945 1397 2010 solidum
1423 1945 1626 2022 contineant,
1657 1943 1714 2010 sed
1746 1944 1836 2009 inani
1863 1943 2035 2008 vorborum
2069 1942 2142 2007 luco
2169 1942 2236 2006 sint

224 2049 360 2095 exorsus
383 2051 426 2105 44,
456 2029 543 2111 quod
569 2031 634 2094 iam
665 2028 732 2093 dixi
759 2030 799 2095 414
829 2030 1048 2095 infestissimis
1076 2037 1204 2113 quoque
1255 2033 1383 2108 referta,
1405 2031 1489 2095 4141
1512 2030 1688 2096 4441444444
1710 2031 1864 2113 ambages
1891 2029 2063 2104 tollantur,
2093 2035 2126 2091 et
2158 2025 2234 2091 rho-

223 2115 344 2180 nostris
378 2115 526 2180 hostibus
555 2115 659 2180 refelli
697 2115 815 2197 posse?
856 2116 1087 2199 Deprehensos
1124 2114 1203 2181 dicis
1256 2118 1375 2183 torieae
1393 2116 1527 2193 flosculi,
1550 2115 1785 2182 maledictam
1806 2124 2027 2191 sacramenta,
2054 2120 2089 2178 et
2114 2113 2150 2176 in
2183 2133 2235 2178 ec·

223 2201 323 2266 irrisae
352 2201 520 2279 Lutetiae,
556 2202 612 2284 qui
641 2201 813 2266 exstinctis
851 2201 993 2266 lucernis
1037 2200 1131 2266 foeda
1169 2223 1203 2266 se
1255 2203 1387 2268 olesium
1411 2213 1607 2279 scommata,
1637 2201 1805 2267 Hortensii
1833 2210 1890 2265 aut
1923 2199 2095 2273 Laurentii
2116 2196 2235 2263 Vallae

224 2286 364 2351 invicem
387 2285 520 2351 libidine
542 2288 810 2352 contaminarent.
856 2287 930 2351 Non
948 2287 1027 2370 rogo
1057 2298 1096 2351 ut
1128 2305 1203 2370 eog-
1255 2288 1364 2372 potius
1386 2289 1428 2352 sit
1449 2309 1546 2370 qnam
1567 2287 1691 2353 Christi
1714 2286 1901 2369 discipulus,
1923 2285 2155 2369 grammaticus
2179 2288 2235 2348 aut

225 2371 307 2436 41114
325 2373 538 2455 suscipiatur:
561 2372 734 2438 carnifices
755 2373 842 2454 ipsos
863 2381 939 2437 1444
968 2371 1128 2452 stultitiae
1154 2372 1203 2456 pi·
1256 2375 1368 2439 rhetor
1406 2374 1511 2458 magis
1544 2394 1642 2457 quam
1677 2372 1846 2456 theologus
1883 2372 2075 2454 reperiatur.
2128 2368 2234 2435 Crede

225 2456 329 2542 gebit'3
342 2458 427 2540 quia
448 2455 550 2523 semel
570 2456 743 2540 pudefacti,
762 2466 828 2522 tam
850 2457 983 2524 frivolas
995 2459 1129 2523 naenias
1147 2479 1203 2523 cu·
1256 2460 1347 2538 mibi,
1376 2481 1440 2542 qua
1468 2470 1519 2525 441
1547 2458 1762 2541 simplicitate,
1796 2457 1904 2522 nullos
1936 2479 1977 2522 44
2010 2465 2067 2520 144
2095 2475 2235 2521 censura

223 2551 341 2626 peront
360 2543 507 2626 sepultas
529 2544 647 2619 esse.⁵)
674 2544 796 2621 ¹Porro
817 2545 893 2626 quia
923 2552 991 2608 tota
1018 2544 1129 2608 concio
1162 2566 1203 2609 44
1255 2546 1382 2611 aculeos
1405 2546 1530 2610 sentiet.
1576 2542 1644 2610 Sed
1665 2566 1706 2609 44
1728 2553 1761 2608 14
1782 2544 1864 2610 44144
1881 2542 1997 2620 velim,
2019 2540 2102 2607 bone
2127 2538 2234 2619 iudex,

226 2628 368 2693 ventosis
390 2628 509 2694 rabiosi
542 2628 684 2694 hominis
716 2630 841 2712 spumis
869 2630 1009 2695 conflata
1035 2652 1071 2693 se
1098 2631 1203 2713 ipsam
1248 2629 1332 2715 quid
1367 2631 1425 2695 tibi
1453 2632 1488 2695 in
1515 2639 1658 2695 mentem
1692 2631 1829 2709 venerit,
1850 2628 2074 2694 Laurentium
2101 2625 2236 2691 Vallum

223 2713 450 2797 1444ςί14444
477 2722 652 2797 praetereo.
702 2714 832 2780 Clamet
853 2715 1003 2780 Gabriel:
1031 2715 1097 2781 Hic
1124 2715 1202 2781 siste
1254 2716 1433 2782 Hortensio
1454 2718 1663 2799 coniungere:
1687 2712 1804 2781 deinde
1832 2735 1896 2797 quo
1924 2713 2057 2780 oonsilio
2089 2711 2234 2778 Horten·

225 2799 364 2884 gradum
387 2799 506 2877 Gallia,
529 2808 562 2865 et
584 2798 719 2884 provide
741 2801 873 2866 attendo
894 2821 974 2884 quos
993 2800 1152 2866 tumultus
1170 2810 1203 2866 et
1255 2804 1339 2869 sium
1362 2802 1509 2887 elegeris,
1532 2821 1552 2865 4
1573 2822 1636 2884 444
1658 2801 1750 2866 44114
1770 2800 1895 2885 syllaba
1921 2799 2035 2864 relicta
2058 2809 2118 2877 est,
2148 2795 2235 2863 unde

224 2883 408 2968 tragoedias
447 2886 641 2952 excitaverit
671 2885 835 2952 haeretica
874 2885 980 2951 rabies
1016 2887 1203 2969 ubicunque
1254 2889 1430 2955 coniiceros
1457 2888 1653 2965 Calvinum,
1686 2884 1739 2952 441
1766 2888 1901 2951 minimo
1937 2886 2148 2961 lineamento,
2176 2882 2234 2946 ali·

224 2979 374 3056 grassata
399 2983 458 3037 est.
513 2970 711 3038 Declamitet
743 2971 900 3038 adversus
928 2971 1091 3037 Psalmos:
1124 2970 1202 3055 quid
1253 2995 1351 3058 quam
1373 2973 1443 3039 eius
1469 2973 1685 3039 imitationem
1707 2973 1837 3037 referre.
1893 2970 1960 3037 Sed
1989 2970 2088 3035 nimis
2116 2967 2236 3035 acriter

224 3055 314 3123 aliud
336 3078 434 3140 quam
455 3058 610 3122 foetorem
632 3079 726 3123 44444
747 3056 931 3133 4414414414
951 3058 1112 3141 ingenuos
1133 3078 1202 3122 om·
1253 3081 1363 3144 urgeo.
1377 3060 1407 3142 ⁴)
1453 3060 1596 3124 Tantum
1629 3079 1760 3142 quaero,
1794 3079 1891 3140 quem
1915 3055 1974 3121 tibi
2002 3054 2042 3121 de
2070 3053 2236 3138 theologia
2351 3103 2357 3123 .

223 3162 283 3209 444
301 3149 334 3207 41
354 3143 502 3208 44414144
524 3140 566 3208 41
582 3142 784 3208 iracundiam
805 3151 968 3226 provocat,
989 3143 1062 3208 aliis
1083 3164 1201 3227 suppe-
1253 3142 1935 3226 4441441144414444114441114444444144.
1980 3138 2017 3207 81
2039 3140 2238 3224 permittunt
2333 3163 2357 3210 ε

224 3226 307 3292 11141
323 3226 453 3294 4114411
474 3230 655 3307 materiam,
674 3228 759 3312 apud
782 3228 908 3295 sodales
925 3251 1002 3295 4444
1024 3250 1117 3294 suam
1139 3230 1201 3294 im·
1253 3231 1379 3296 sodales
1401 3238 1439 3295 ut
1466 3232 1499 3295 in
1527 3230 1650 3295 mensis
1680 3228 1810 3312 quidvis
1838 3229 1898 3294 tibi
1931 3247 2074 3310 arroges,
2104 3247 2149 3291 an
2177 3224 2235 3289 tibi
2329 3231 2357 3296 j

222 3313 414 3398 pudentiam
436 3313 581 3398 detegit?
604 3316 728 3380 Mirum
749 3324 916 3395 4444441,
945 3316 973 3379 41
1000 3336 1060 3379 444
1087 3337 1201 3382 omnes
1252 3318 1285 3381 in
1306 3317 1379 3383 luce
1399 3317 1488 3381 inter
1507 3316 1631 3392 sobrios
1652 3337 1689 3381 ao
1711 3336 1809 3381 sanos
1830 3314 1988 3388 homines.
2020 3322 2120 3396 atque
2137 3310 2237 3378 etiam
2310 3338 2357 3382 ι

223 3407 293 3464 tam
326 3421 439 3466 secure
463 3402 658 3478 contemnit,
680 3409 719 3465 ut
735 3400 878 3479 simulat,
900 3407 993 3465 tanta
1008 3400 1201 3484 intemperie
1253 3401 1407 3479 eruditos,
1429 3399 1515 3471 idem
1538 3421 1727 3470 eoncessum
1746 3402 1786 3465 iri
1812 3397 1946 3483 speras?
1969 3399 2137 3464 Praelatio
2157 3415 2235 3462 vero
2306 3423 2357 3468 ο

223 3505 298 3550 eum
320 3493 391 3565 [pag.
415 3490 469 3566 42]
492 3485 616 3551 ardere.
655 3485 753 3552 04414
775 3484 838 3550 4141
856 3508 931 3551 rara
948 3485 1107 3569 quaedam
1125 3508 1200 3552 enm
1253 3488 1456 3553 demonstrat
1478 3508 1575 3570 quam
1597 3486 1732 3552 idoneus
1754 3487 1798 3552 sit
1814 3486 2020 3567 eloquentiae
2048 3482 2150 3549 iudex
2178 3487 2235 3548 aut
2293 3493 2357 3555 ,ἡ

221 3576 389 3654 torqueret
410 3572 567 3648 anxietas,
589 3593 665 3637 suas
685 3571 831 3637 lautitias
853 3572 940 3656 stylo
967 3593 1094 3655 quoque
1121 3594 1201 3655 prae
1253 3572 1392 3651 arbiter,
1428 3573 1573 3657 quisquis
1605 3573 1704 3637 fucrit
1736 3573 1807 3637 eius
1834 3571 1942 3654 opifex
1972 3581 2006 3635 et
2028 3570 2233 3636 architectus
2284 3597 2357 3642 ,ε

222 3657 457 3743 44141144411)
502 3657 595 3723 Haeo
616 3657 801 3724 444414144·
827 3678 861 3721 44
884 3658 1018 3722 minime
1047 3660 1201 3723 conveni·
1253 3657 1428 3724 Caeterum
1441 3667 1477 3723 41
1498 3667 1589 3723 tuam
1601 3658 1775 3722 stultitiam
1797 3656 1960 3740 despicere
1983 3677 2020 3722 uo
2032 3655 2140 3720 ridere
2162 3676 2233 3738 pos·
2270 3684 2357 3728 -ε

222 3748 292 3815 441,
311 3743 394 3824 quod
413 3742 532 3808 doloris
550 3743 802 3808 amarulentiam
820 3750 888 3807 tota
905 3742 1103 3826 praefatione
1125 3766 1201 3810 evo·
1253 3766 1375 3820 sumus,
1392 3745 1439 3809 ita
1460 3745 1541 3808 scito
1563 3764 1623 3809 nos
1645 3744 1841 3810 cordatiores
1862 3764 1943 3821 4444,
1966 3763 2063 3825 quam
2082 3750 2120 3806 ut
2138 3742 2233 3806 totins
2253 3763 2357 3813 ag

221 3847 315 3892 mens
347 3827 530 3910 triumphos
569 3829 609 3893 de
642 3830 734 3893 nobis
763 3838 797 3893 41
817 3835 1005 3893 nostrorum
1032 3827 1201 3895 hominum
1252 3829 1368 3895 mnndi
1391 3829 1602 3914 ingratitudo,
1626 3830 1653 3893 si
1676 3850 1788 3894 omnes
1810 3835 1920 3894 essent
1940 3829 1988 3893 tui
2010 3827 2143 3905 similos,
2162 3848 2357 3897 cun-‘1

221 3910 314 3978 libris
334 3914 622 3998 magnificos-agit
668 3914 769 3979 Nulla
790 3913 969 3979 secundum
998 3935 1073 3980 eum
1099 3916 1201 3981 144444
1253 3938 1326 3982 sum
1348 3928 1496 3982 nostrum
1519 3914 1682 3998 impediat.
1713 3913 1832 3981 Oleum
1861 3935 1923 3996 quo
1946 3935 2006 3979 444
2029 3913 2160 3979 Galliae
2174 3934 2357 3983 un—11

220 3997 261 4063 fit
299 4001 421 4063 mentio
454 3997 611 4064 librorum
643 4000 799 4078 Lutberi,
828 4000 892 4065 nisi
920 4000 1003 4065 forte
1029 4001 1064 4065 in
1094 4001 1202 4084 aliquo
1253 4003 1394 4087 gitur,³)
1422 4001 1608 4067 adulatione
1640 4009 1697 4065 tua
1724 4001 1894 4085 magnifice
1922 3998 2062 4077 extollis,
2091 4019 2156 4084 qno
2184 4018 2357 4070 re—ea

222 4080 387 4149 84444144
409 4084 537 4169 angulo.
582 4086 708 4170 Nempe
724 4086 758 4237 Ίὲ
776 4085 856 4150 14444
877 4087 960 4150 44114
978 4094 1029 4151 441
1060 4108 1120 4152 444
1143 4108 1201 4151 va·
1253 4109 1327 4172 gem
1350 4088 1467 4170 ipsum,
1489 4091 1516 4153 si
1540 4088 1617 4151 tuis
1637 4088 1762 4151 naeniis
1788 4085 1887 4152 fidem
1910 4083 2058 4164 haberet,
2080 4085 2116 4150 in
2143 4083 2357 4155 obse-ose

222 4189 321 4234 cuum
343 4169 450 4235 locum
471 4173 687 4253 occupaverit.
761 4171 897 4238 ucoedot
917 4172 1018 4256 igitur
1039 4173 1074 4237 in
1099 4174 1202 4238 414444
1253 4175 1365 4257 quium
1399 4194 1503 4257 papae
1537 4174 1711 4255 mancipes.
1760 4170 1959 4248 Seditiones,
1986 4192 2071 4254 quae
2105 4190 2357 4254 sempera-e

221 4253 965 4341 1114444444Ι44114441114144141144444141148)
1015 4258 1203 4325 Denunciet
1254 4260 1379 4325 4441414
1390 4279 1543 4325 accensae
1554 4269 1641 4336 4441,
1653 4267 1710 4323 aut
1727 4267 1814 4323 44414
1832 4255 1964 4322 4114414
1991 4254 2286 4339 exarserunt&
2325 4262 2357 4349 1

220 4360 281 4424 444
302 4362 460 4420 cursores,
481 4350 518 4406 ut
535 4341 575 4406 ad
589 4353 755 4409 vecturam
767 4351 896 4427 praesto
918 4343 985 4409 sint
1001 4364 1164 4423 carrucae,
1174 4346 1200 4426 ⁹)
1256 4346 1367 4428 inique
1388 4344 1480 4410 nobis
1504 4351 1577 4426 [pag.
1600 4350 1654 4424 44]
1677 4344 1798 4410 obiieis.
1844 4341 1940 4424 Quod
1969 4364 2010 4407 44
2038 4342 2357 4429 chrysostome

667 4447 669 4449 ·
1253 4452 1307 4495 mo
1339 4430 1420 4495 41144
1448 4430 1647 4514 paucitatem
1681 4430 1873 4514 magistram
1907 4450 1978 4494 esse
2006 4450 2106 4496 44444
2138 4427 2351 4499 diation-

290 4510 322 4643 11)
339 4512 542 4636 ,llssffi‘gllffm
1253 4515 1375 4600 plinae:
1398 4515 1476 4582 4114
1497 4536 1540 4582 44
1561 4516 1704 4583 breviter
1725 4524 1901 4590 retractare
1918 4522 2014 4600 cogat
2031 4515 2342 4600 experien'
2321 4522 2328 4536 ‘

290 4647 1037 4711 3114414114441411444411444444444444141414.
1258 4692 1460 4700 -m-
1662 4672 1663 4675 ¹
2172 4688 2193 4703 -·
2234 4692 2294 4708 -.

290 4716 641 4777 44444144144414444.
2163 4722 2192 4735 ‘¹
2228 4724 2290 4741 ‘⁴
2311 4721 2324 4746 ⁷

291 4782 322 4851 b)
340 4802 441 4855 pouree
459 4804 511 4858 que
529 4787 645 4843 s‘estans
662 4794 773 4842 1444444
792 4788 939 4844 44414444
955 4788 1066 4857 144114
1083 4796 1203 4846 tortores
1323 4788 1353 4856 1)
1372 4789 1444 4844 4111.
1462 4790 1592 4844 touchant
1608 4789 1637 4845 la
1653 4790 1764 4844 44411444
1782 4790 1816 4845 de
1834 4789 1945 4845 lacere.

223 4851 301 4922 qn’ils
325 4861 372 4909 ont
396 4855 566 4912 1444444114
584 4863 710 4926 seroyent
728 4862 838 4912 4441444
856 4873 908 4925 que
926 4857 1202 4914 1441144144444411.
1321 4857 1353 4918 11
1371 4874 1403 4914 ee
1421 4857 1537 4914 cbantre
1555 4875 1618 4914 4444
1635 4855 1759 4913 melodis.

292 4921 323 4990 6)
340 4923 358 4976 il
377 4925 507 4991 purleroit
524 4925 585 4994 plns
602 4927 793 4995 ioyeusement
1322 4926 1351 4993 3]
1370 4926 1410 4982 les
1428 4933 1520 4982 autres
1537 4929 1583 4996 qni
1600 4934 1648 4981 ont
1665 4929 1725 4982 4411
1742 4928 1880 4995 imprimes
1898 4922 1931 4983 41
1949 4934 1977 4982 et
1994 4926 2029 4983 u

291 4989 321 5056 1]
338 4990 368 5046 14
385 5007 437 5063 roy
452 4993 515 5048 bien
532 5010 584 5064 que
602 4993 668 5049 c'est
684 4997 731 5049 eta
1321 4995 1352 5053 41
1371 4995 1399 5050 14
1417 4997 1496 5051 haste
1513 5002 1576 5064 trop
1594 5011 1630 5050 un
1647 5012 1720 5051 asne.

291 5057 321 5124 11]
339 5061 367 5113 la
383 5059 488 5116 14414114
506 5061 626 5118 Pratum.
680 5100 683 5107 ,
810 5100 812 5104 -
1322 5065 1353 5129 5]
1372 5061 1475 5120 L'buile
1492 5062 1526 5119 (14
1544 5064 1571 5119 14
1589 5066 1691 5120 semote
1708 5066 1833 5135 Amople

292 5127 321 5194 9]
341 5128 459 5186 chariore
476 5136 505 5186 41
521 5132 628 5188 4441414.
1270 5151 1275 5160 ⁴
1322 5131 1616 5200 Ι614114114414444
1633 5149 1667 5189 44
1685 5135 1899 5207 4444441444.
1951 5177 1954 5186 .
