4724 5886
171 220 173 224 '
291 257 415 330 nxvr
874 257 1144 325 moranus
1167 255 1458 325 annonarum
1479 256 1699 325 monas.

446 448 571 514 Forma
592 448 736 516 minima.
770 446 951 530 Quaternio
972 468 1058 514 unus
1079 455 1113 513 et
1133 445 1268 514 alterius
1290 446 1469 526 dimidium,
1491 445 1547 531 (A.
1570 447 1615 528 B)
1638 445 1806 514 duodecim
1824 447 1902 513 folia
1922 468 1986 513 non
2008 454 2186 514 numerata.
2217 447 2284 514 Ilo·

293 559 338 626 lio
359 559 465 644 primo
488 580 583 627 versa
604 560 761 642 inscripta
778 561 832 625 'est
854 557 986 626 Onlrini
1006 558 1178 643 praefatio;
1201 559 1254 625 fol.
1278 562 1362 623 a-4
1384 558 1532 643 sequitur
1552 557 1663 625 Caroli
1689 558 1893 642 provocatio,
1919 565 2047 624 caetera
2072 557 2197 624 obtinet
2217 559 2284 626 lta·

293 669 368 736 rolli
386 671 494 754 prima
513 670 689 753 responsio.

447 786 532 870 ΙιΑ
558 785 774 870 SECON·
801 786 808 893 Ι
835 787 887 871 de
918 787 1092 900 Epistre
1124 793 1311 898 enuoyee
1339 816 1393 869 au
1419 786 1609 870 Docteur
1636 785 1641 893 Ι
1668 787 1817 869 Pierre
1854 785 2010 898 Oaroly
2041 815 2119 898 par
2156 784 2284 870 Guil-

293 924 432 1008 laume
459 924 465 1030 Ι
493 924 635 1029 Farel,
669 924 908 1009 Proscheur
942 923 994 1008 de
1030 923 1285 1034 I'Euangile.
1313 921 1319 1028 Ι
1348 941 1502 1009 (Meas
1518 947 1655 1012 narra
1675 943 1680 1012 Ι
1699 943 1725 999 Δ
1746 943 1908 1015 GENEVE,
1938 937 1943 1019 Ι
1968 945 2041 1000 PAR
2079 935 2205 1001 mnas
2233 946 2284 1003 a1·

292 1057 424 1139 asaal
447 1068 536 1121 1543.

445 1166 568 1233 Forma
589 1166 711 1234 eadem
755 1166 997 1249 Quaterniones
1019 1168 1083 1234 duo
1106 1167 1162 1252 (A.
1183 1167 1230 1251 B)
1252 1166 1329 1234 folia
1353 1170 1392 1230 16
1416 1188 1483 1231 non
1504 1174 1684 1231 numerata.

444 1278 611 1362 Epistolas
633 1279 722 1362 ipsas
744 1279 918 1344 thesaurus
940 1285 1052 1343 noster
1073 1278 1261 1362 epistolicae
1289 1277 1368 1343 olim
1397 1299 1456 1344 sno
1485 1277 1554 1344 laec
1581 1277 1755 1344 exhibebit.
1804 1276 1879 1344 Hoc
1905 1277 1975 1345 loco
1999 1276 2128 1344 Oalvini
2156 1276 2284 1360 praela·

291 1389 415 1455 tionem
436 1389 496 1454 tibi
519 1392 737 1474 proponimus.
2222 1401 2228 1412 “

1269 1765 1310 1829 V.

652 1906 829 1990 Preface
867 1907 940 1990 des
976 1907 1257 2018 disputatione
1291 1907 1578 1991 chrestiennes
1615 1906 1668 1988 de
1698 1906 1747 1988 P.
1783 1905 1918 1989 Viret

441 2106 534 2170 Inter
555 2108 643 2190 ipsas
665 2128 790 2191 operas,
812 2129 913 2191 quum
934 2108 1001 2173 Iam
1022 2108 1238 2194 praefationes
1260 2107 1464 2174 calvinianae
1486 2127 1599 2173 omnes
1620 2106 1698 2173 huic
1718 2106 1877 2172 volumini
1899 2107 2042 2178 insertae
2053 2108 2145 2190 prelo
2158 2106 2285 2174 subiec-

287 2223 345 2283 tae
368 2225 485 2294 essent,
508 2217 682 2284 incidimus
702 2220 737 2285 in
759 2218 867 2284 locum
888 2219 1029 2303 aliquem
1050 2218 1260 2285 Defensionis
1283 2242 1302 2286 a
1323 2217 1399 2286 Seb.
1411 2218 1609 2286 Castellionc
1630 2224 1745 2286 contre
1761 2217 1938 2284 cunnum
1959 2218 2108 2301 scriptae,
2130 2227 2165 2283 et
2184 2238 2286 2303 supra

291 2349 367 2414 pag.
382 2328 541 2395 XXVIII
553 2329 714 2411 laudatae,
737 2328 777 2395 de
798 2333 891 2397 cuius
904 2352 1002 2397 sensu
1024 2352 1092 2397 non
1113 2350 1229 2413 parum
1252 2330 1398 2414 perplexi
1419 2331 1593 2397 haesimus.
1625 2331 1765 2414 Legitur
1785 2329 1815 2394 is
1837 2350 1909 2413 pag.
1932 2333 1994 2394 358
2016 2328 2065 2396 cd.
2087 2329 2285 2411 Goudensis,

271 2441 344 2521 ,ubi
365 2440 522 2506 Castellio
543 2442 579 2505 in
602 2463 639 2507 eo
662 2448 714 2508 cst
733 2441 963 2510 utadversarii
984 2442 1253 2521 criminationem,
1276 2443 1333 2526 qui
1354 2464 1429 2508 eum
1442 2441 1605 2527 Cynicum
1626 2441 1807 2526 appellarat
1827 2442 1944 2526 pietati
1965 2463 2007 2506 ex
2026 2443 2172 2525 professo
2194 2443 2285 2509 obla·

278 2559 443 2631 <trentam
467 2573 486 2617 a
507 2574 542 2618 se
560 2560 696 2619 avertat
741 2553 783 2618 In
804 2554 901 2620 rebus
921 2554 1023 2621 sacris
1042 2575 1077 2620 se
1099 2574 1266 2636 nunquam
1288 2555 1433 2620 iocatum
1454 2575 1525 2621 esse
1545 2553 1705 2632 affirmat,
1733 2553 1800 2620 imo
1822 2558 1854 2616 et
1874 2552 1955 2618 alios
1976 2553 2011 2618 in
2033 2573 2073 2618 ea
2095 2575 2130 2619 re
2153 2555 2285 2638 saepius

287 2683 401 2729 severe
423 2663 681 2746 reprehendisse.
725 2663 854 2730 Deinde
876 2665 923 2730 sic
944 2665 1067 2751 pergit:
1110 2665 1210 2732 Oreine
1230 2668 1279 2732 rei
1300 2670 1389 2732 testes
1410 2666 1508 2732 citare
1521 2685 1655 2749 poamm
1682 2669 1803 2730 ammes
1824 2665 1901 2729 dnos
1924 2664 1980 2729 rat
1999 2665 2284 2746 seminariam,

286 2794 418 2857 quornm
437 2795 535 2839 annm
557 2796 654 2858 qnmn
671 2778 769 2843 amice
789 2777 976 2844 manendam
997 2797 1155 2871 amassem
1166 2778 1205 2844 de
1225 2778 1355 2844 scurrili
1377 2777 1475 2843 libello
1495 2778 1547 2846 eui
1567 2797 1675 2842 nemen
1696 2781 1741 2842 est
1757 2775 1964 2860 Zeoprapltia,
1986 2781 2107 2842 tantam
2127 2776 2231 2859 ahfnit
2249 2782 2286 2844 nt

286 2905 320 2952 ce
340 2887 515 2970 emineret,
536 2891 570 2950 nt
585 2892 697 2968 postea
716 2888 879 2971 emmae
899 2887 1037 2954 eiusdem
1056 2890 1179 2974 poneris
1200 2889 1331 2955 alteram
1356 2890 1479 2955 nomine
1502 2887 1759 2967 Paesaaantinm,
1781 2893 1808 2953 ct
1828 2908 1876 2953 nse
1897 2888 2041 2971 deinceps
2062 2888 2194 2970 capitati
2214 2888 2287 2956 edio

281 3016 473 3080 prosequens
494 2997 593 3062 vens
615 2999 801 3080 scriptisque
829 2999 915 3064 omni
933 3019 1043 3084 ponere
1063 3001 1270 3067 mnrieiornm
1294 3000 1493 3083 prosciderit.
1547 3000 1693 3066 Alteram
1712 3019 1797 3079 cero,
1830 2999 1984 3066 torninem
2004 2999 2076 3065 bene
2096 3000 2135 3067 de
2155 3020 2204 3066 me
2222 3021 2285 3066 me-

285 3108 384 3173 ritam
405 3113 441 3186 et,
464 3113 616 3191 qnantum
638 3129 709 3175 eam
730 3110 855 3176 ineius
874 3109 963 3175 domo
983 3111 1089 3177 cinerea
1110 3112 1244 3204 mancei,
1266 3111 1418 3177 hominem
1441 3113 1549 3193 pimn,
1577 3117 1604 3176 et
1632 3111 1688 3193 qni
1708 3131 1756 3175 me
1776 3131 1860 3191 aere,
1894 3130 1955 3175 non
1977 3116 2014 3176 nt
2033 3116 2078 3191 ta,
2100 3110 2286 3177 damianae

286 3220 375 3301 atnit,
392 3241 453 3304 per
473 3219 582 3286 titerm
602 3221 710 3286 menni
730 3221 896 3304 defendis
916 3223 985 3288 enea
1005 3221 1107 3300 libris,
1129 3228 1164 3287 nt
1183 3223 1326 3305 deinceps
1346 3243 1416 3288 cnm
1438 3223 1563 3305 facetiis
1589 3243 1684 3288 sacra
1706 3226 1839 3288 traetme
1856 3222 2016 3287 desineret.
2063 3220 2126 3289 Sed
2146 3222 2200 3289 iile
2221 3244 2286 3290 mo-

285 3332 471 3398 deratiorem
491 3331 587 3399 mitto
608 3352 642 3397 se
663 3333 706 3399 ad
727 3334 967 3400 admonitienen
988 3353 1090 3399 meam
1105 3332 1371 3418 praedationem
1390 3334 1542 3416 asperior.
1600 3332 1639 3400 Ut
1666 3332 1716 3399 aa
1743 3353 1820 3399 sane
1849 3334 2034 3414 aequitatem
2055 3338 2144 3400 tuam
2164 3335 2285 3401 decide

284 3464 360 3510 rare
375 3445 478 3526 possit
498 3443 628 3527 atreum,
651 3445 732 3527 qnod
752 3444 809 3528 qni
829 3445 866 3510 in
886 3445 1076 3512 iilosestam
1094 3445 1211 3528 foedis,
1233 3450 1267 3510 nt
1288 3445 1667 3527 altemmaoeeefratrem,
1690 3444 1867 3510 alterins
1886 3444 2005 3509 etiam
2025 3466 2143 3511 nnnm
2164 3447 2284 3514 illinc

284 3557 447 3639 poneris
467 3556 646 3622 libellam
662 3556 924 3639 praefatione
944 3563 1010 3624 tna
1029 3557 1371 3637 commendaveris,
1392 3557 1476 3623 idern
1496 3557 1531 3622 in
1551 3577 1599 3621 me
1620 3561 1684 3622 tarn
1705 3554 1847 3621 medam
1868 3560 1897 3620 te
1911 3555 2074 3639 praebeas.
2107 3556 2180 3622 Iam
2202 3556 2284 3625 alte-

285 3687 360 3732 rum
380 3667 474 3733 illum
495 3667 780 3752 satyrographum,
803 3669 909 3752 primo
931 3668 1002 3735 loco
1024 3677 1183 3750 notatum,
1206 3669 1327 3735 Bezam
1349 3669 1458 3748 fuisse,
1480 3690 1576 3734 nemo
1599 3668 1726 3751 estqui
1748 3667 1873 3732 nesciat
1895 3666 1986 3751 (vide
2005 3668 2140 3733 Baumii
2160 3668 2285 3736 Beuam

286 3776 313 3843 I.
340 3782 409 3856 124,
434 3778 519 3865 194).
564 3777 691 3845 Verum
713 3780 857 3864 ingenue
878 3777 1028 3861 fatemur,
1048 3779 1088 3846 de
1111 3781 1213 3847 altero
1240 3802 1337 3865 quem
1360 3778 1516 3847 Castellio
1544 3778 1622 3845 dicit
1651 3801 1671 3844 a
1693 3762 1834 3844 Calvino*
1853 3769 2054 3861 praefatione
2076 3780 2285 3849 commenda-

288 3895 360 3953 tum
382 3889 508 3955 diutius
528 3912 626 3974 quam
648 3912 710 3975 par
731 3897 802 3956 erat
823 3889 938 3958 dubios
959 3893 1068 3973 finisse,
1090 3892 1139 3958 ita
1159 3892 1290 3976 quidem
1312 3893 1437 3958 utiam
1456 3912 1493 3957 re
1516 3890 1689 3975 desperata
1716 3889 1778 3956 tibi
1805 3869 1959 3956 lacunam
1980 3890 2066 3971 hanc
2087 3891 2122 3956 in
2144 3891 2286 3959 historia

187 4016 190 4020 ’
287 4000 403 4067 Nostri
423 4001 568 4067 literaria
595 4004 789 4088 significare,
818 4002 1020 4087 eandemque
1046 4003 1184 4088 proinde
1211 4005 1248 4070 in
1273 4024 1407 4088 corpore
1429 4001 1577 4090 Operum
1605 4000 1790 4085 relinquere
1817 4002 2044 4082 statuerimus,
2074 4025 2094 4068 a
2121 4010 2180 4068 tua
2200 4005 2285 4070 forte

288 4112 472 4179 eruditione
494 4115 699 4198 explendam,
728 4135 832 4200 quum
853 4113 987 4180 tandem
1010 4115 1247 4182 studiosissime
1269 4115 1508 4201 inquirentibus
1535 4113 1719 4180 desiderata
1745 4112 1804 4179 lux
1833 4113 2013 4198 affulgeret
2057 4114 2210 4181 Viretum
2227 4114 2285 4182 dc-

288 4224 413 4309 signari
435 4224 560 4290 dudum
581 4227 736 4311 suspicati
763 4247 904 4293 eramus.
950 4226 1054 4293 Cuius
1081 4235 1193 4293 tamen
1219 4226 1300 4294 adeo
1325 4247 1402 4294 rara
1429 4234 1508 4292 sunt
1533 4225 1766 4311 opusculorum
1787 4224 1990 4309 exemplaria
2009 4231 2050 4289 ut
2069 4225 2153 4291 illud
2172 4227 2285 4320 ipsum

287 4335 329 4401 ad
351 4334 435 4419 quod
459 4335 614 4402 Castellio
637 4337 803 4406 alludebat
822 4338 932 4404 oculos
955 4346 1084 4405 nostros
1106 4340 1228 4425 fugisse
1249 4360 1345 4405 nemo
1367 4337 1462 4405 nobis
1484 4339 1564 4405 vitio
1586 4338 1733 4406 verterit
1776 4334 1930 4403 Possidet
1948 4334 2031 4402 illud
2053 4336 2214 4403 ditissima
2235 4339 2285 4406 bi-

288 4446 451 4513 bliotheca
472 4447 574 4514 civica
596 4448 793 4529 (duacensis,
814 4447 997 4517 studiorum
1019 4458 1208 4517 nostrorum
1229 4473 1397 4535 nunquam
1414 4451 1494 4518 satis
1517 4450 1650 4517 laudata
1666 4449 1820 4529 adiutrix,
1843 4454 1877 4513 et
1898 4447 1969 4514 sine
1986 4468 2079 4514 mora
2096 4449 2286 4533 petentibus

286 4557 526 4645 inspiciendum
548 4560 739 4625 transmisit.
783 4560 869 4628 Ecce
890 4563 960 4629 eius
981 4562 1132 4629 titulum:

442 4681 800 4768 DISPVTATI-
834 4687 841 4796 Ι
867 4697 958 4766 ONS
982 4698 1263 4768 cflRusquN-
1282 4702 1288 4789 Ι
1307 4710 1378 4778 aas
1401 4709 1454 4766 aa
1475 4709 1647 4774 namma
1671 4708 1722 4764 on
1750 4707 1813 4762 na
1831 4704 1836 4773 ι
1856 4698 1918 4776 uin,
1940 4697 2081 4765 divisas
2102 4719 2166 4785 par,
2183 4697 2285 4766 nale

288 4828 376 4893 geres,
400 4806 479 4874 dont
501 4807 619 4873 l’ordre
640 4828 698 4874 sen
718 4805 724 4894 Ι
741 4808 809 4873 suit
829 4828 872 4874 en
893 4809 927 4875 la
948 4831 1032 4896 page
1053 4820 1224 4898 suyvanta.
1243 4811 1251 4895 Ι
1277 4810 1347 4878 Par
1369 4811 1481 4878 Pierre
1509 4812 1604 4881 Viret.
1628 4810 1634 4895 Ι
1664 4827 1740 4882 Anae
1762 4840 1817 4880 ane
1834 4824 1949 4895 apeme
1976 4825 2009 4880 de
2035 4826 2124 4882 letan
2148 4825 2257 4887 &Ista
2276 4830 2281 4895 Ι

287 4918 442 4987 (Emblema
458 4919 540 4988 gladii
557 4918 672 4974 flammei
690 4936 750 4975 eum
767 4919 873 4989 adagim
898 4919 956 4976 sine
974 4921 1036 4978 loeo
1053 4938 1124 4979 anno
1142 4930 1171 4978 et
1187 4922 1380 4994 typographo.)
1514 4906 1516 4911 ⁸
2150 4909 2152 4911 ⁵

442 5010 532 5079 Sunt
552 5022 620 5081 tres
643 5015 722 5081 tomi
744 5015 869 5081 formae
890 5016 1076 5084 cotonarias
1097 5018 1234 5085 minoris
1254 5019 1490 5103 confinentque
1516 5024 1648 5102 praeter
1667 5015 1885 5102 typographi,
1907 5023 1988 5100 puta
2009 5014 2155 5095 Girardi,
2176 5018 2284 5083 moni·

288 5129 359 5188 tum
378 5134 411 5190 et
433 5122 770 5211 OalviniEpistolam,
790 5125 1018 5212 longissimam
1039 5129 1163 5194 autoris
1183 5130 1418 5214 praefationem
1439 5136 1474 5197 et
1493 5148 1552 5196 sex
1569 5126 1713 5212 dialogos
1733 5147 1873 5212 quarum
1893 5126 2056 5194 sariemin
2077 5127 2185 5194 fronte
2204 5147 2284 5212 apo-
