4748 5798
106 103 171 170 tto
932 90 1234 164 annuendam

105 288 203 369 bitio,
237 296 272 355 et
297 289 365 355 suis
389 286 558 353 blanditiis
583 284 755 372 Eutyches
781 285 955 351 delinierat
980 291 1020 349 ut
1045 283 1081 349 in
1132 304 1216 367 quae
1236 284 1272 350 in
1293 290 1478 350 nostrorum
1490 286 1515 368 1)
1537 283 1630 351 libris
1653 286 1841 351 testimonia
1857 287 2022 369 reperient
2042 285 2106 353 lec·

107 376 250 459 gratiam
271 374 420 441 scelerati
447 371 602 438 haeretici
629 379 742 438 sancto
767 372 838 437 viro
859 371 1018 437 Flaviano
1046 390 1081 436 se
1132 379 1228 436 tores.
1274 370 1348 438 Uno
1362 371 1472 455 igitur
1493 371 1673 454 Augustini
1696 379 1869 437 contentus
1892 371 2001 456 erest)
2033 373 2106 439 Nisi

106 461 304 543 opposuerit
348 459 421 525 Illic
442 455 619 541 approbata
640 457 703 522 fuit
723 457 896 541 Eutychus
921 457 1079 538 impietas.
1131 454 1294 538 quandam
1316 477 1429 522 earum
1451 476 1560 520 rerum
1582 476 1664 538 quas
1685 458 1830 541 figurant
1857 456 2106 523 similitudinem

107 544 352 623 Reclamarunt,
374 545 487 624 fateor,
507 543 564 626 qui
582 542 676 609 missi
706 542 836 607 fuerant
862 542 903 607 ab
931 542 1081 625 episeopo
1132 549 1285 625 gererent
1322 550 1540 619 sacramenta,
1576 562 1688 606 earum
1721 553 1923 608 sacramenta
1955 565 2023 608 non
2055 565 2106 608 es·

105 629 265 708 Romano,
288 628 346 695 sed
367 649 467 713 penes
488 649 586 712 quem
602 626 766 693 residebat
775 629 875 693 totius
885 625 962 692 inali
975 627 1079 710 culpa
1132 635 1215 692 seut.
1276 625 1465 692 Secundum
1511 627 1596 693 hane
1643 627 1891 693 similitudinem
1935 629 2031 711 panis
2070 631 2106 695 in

108 716 179 782 Neo
195 717 318 781 infitior
328 715 450 781 Leonis
468 714 606 797 epistola
622 714 723 780 fuisse
739 722 921 796 opportune
943 711 1079 790 adiutos,
1131 730 1224 778 sacra
1257 733 1358 778 coena
1384 711 1619 795 quodammodo
1656 732 1775 796 eorpus
1807 713 1930 780 Christi
1963 725 2030 793 est,
2072 722 2107 780 et

107 803 164 886 qui
184 812 298 885 postea
317 801 354 866 iu
365 800 622 866 Chalcedonensi
635 798 966 883 eoncilioEutyohem
988 795 1080 862 dam·
1132 798 1244 864 vinum
1267 796 1502 881 quodammodo
1527 799 1670 882 sanguis.
1715 798 1825 879 Quum
1847 799 2006 866 modestia
2026 821 2106 883 pras

106 897 240 953 narum.
283 887 410 952 Verum
430 885 605 969 praecipua
625 883 758 950 remedii
781 883 1000 968 lausCyrille,
1023 883 1080 966 qui
1131 884 1204 949 aliis
1231 884 1383 950 omnibus
1409 883 1600 949 excelluerit
1627 895 1759 950 sanetus
1789 884 1844 949 ille
1872 885 1939 965 vir,
1969 886 2106 954 minimo

106 973 256 1056 praefuit,
277 972 349 1037 iure
370 970 514 1037 debetur.
546 971 618 1035 Iam
641 992 700 1036 eur
720 969 846 1054 synodo
867 969 1079 1053 Aquileiensi,
1131 968 1265 1035 dubium
1287 979 1345 1049 est,
1367 991 1409 1034 ex
1431 978 1730 1051 receptueonsensu
1753 970 1784 1035 id
1798 971 1984 1052 sumpsisse.
2008 970 2106 1053 Quod

107 1078 189 1140 quae
216 1057 399 1142 praesidem
427 1057 543 1123 habuit
570 1055 794 1134 Ambrosium,
834 1077 900 1120 non
931 1055 1080 1120 interfuit
1131 1074 1209 1139 ergo
1231 1056 1301 1120 sine
1322 1056 1542 1121 controversia
1560 1077 1618 1138 per
1640 1076 1744 1121 annos
1762 1056 1852 1121 mille
1863 1057 2006 1140 amplexi
2028 1066 2106 1124 suut

105 1142 275 1209 Romarm
302 1144 480 1227 episeopus,
507 1142 561 1208 vel
591 1142 776 1224 quempiam
803 1142 893 1206 misit
920 1141 977 1224 qui
1003 1140 1079 1206 sub·
1131 1161 1245 1206 omnes
1272 1138 1393 1220 fideles,
1421 1138 1516 1206 hodie
1545 1141 1705 1207 docemus.
1754 1142 1820 1208 Ubi
1853 1164 1930 1226 ergo
1958 1142 2104 1224 defectio,

106 1229 263 1295 scriberet
282 1228 371 1294 sanis
382 1226 542 1294 decretis?
558 1228 582 1310 ¹)
624 1224 1078 1303 Periclitabaturrectafidos,
1131 1226 1223 1292 cuins
1245 1247 1304 1291 nos
1324 1225 1494 1292 insimulat
1504 1225 1660 1292 Gabriel?
1683 1226 1755 1291 Imo
1772 1236 1905 1313 apertae
1917 1228 1957 1293 ab
1969 1229 2106 1297 ecclesia

106 1335 207 1397 quum
230 1314 350 1380 multos
372 1335 432 1379 suo
453 1313 567 1379 delirio
595 1312 785 1378 fascinasset
805 1312 996 1377 Eunomius.
1040 1311 1079 1377 Si
1131 1310 1319 1378 defectionis
1339 1311 1542 1377 convincitur
1554 1323 1700 1395 papatus,
1722 1313 1779 1395 qui
1790 1311 2015 1379 detestandam
2027 1315 2105 1381 hae·

106 1400 143 1466 in
174 1401 326 1465 Romana
356 1399 432 1465 sede
470 1398 635 1464 stabilitur
670 1396 872 1483 synodorum
908 1397 1078 1473 autoritas,
1130 1398 1219 1462 resin
1248 1398 1288 1462 ab
1322 1399 1417 1462 annis
1448 1399 1636 1480 quingentis
1668 1398 1704 1463 in
1735 1400 1872 1464 concilio
1900 1401 2104 1467 Vercellensi

106 1486 260 1552 ecelesiae
280 1497 314 1551 et
335 1485 411 1550 fidei
434 1485 496 1551 luit
522 1484 667 1550 desertor
694 1492 803 1549 vester
823 1483 1078 1567 Apostolieus,²)
1130 1492 1241 1548 natam
1263 1482 1363 1548 stulte
1387 1482 1556 1566 amplexus
1577 1483 1738 1549 obstinate
1759 1493 1879 1551 tuetur.
1906 1485 2104 1570 Quanquam

105 1572 162 1655 qui
182 1572 304 1637 otiosus
324 1571 387 1635 fuit
408 1571 595 1637 certaminis
616 1576 787 1652 spectator.
1130 1579 1239 1634 autem
1266 1569 1307 1633 ab
1340 1590 1378 1633 eo
1412 1580 1558 1653 tempore
1590 1570 1700 1634 servili
1730 1582 1820 1634 metu
1848 1581 2023 1637 tacuerunt
2048 1575 2103 1656 qui

189 1658 241 1723 Ao
269 1656 309 1722 de
336 1657 448 1722 fictitio
475 1657 600 1722 Romae
626 1655 768 1738 primatu
801 1653 949 1739 pluribus
981 1674 1078 1736 agere
1129 1654 1284 1720 mediocri
1305 1654 1437 1739 ingenio
1462 1653 1599 1737 praediti
1622 1666 1725 1734 eraut,
1746 1656 1911 1740 colligitur
1928 1667 2042 1724 tamen
2063 1681 2103 1724 ex

105 1762 344 1825 supervacuum
365 1749 461 1819 esset,
486 1762 583 1825 quem
610 1741 732 1806 centies
759 1740 907 1805 dirutum
933 1746 1006 1819 [pag.
1026 1747 1078 1818 20]
1130 1760 1242 1804 eorum
1265 1739 1359 1806 dictis
1381 1761 1548 1823 nunqnam
1569 1741 1669 1806 fuisse
1691 1759 1872 1825 persuasos.
1923 1743 1995 1809 Nec
2016 1746 2102 1810 enim

104 1828 226 1894 fntstra
246 1828 337 1893 inani
356 1828 545 1912 linguarum
567 1847 701 1893 suarum
719 1828 800 1891 flatu
815 1826 931 1892 fulcire
948 1833 1078 1890 tentant
1130 1823 1313 1892 dissimulat
1332 1826 1506 1909 Scotus,⁸)
1528 1827 1671 1892 rationes
1698 1846 1811 1892 omues
1838 1829 1873 1892 in
1904 1832 2102 1895 contrariam

105 1913 293 1979 conductitii
316 1913 457 1979 rabulae.
501 1912 640 1977 Interim
660 1932 757 1994 quam
779 1913 874 1980 firma
895 1911 940 1978 sit
957 1910 1076 1977 Gabri-
1128 1919 1255 1993 partem
1286 1911 1413 1988 ducere,
1448 1911 1513 1976 nisi
1538 1912 1683 1977 obstaret
1710 1912 1837 1978 concilii
1865 1913 2102 1982 determinatio.

105 1998 166 2064 elis
189 1998 279 2077 fides,
309 1999 386 2065 hino
413 1997 587 2065 coniiciant
613 1996 760 2074 lectores,
788 1997 873 2080 quod
898 1997 1077 2063 christiana
1129 1997 1273 2062 Thomas
1294 2017 1373 2062 veru
1395 1998 1533 2080 argutiis
1555 1996 1704 2077 clabitur,
1733 2018 1814 2081 quas
1835 2020 1930 2064 nemo
1958 2021 2103 2085 uuquam

104 2083 168 2150 fide
185 2083 269 2150 nihil
285 2085 441 2150 incertius
458 2084 526 2149 fore
543 2082 717 2166 praedicat,
739 2083 967 2149 nisieeclesiae
983 2103 1076 2166 prae·
1128 2084 1280 2165 percepit.
1324 2081 1396 2146 Iam
1418 2082 1459 2147 de
1480 2081 1644 2165 palinodia
1660 2084 1864 2167 Berongarii,
1886 2107 1984 2168 quam
2005 2088 2104 2153 refert

104 2169 211 2235 sideat
231 2170 381 2235 Romana
401 2169 503 2236 sedes.
546 2170 659 2234 Etiam
682 2168 712 2233 si
728 2166 794 2233 tibi·
809 2167 939 2252 largiar,
961 2169 1075 2246 morio,
1129 2168 1318 2246 Gratianus,
1340 2189 1408 2233 non
1430 2166 1557 2234 dubitat
1574 2167 1681 2235 dicere
1693 2169 1830 2235 Glossae
1849 2180 1953 2250 autor,
1978 2173 2104 2254 pericu·

103 2254 190 2338 quod
210 2256 363 2320 frivolum
385 2276 454 2321 esse
475 2253 596 2337 liquido
610 2255 868 2338 cognosciturex
889 2260 1076 2319 nostrorum
1128 2254 1197 2318 lum
1229 2274 1299 2319 esse
1332 2275 1375 2318 ne
1408 2253 1561 2319 succedat
1588 2254 1733 2320 haeresis
1761 2253 1919 2335 deterior,
1948 2258 1984 2322 si·
2005 2260 2104 2323 verba

103 2340 205 2419 libris,
228 2340 388 2422 quidhoc
408 2349 517 2405 tamen
538 2339 579 2404 ad
606 2341 814 2424 tyrannicam
841 2359 944 2424 papae
973 2341 1075 2405 vestri
1127 2345 1200 2419 [pag.
1224 2345 1278 2419 22]
1306 2349 1478 2405 sumantur
1510 2349 1548 2405 ut
1579 2348 1704 2406 sonant.
1713 2342 1742 2422 ⁴)
1792 2339 1902 2422 Quid?
1935 2343 2104 2410 Confessio

104 2424 379 2492 dominationem?
406 2425 524 2491 Fuerit
533 2446 612 2490 sane
623 2426 731 2489 Roma
740 2425 950 2492 ecelesiarum
961 2433 1074 2503 mater,
1128 2425 1317 2490 aRomano
1339 2445 1423 2509 papa
1445 2425 1567 2491 dietata
1588 2424 1764 2492 deterrima
1786 2428 1849 2492 erit
1861 2428 2018 2509 haeresis,
2040 2429 2104 2495 nisi

125 2511 258 2577 uamdiu
279 2513 342 2577 fuit
367 2511 512 2578 eeclesia
555 2511 683 2576 Verum
710 2512 790 2577 scite
813 2510 981 2577 botherus
1009 2512 1075 2594 pri·
1127 2511 1297 2594 mitigetur
1325 2510 1504 2594 asperitas?
1549 2512 1603 2576 Eu
1628 2532 1726 2595 quam
1762 2512 1866 2578 bonos
1898 2516 2104 2597 antiquarius

103 2531 214 2682 deut)
242 2597 340 2675 dixit,
372 2596 468 2682 longe
500 2596 590 2662 aliud
622 2617 693 2662 esse
725 2597 909 2662 Romanam
942 2597 1075 2675 curiam,
1128 2596 1172 2661 sit
1206 2595 1350 2674 Gabriel,
1382 2596 1439 2679 qui
1470 2597 1532 2664 hoo
1568 2597 1663 2663 titulo
1695 2597 1782 2681 apud
1813 2620 1923 2664 rerum
1955 2603 2104 2666 omnium

102 2703 187 2765 quae
205 2683 241 2747 in
264 2685 446 2749 exstinctae
467 2683 622 2750 ecelesiae
642 2682 749 2749 lecum
770 2684 932 2749 successit.
964 2681 1076 2764 Quare
1126 2682 1297 2767 ignaros³)
1327 2680 1454 2748 sodales
1476 2702 1512 2748 ee
1535 2681 1698 2748 venditatl
1722 2684 1773 2749 Ne
1794 2692 1907 2750 tamen
1925 2685 2104 2770 prudentia

103 2767 189 2833 nihil
211 2778 243 2834 te
270 2768 441 2853 nugacius,
470 2769 526 2852 qui
547 2769 712 2835 Neronem
738 2776 774 2834 et
793 2767 994 2869 Caligulam,
1021 2766 1076 2832 vel
1128 2784 1267 2833 vaenum
1289 2789 1359 2835 esse
1381 2767 1504 2845 eredas,
1526 2768 1701 2852 allegoriae
1722 2769 1819 2852 pallio
1841 2791 1876 2835 se
1897 2771 2048 2850 involvit,
2071 2782 2104 2838 et

102 2852 363 2939 Heliogabalum,
385 2874 444 2938 pro
455 2853 566 2921 Curiis
582 2861 616 2920 et
625 2853 774 2920 Camillis
785 2862 820 2920 et
829 2852 1076 2937 Scipionibus⁴)
1127 2854 1188 2919 sub
1221 2853 1338 2921 umbra
1364 2854 1465 2920 turris
1492 2854 1595 2919 Babel
1626 2856 1673 2920 rei
1706 2855 1926 2939 cognitionem
1949 2858 2103 2923 ¹occultat

103 2940 196 3006 nobis
217 2939 373 3006 obtrudis.
1126 2938 1213 3004 Nam
1245 2939 1330 3022 quod
1357 2939 1435 3006 locis
1467 2940 1661 3023 quibusdam
1688 2942 1729 3007 ab
1756 2942 1855 3007 Eceio
1882 2948 1917 3007 et
1948 2949 2019 3007 tota
2045 2943 2104 3009 illa
2294 2988 2306 3010 .

188 3025 264 3092 Alio
295 3025 413 3091 deinde
443 3032 639 3110 argumento
672 3033 799 3110 pugnat
835 3024 984 3091 Gabriel:
1016 3046 1076 3091 nos
1127 3033 1267 3091 caterva¹
1290 3025 1397 3092 citatis
1432 3026 1593 3105 abutitur,
1631 3032 1669 3090 ut
1701 3028 2103 3095 transsubstantiationem
2285 3063 2303 3100 u

103 3110 144 3176 ab
171 3112 308 3178 ecelesia
338 3111 566 3179 discessionem
593 3112 716 3189 fecisse,
743 3112 820 3195 quia
847 3112 965 3178 misere
990 3110 1076 3177 inter
1126 3110 1331 3193 persuadeat,
1351 3110 1427 3176 nolo
1449 3111 1619 3177 refutando
1633 3133 1703 3178 rem
1720 3119 1826 3178 aetam
1848 3133 1953 3197 agere.
1989 3115 2103 3182 Cavil-

101 3217 162 3263 uos
193 3195 324 3264 dissecti
360 3199 471 3263 simus.
527 3197 666 3263 Dissidii
703 3196 892 3280 exemplum
924 3198 1076 3281 proponit
1126 3196 1213 3261 latur
1233 3197 1267 3260 in
1292 3217 1368 3263 voce
1390 3219 1465 3275 una,
1491 3218 1529 3263 ac
1550 3199 1579 3264 si
1601 3197 1689 3264 aliud
1717 3207 1802 3264 esset
1830 3200 1973 3282 antiquis
2000 3200 2103 3284 scrip·

101 3282 138 3347 in
163 3303 262 3349 sensu
288 3283 465 3350 verborum
492 3282 633 3349 Christi:
662 3303 744 3366 quas
773 3290 842 3348 tam
867 3291 980 3367 aperte
1004 3304 1075 3350 esse
1126 3282 1249 3347 toribus
1270 3284 1365 3366 panis
1383 3284 1521 3348 mutatio
1542 3284 1578 3348 in
1601 3304 1726 3368 corpus,
1749 3304 1848 3368 quam
1865 3286 1936 3350 fieri
1947 3287 2103 3369 spiritua·
2256 3332 2292 3348 -

101 3367 190 3448 uult,
224 3375 261 3434 ut
292 3390 352 3454 per
378 3370 469 3434 mille
495 3369 564 3434 fore
590 3390 694 3435 annos
716 3390 736 3434 a
759 3368 886 3434 Christi
935 3370 1073 3448 assions,
1125 3365 1190 3432 lem
1223 3366 1330 3433 eibum
1362 3391 1405 3433 ex
1436 3389 1501 3452 quo
1540 3377 1748 3435 consecratus
1781 3376 1844 3448 est,
1885 3391 1987 3453 quum
2027 3382 2102 3438 ante
2246 3405 2286 3451 ρ

102 3473 215 3532 nemo,
243 3456 453 3537 quantumvis
480 3454 673 3532 haereticus,
706 3454 746 3520 de
772 3452 839 3521 illis
865 3390 1073 3521 dubitaverit
1126 3451 1289 3518 duntaxat
1309 3460 1475 3519 terrenum
1486 3461 1521 3520 et
1537 3454 1748 3538 corruptibile
1759 3456 1885 3521 ventris
1907 3456 2101 3523 alimentum
2231 3493 2279 3539 st

101 3538 238 3622 Nempe,
257 3561 358 3623 quum
380 3563 422 3607 ex
443 3540 556 3605 inferis
576 3538 722 3605 nondum
745 3538 920 3623 prodiisset
940 3539 1074 3606 diaboli·
1125 3539 1216 3604 foret.
1240 3538 1415 3605 Concludit
1428 3539 1572 3619 Gabriel,
1595 3562 1661 3605 non
1684 3561 1756 3607 esse
1776 3540 2010 3625 ambigendum
2021 3546 2101 3627 quin
2218 3579 2273 3623 ῃ

102 3643 159 3690 aus
186 3633 296 3690 vester
322 3647 421 3692 error.
472 3626 597 3693 Multas
624 3625 775 3692 haereses
795 3626 951 3692 excitavit
970 3624 1074 3693 Satan
1125 3634 1256 3689 maneat
1275 3632 1405 3689 tantum
1427 3625 1551 3710 speeies
1573 3626 1666 3709 panis
1687 3628 1808 3710 absquo
1819 3627 2007 3694 substantia
2026 3638 2100 3713 post
2205 3650 2269 3709 :t
2315 3636 2319 3688 l

102 3729 162 3792 per
193 3710 282 3776 mille
314 3732 431 3778 annos:
464 3721 609 3778 vestram
639 3710 723 3777 hane
749 3712 785 3776 in
817 3712 886 3777 suis
913 3711 1074 3778 thesauris
1124 3711 1410 3776 consecrationem.
1476 3710 1589 3793 Quum
1627 3713 1792 3778 innumeri
1834 3712 1914 3791 loei,
1959 3735 2099 3797 quorum
2194 3749 2261 3794 n
2305 3742 2310 3814 5÷

102 3793 325 3861 absconditum
356 3797 514 3876 serravit,
548 3797 650 3864 donee
681 3797 723 3863 ad
754 3804 939 3862 extremum
972 3819 1076 3881 usqne
1126 3796 1305 3862 centesima
1324 3818 1401 3880 pars
1423 3796 1589 3862 fastidium
1613 3799 1772 3884 gigneret,
1800 3801 1963 3864 testentur
1992 3801 2100 3883 patres
2174 3830 2257 3880 Β,
2299 3869 2301 3877 ,

101 3878 244 3946 mundus
275 3881 444 3967 desiperet
500 3882 590 3965 Quid
621 3890 709 3950 esset
740 3882 1074 3963 transsubstantiatio,
1126 3902 1193 3947 non
1215 3881 1310 3948 aliter
1320 3883 1460 3949 sensisse
1469 3904 1569 3966 quam
1586 3904 1757 3949 remanere
1766 3883 1862 3967 panis
1873 3885 2099 3963 substantiam,
2157 3944 2192 3971 ,
2201 3919 2249 3977 ⁸,
2295 3882 2300 3942 l

101 3973 171 4030 tam
192 3964 292 4049 longa
312 3977 455 4035 aetatum
477 3970 562 4035 serie
581 3968 695 4035 fideles
716 3989 828 4034 omnes
843 3968 948 4034 latuit
993 3970 1074 4034 Ter-
1127 3968 1264 4050 siquam
1276 3976 1423 4034 veterum
1511 3970 1598 4033 'nam
1610 3977 1783 4053 gustasset,
1805 3970 1952 4036 venisset
1962 3972 1997 4036 in
2009 3993 2099 4036 men·
2146 4011 2244 4046 q.
2285 3992 2291 4069 ,³

102 4049 240 4116 tulliano
274 4055 366 4135 panis
399 4064 450 4120 est
484 4057 590 4139 figura
622 4054 766 4138 corporis
799 4053 935 4121 Christi.
944 4055 974 4138 ⁵)
1017 4053 1075 4121 Sic
1126 4061 1192 4117 tom
1220 4053 1347 4121 celebro
1373 3989 1599 4120 ittudllltum
1623 4051 1807 4139 Irenaei:⁶)
1835 4055 1927 4121 Duas
1948 4077 2003 4123 res
2030 4077 2098 4123 esse
2133 4083 2239 4133 ete
2278 4116 2281 4134 ,s

100 4137 307 4221 Augustinus
318 4138 469 4222 loquitur.
479 4142 508 4223 ⁶)
543 4140 632 4208 Alibi
651 4146 726 4220 [pag.
746 4145 799 4221 al]
817 4141 950 4224 signum
961 4147 1072 4207 vocat:
1124 4137 1158 4204 iu
1181 4138 1306 4205 Christi
1328 4159 1445 4217 mena,
1468 4148 1633 4206 terrenam
1655 4149 1688 4206 et
1715 4141 1935 4225 coelestem.⁷)
1979 4129 2026 4208 Et
2054 4153 2096 4221 tu,
2122 4170 2230 4231 211.
2274 4136 2280 4204 l

101 4221 185 4291 siout
206 4221 458 4309 chrysostomus
479 4234 514 4291 et
536 4226 680 4292 Basilius
698 4226 933 4310 antitypuml)
956 4226 1074 4310 Longa
1122 4223 1268 4303 latrator,
1301 4224 1467 4292 doetrinae
1494 4235 1625 4292 nostrae
1658 4247 1822 4310 opponere
1850 4226 1987 4293 audebis
2012 4249 2096 4293 mar·
2109 4257 2226 4296 -εκ
2265 4246 2271 4323 Γ

99 4307 231 4392 farrago
253 4307 394 4374 texenda
420 4310 513 4390 foret,
547 4311 575 4376 si
606 4313 727 4379 referre
753 4311 875 4378 vehem
900 4313 1075 4377 innumera
1124 4317 1238 4394 tyrum
1260 4311 1464 4395 sanguinem,
1486 4333 1584 4395 quem
1602 4311 1682 4378 adeo
1700 4320 1850 4396 proterve
1869 4313 2000 4380 calam?
2030 4315 2220 4382 Ire-z·
2259 4350 2263 4374 ³

101 4423 305 4433 m..—
2254 4375 2261 4449 l

121 4476 125 4485 ’
169 4461 197 4526 1)
217 4465 233 4518 a
250 4463 278 4517 la
295 4461 450 4518 confession
467 4463 501 4520 de
519 4464 566 4533 toy
582 4467 627 4533 qni
644 4465 684 4537 s’y
700 4465 740 4522 flt.
1003 4488 1005 4494 ¹
1193 4462 1222 4527 l)
1240 4464 1446 4588 de5n⁰⁸5gm
1518 4537 1524 4548 .
1571 4535 1587 4548 ..

168 4528 199 4592 2)
218 4531 243 4585 le
261 4547 332 4601 pepe
352 4529 460 4588 d’alors.
1192 4531 1222 4595 2)
1240 4531 1327 4655 ΕὲιεῐὋ
1380 4534 1440 4590 ‚sd
1458 4535 1631 4591 Bondacrum.

169 4597 200 4659 8)
218 4599 237 4653 il
254 4616 272 4666 y
289 4616 306 4654 a
322 4600 398 4655 dosia
414 4606 503 4656 trente
521 4600 562 4655 sir
579 4616 635 4657 ana
679 4610 682 4617 ’
1190 4599 1222 4665 8)
1240 4600 1258 4654 1’
1284 4608 1353 4657 scot
2235 4617 2242 4703 p

169 4666 200 4735 t)
217 4684 288 4748 pour
309 4668 350 4750 les
372 4669 566 4751 bonsaneiens
589 4669 623 4724 de
640 4669 723 4727 Βοωε
747 4679 776 4728 et
797 4677 968 4742 protecteurs
990 4669 1024 4726 de
1045 4671 1073 4726 la
1190 4667 1222 4733 4)
1241 4669 1305 4739 cap.
1324 4671 1383 4740 ligo
1401 4670 1532 4752 Boranga
1550 4670 1584 4753 de
1603 4671 1814 4741 connectione,
1833 4670 1952 4727 distinct
1969 4671 1995 4727 9.
2232 4710 2235 4716 ,

100 4736 205 4867 burg,
218 4752 332 4859 Ιῡῦιιρέυ
345 4738 509 4862 ’doniam
598 4804 604 4819 .
1190 4736 1220 4803 b)
1237 4740 1285 4820 qui
1301 4738 1468 4862 ιιὲοιιίνξηιιι
1483 4740 1759 4865 ramarsppnnfihfflet.
1785 4740 1808 4794 ll
1826 4740 1872 4863 Ἓξ
1890 4743 1993 4797 seereit
2014 4742 2173 4797 beau-22
2225 4736 2232 4828 l

164 4871 197 4934 dl
214 4821 662 4944 Aldgdslilrudeonffidlcdnadlum
683 4873 751 4930 libro
761 4875 803 4931 12.
818 4873 1070 4932 luminanda&
1122 4823 1299 4941 wupblmietlbx.
1314 4824 1350 4931 4.θ
1357 4823 1553 4946 ωῗοδὲῗω
1644 4825 1662 4878 q
1727 4823 1815 4864 em
1870 4823 1944 4865 m
2213 4858 2223 4957 l

134 5007 141 5022 .
169 4937 200 5008 7)
217 4957 270 4998 une
295 4945 511 5012 representation
537 4957 641 5000 comme
662 4916 691 4998 la
711 4942 797 5014 figure
819 4945 855 4999 do
876 4945 937 5000 eoin
958 4951 1002 5009 est
1023 4945 1071 5000 in-
1188 4941 1219 5013 i)
1235 4944 1306 5026 l'une
1328 4952 1456 5001 amatre
1478 4945 1524 5013 qui
1547 4952 1590 5001 est
1611 4945 1638 4999 le
1660 4947 1731 5016 pain,
1748 4944 1851 5015 ,l'eutre
1869 4945 1972 5004 celeste
1991 4947 2037 5016 qui
2052 4946 2138 5001 eti
2212 4957 2214 4977 ³

98 5009 201 5076 prinde
218 5011 236 5067 t
251 5010 280 5066 ls
295 5028 438 5085 monnoye.
1120 5011 1197 5070 lesus
1214 5013 1311 5069 chose
1482 5044 1485 5052 =

2245 4491 2252 4575 5
