4776 5844
154 245 213 340 aar
826 247 891 313 su
914 246 1183 323 ranuncula
1205 248 1488 319 GALUMNIAS.
1893 208 1896 215 ’
2098 259 2170 341 aaa·

155 434 239 499 ciam
266 436 387 500 erroris
418 434 561 502 Satanae
589 436 682 517 darc,
712 445 750 503 ut
777 438 934 520 reprobos
962 438 1027 503 bue
1055 438 1133 523 illue
1269 440 1451 524 Postquam
1470 463 1551 507 vero
1568 441 1621 522 ¹nd
1643 442 1829 509 satietatem
1856 465 1962 528 usque
1982 445 2164 513 bacchatus
2194 431 2198 438 ’

154 518 313 602 impellat,
337 522 421 586 sicut
437 521 564 587 Paulus
582 522 727 605 loquitur
743 521 776 608 (2
797 522 910 590 'l'hess
930 528 1046 608 2,·ll).
1079 525 1133 590 Ita
1184 534 1234 589 est
1260 525 1296 590 in
1322 528 1461 608 optimos
1493 530 1602 607 viros,
1631 528 1763 612 linguas
1789 530 1855 596 illis
1887 529 2032 598 abscindi
2063 530 2164 611 iubet,

155 607 252 679 etiam
273 607 338 672 Dei
360 607 514 675 mandato
536 608 703 692 egreditur
724 608 844 689 Satan,
874 618 919 688 ut,
933 611 977 676 sit
998 611 1132 694 spiritus
1183 610 1397 695 Vulcanoque
1418 635 1473 678 eos
1495 614 1651 699 devovet
1697 613 1789 695 Quid
1809 617 1838 681 si
1859 627 1970 680 autem
1992 626 2164 699 tantopere
2217 642 2220 646 ·

154 692 297 776 mendax
320 694 354 757 in
377 715 432 758 ore
454 693 600 759 omnium
627 696 861 779 prophetarum
890 696 931 761 ad
953 696 1132 764 fallendum
1184 697 1325 762 Oalvino
1351 699 1397 766 sit
1424 700 1572 770 infensus
1599 701 1634 765 iu
1663 698 1797 766 Servati
1824 701 1991 785 gratiam?
2026 703 2164 786 etquis

153 777 270 844 Achab
305 782 337 859 (1
359 779 441 863 ch.
462 783 512 859 22,
532 784 597 858 22).
653 780 829 848 Caeterum
863 781 917 849 hic
952 785 1132 866 scripturae
1183 791 1323 849 mortem
1345 786 1421 857 socii
1444 783 1540 864 dolet,
1564 806 1625 851 uec
1647 786 1744 852 aliter
1765 795 1872 870 potest
1889 788 2011 866 ulcisci,
2032 796 2165 870 superat

153 864 342 929 testimonia
363 885 539 948 congerere
560 867 762 950 propositum
791 889 858 933 non
878 877 943 934 est:
978 869 1036 935 sed
1058 877 1132 934 tan-
1184 889 1297 935 omnes
1329 871 1498 938 carnifices
1531 871 1695 938 sativitia¹
1739 871 1782 936 In
1823 872 1945 955 duplici
1981 873 2163 953 voluntate,

153 957 225 1015 tum
245 950 389 1026 breviter
412 951 571 1027 iudicare,
602 974 698 1036 quam
727 964 936 1038 praepostere
955 953 1008 1020 hic
1030 955 1132 1021 latra-
1184 976 1283 1038 quam
1304 956 1376 1020 Deo
1397 967 1473 1040 post
1494 959 1718 1041 Augustinum
1747 967 1782 1022 et
1809 958 1891 1023 alios
1919 960 2000 1040 pios.
2016 959 2165 1027 doctores

153 1044 205 1100 tor
233 1045 345 1102 contra
378 1037 528 1104 innoxios
556 1040 741 1105 invehatur.
797 1039 984 1120 Quomodo,
1016 1043 1131 1124 inquit,
1184 1039 1302 1106 tribuit
1313 1040 1482 1120 Calvinus,
1504 1042 1609 1110 bonus
1631 1063 1747 1112 censor
1769 1043 1848 1109 dicit
1858 1066 1893 1109 se
1915 1044 2124 1129 battologiam
2138 1047 2163 1127 ¹)

152 1124 361 1206 cognoscitur
380 1123 480 1188 homo
502 1123 618 1202 malus,
641 1125 839 1192 nisimalum
857 1125 1006 1211 agendo?
1040 1127 1133 1194 Deus
1184 1127 1306 1192 mirari.
1335 1126 1418 1208 Quis
1430 1150 1496 1193 non
1508 1138 1601 1211 putet
1611 1127 2018 1205 doctumessehominem,
2033 1130 2165 1213 quando

151 1229 241 1292 ergo,
264 1210 292 1274 si
314 1210 438 1274 malum
461 1211 566 1291 iaciat,
594 1211 702 1297 malus
723 1213 794 1277 crit
846 1212 951 1293 Quasi
972 1235 1049 1279 vero
1073 1237 1133 1280 nos
1184 1212 1377 1297 battologias
1399 1235 1532 1296 crepare
1553 1214 1683 1298 potest?
1718 1215 1819 1297 Atqui
1844 1228 1911 1281 tam
1931 1216 2045 1298 putida
2066 1217 2165 1284 affec·

151 1295 288 1360 occultis
320 1295 383 1361 Dei
416 1295 545 1360 iudiciis
575 1297 758 1381 tribuentes
791 1298 949 1381 quidquid
982 1298 1132 1366 licentiae
1184 1298 1265 1363 tatio
1287 1299 1369 1365 satis
1390 1299 1542 1378 ostendit,
1566 1322 1630 1365 non
1653 1299 1718 1365 alio
1739 1301 2022 1382 quamvenandae
2044 1302 2165 1384 glorio·

152 1379 298 1446 Satanae
320 1382 495 1463 permittit,
521 1383 631 1468 ipsum
654 1381 801 1450 dicamus
823 1386 946 1468 peccati
969 1394 1130 1451 autorem:
1183 1383 1235 1449 lae
1257 1384 1365 1450 studio
1385 1388 1434 1452 sic
1453 1407 1529 1451 euin
1551 1385 1737 1453 balbutire..
1768 1385 1871 1452 Addit
1893 1400 2006 1469 postea
2027 1385 2164 1455 distinc-

151 1488 188 1531 ae
211 1486 278 1530 non
299 1467 406 1549 potius
424 1478 537 1550 aperte
560 1477 719 1534 testemur
735 1469 955 1553 ¹omniculpae
977 1471 1132 1537 societate
1183 1471 1308 1534 tionem
1330 1470 1415 1537 hanc
1438 1471 1572 1537 anobis
1594 1472 1695 1548 luisse
1716 1474 1950 1556 excogitatam,
1968 1475 2056 1555 ·quia
2083 1474 2166 1540 alias

151 1575 224 1635 esse
243 1553 514 1618 remotissimum:
533 1555 614 1636 ,quia
633 1577 697 1619 non
721 1557 782 1622 nisi
806 1557 892 1621 iuste
914 1567 948 1622 et
970 1566 1058 1624 recte
1078 1580 1130 1622 re·
1183 1567 1294 1638 aperto
1322 1558 1356 1621 in
1385 1559 1495 1622 Deum
1523 1557 1752 1640 blasphemare
1780 1558 1976 1641 deprehensi
2008 1580 2165 1627 essemus.

151 1637 272 1720 probos
293 1651 445 1709 excaecat
467 1651 500 1704 et
522 1639 663 1705 indurat.
698 1640 765 1708 Sed
784 1641 907 1719 cadoni,
928 1642 1044 1724 iuquit,
1068 1644 1132 1708 erit
1182 1640 1292 1722 Ipsius
1315 1663 1392 1707 vero
1414 1652 1525 1726 aperto
1547 1643 1600 1707 vel
1621 1644 1656 1707 in
1686 1663 1751 1708 uno
1775 1643 1836 1710 hoo
1859 1645 1957 1708 verbo
1980 1645 2164 1728 deprehen·

149 1725 216 1789 Dei
245 1737 279 1788 et
307 1720 425 1790 diaboli
450 1725 615 1811 voluntas.
665 1727 821 1811 Longum
850 1750 921 1793 osse
946 1728 1135 1802 discrimen
1183 1727 1272 1792 ditur
1294 1728 1486 1812 phrenetica
1508 1729 1662 1804 amentia,
1685 1729 1743 1811 qui
1759 1750 1795 1795 se
1816 1729 1882 1794 iani
1901 1731 1998 1810 toties
2017 1737 2089 1808 [pag.
2112 1737 2164 1810 17]

144 1810 292 1876 antehac
311 1815 384 1890 [pag.
394 1817 451 1891 Ι14]
470 1811 612 1877 ostendi:
636 1815 712 1896 quia
733 1814 795 1878 etsi
817 1813 904 1878 idem
927 1816 1039 1891 velint,
1062 1835 1132 1886 non
1182 1821 1312 1896 apertas
1336 1814 1554 1898 blasphemias
1575 1814 1764 1881 hominibus
1785 1816 1929 1881 innoxiis
1950 1816 2166 1898 exprobrasse

142 1904 263 1961 tumen
289 1896 402 1961 eodeni
436 1897 540 1962 modo.
593 1898 676 1979 Quia
704 1899 793 1964 enini
827 1910 925 1982 negot
955 1901 1128 1983 impiorum
1182 1920 1248 1964 non
1275 1901 1434 1966 meminit.
1487 1901 1695 1983 Ambiguane
1722 1900 1930 1982 blasphemia
1950 1902 2025 1978 fuit,
2055 1902 2165 1968 Deum

139 1982 332 2060 interitum,
356 2004 544 2067 quanquam
567 2007 587 2049 a
611 1986 681 2067 Deo
704 1983 867 2067 procedat,
891 1984 1052 2052 Satanam
1071 2008 1129 2054 eu·
1182 1985 1432 2073 facerepecoati
1457 1995 1615 2063 autorem,
1639 1996 1818 2069 peceatum.
1833 1985 1935 2062 velle,
1963 1987 2003 2050 ud
2028 2007 2166 2069 peccan-

141 2068 226 2154 pidc
257 2067 433 2151 appetere?
489 2067 555 2135 Sed
584 2070 649 2150 alia
675 2079 727 2135 est
754 2071 870 2136 iudicis
900 2073 998 2150 ratio,
1016 2093 1129 2156 -quaiu
1182 2069 1261 2136 dum
1283 2071 1462 2153 impellere,
1491 2072 1585 2154 quasi
1608 2082 1747 2140 naturae
1769 2093 1848 2137 suae
1871 2073 2089 2148 renunciaret,
2113 2094 2166 2139 se·

135 2154 255 2219 bustis
275 2154 399 2219 meram
422 2154 649 2229 crudelitatem
671 2157 838 2239 spirantis,
889 2156 979 2223 Deus
1001 2159 1129 2223 Ieroso·
1182 2179 1248 2239 quo
1264 2170 1414 2238 pasceret
1435 2170 1533 2240 atque
1542 2157 1722 2226 oblectaret
1732 2157 1938 2223 sacularibus?
1972 2157 2065 2224 Haeo
2076 2167 2166 2240 post·

135 2240 275 2326 lymuni
289 2240 437 2306 exscindi
451 2241 567 2306 voluit:
586 2264 705 2326 nempe
717 2243 821 2309 voluit
831 2252 865 2308 et
875 2241 1128 2325 SatansQuan·
1181 2263 1277 2326 quam
1300 2252 1459 2326 proterve.
1474 2244 1627 2320 evomuit,
1657 2265 1747 2313 nuno
1767 2245 1859 2326 quasi
1883 2243 1935 2308 sui
1956 2243 2088 2320 oblitus,
2112 2243 2164 2311 di·

134 2348 249 2411 quam
284 2325 407 2392 nodum
441 2327 529 2393 liunc
560 2329 670 2394 vorbis
704 2329 882 2412 Augustini
915 2352 1014 2411 quain
1047 2332 1128 2395 meis
1181 2329 1225 2393 cit
1246 2350 1305 2395 nos
1327 2337 1439 2413 tegere
1461 2329 1568 2412 aliquo
1591 2329 1698 2395 coloro
1709 2328 1939 2410 blasphemias,
1964 2351 2004 2393 ne
2015 2343 2159 2411 pateant

131 2412 394 2490 malosolvero,
418 2414 529 2496 quiin
554 2413 1040 2489 EnohiridioadLaurentium
1059 2437 1127 2498 cap.
1180 2413 1370 2484 Videndum
1389 2424 1501 2481 temen
1520 2413 1651 2497 quidod
1672 2415 1901 2480 refutationem
1914 2414 2039 2479 afferat,
2073 2417 2161 2481 Cau·

142 2505 209 2564 101
242 2499 330 2564 clarc
365 2498 495 2566 disserit
526 2497 686 2582 quomodo
721 2500 800 2575 velit
831 2500 928 2568 homo
960 2501 1128 2575 voluntate
1180 2507 1272 2565 satur
1292 2500 1353 2566 hoc
1370 2500 1466 2566 modo
1478 2501 1578 2571 tribui
1588 2502 1660 2566 Deo
1677 2501 1941 2579 inconstantiam,
1963 2498 2050 2583 quod
2071 2501 2161 2567 aliud

127 2585 252 2663 mala,
283 2585 368 2669 quod
391 2586 484 2650 Deus
505 2585 580 2650 vult
600 2587 700 2652 bona:
729 2586 831 2651 veluti
855 2587 884 2651 si
912 2587 1020 2652 malus
1041 2588 1128 2654 filius
1180 2585 1281 2664 dicat,
1314 2587 1403 2660 aliud
1435 2587 1571 2671 cogitet,
1600 2597 1716 2654 contra
1742 2585 1925 2669 scripturae
1950 2588 2160 2652 testimonia:

125 2670 232 2738 velit
254 2684 381 2754 patrem
402 2671 496 2747 mori,
520 2681 553 2736 ct
571 2671 632 2737 lioc
642 2671 729 2738 idem
751 2671 947 2739 velitDeus:
968 2672 1129 2756 quomodo
1178 2671 1251 2756 Ego
1278 2692 1351 2737 sum
1373 2673 1479 2750 Deus,
1508 2681 1542 2736 et
1568 2692 1635 2738 nen
1662 2682 1773 2739 mittor
1801 2671 1895 2755 (Mal.
1914 2676 1944 2749 3,
1964 2674 2008 2751 6).
2058 2672 2162 2738 Item:

125 2758 293 2840 (lenique
314 2779 373 2841 per
394 2757 513 2840 impias
535 2756 706 2824 hominum
728 2756 922 2841 cupiditates
934 2780 1032 2842 saepe
1042 2760 1127 2842 quod
1179 2757 1278 2841 Apud
1301 2758 1410 2836 Deum
1434 2779 1505 2847 non
1527 2773 1578 2826 est
1599 2761 1830 2825 transmutatio
1858 2757 1942 2835 (leo.
1966 2763 1993 2835 l,
2018 2763 2079 2839 17).

122 2844 298 2912 decrevit
308 2843 464 2925 perficiat,
486 2844 591 2926 magis
607 2864 705 2927 quam
724 2865 783 2926 per
799 2865 970 2913 servorum
993 2866 1129 2911 suorum
1253 2845 1369 2927 ,Atqui
1392 2865 1456 2911 non
1478 2845 1601 2928 cogitat
1626 2843 1699 2926 ipse
1720 2865 1786 2908 non
1809 2842 1987 2909 Calvinum
2008 2842 2105 2909 modo
2127 2853 2170 2909 ot-

120 2926 255 3002 bonas
276 2929 474 3011 voluntates.
518 2927 556 2994 Si
579 2928 729 2995 diversus
742 2930 827 2997 ,finis
846 2951 911 2997 non
934 2930 1043 2997 obstat
1064 2952 1128 3014 quo
1179 2929 1304 2996 similes
1325 2930 1438 3013 impeti
1460 2930 1522 2998 bac
1542 2930 1714 3005 calumnia,
1735 2928 1934 3027 seddlosem
1955 2929 2079 3011 ipsum:
2099 2931 2160 3013 qui

118 3017 264 3097 lirinus
291 3014 476 3083 eedcmsit
504 3014 671 3094 voluntas,
700 3031 811 3080 nonne
838 3025 1019 3097 praestaret
1040 3016 1129 3082 huuc
1179 3014 1285 3100 legem
1318 3016 1519 3099 promulgari
1554 3015 1666 3085 dicens
1686 3013 1827 3081 ludaeis
1859 3023 1894 3081 et
1926 3035 2039 3079 eorum
2072 3015 2159 3094 filiis,

113 3100 211 3168 liei
242 3109 416 3184 patronum
444 3101 490 3177 in¹
508 3099 771 3183 profundissimis
787 3101 922 3179 inferis.
940 3102 1127 3170 demersum
1179 3101 1252 3168 Deo
1273 3101 1433 3185 relinquit
1459 3100 1650 3172 abscondita
1663 3099 1819 3171 consilis.
1871 3097 2069 3181 Quanquam
2089 3122 2159 3197 non

115 3209 230 3266 esse,
255 3208 353 3269 quam
375 3183 502 3263 foetidis
530 3187 597 3252 suis
619 3186 745 3253 cavillis
767 3208 946 3271 conspuere
965 3189 1036 3254 eius
1058 3211 1128 3254 nia-
1180 3188 1311 3261 difficile
1343 3190 1408 3261 erit
1438 3209 1511 3259 eam
1541 3186 1684 3257 diluere:
1720 3185 1798 3267 quia
1829 3186 1921 3250 Deus
1955 3185 2159 3268 praecipiens

113 3270 327 3342 iestatem?
715 3346 718 3351 g
776 3346 781 3350 .
938 3331 939 3335 ,
1180 3271 1268 3356 quod
1293 3284 1420 3343 rectum
1446 3284 1512 3349 est,
1543 3270 1725 3353 veroquid
1754 3271 1817 3336 sibi
1845 3270 1972 3353 placeat
2002 3280 2171 3336 testaturz·

236 3359 285 3424 Et
307 3369 417 3423 tamen
444 3357 611 3424 criminari
636 3380 695 3424 iios
714 3359 829 3437 audet,
856 3379 1038 3441 quam‘oro,
1054 3362 1129 3438 [pag.
1180 3380 1240 3424 nec
1263 3380 1339 3424 vero
1362 3363 1436 3437 [pig.
1458 3364 1509 3437 18]
1531 3357 1621 3432 aliud
1643 3356 1817 3427 consiliunt
1839 3355 1989 3431 occultat,
2012 3377 2078 3438 quo
2093 3357 2159 3421 ini·

121 3453 200 3528 15]
228 3446 422 3530 profitemur
444 3442 508 3509 Dei
529 3444 704 3523 iustitiam„
727 3446 836 3509 animo
852 3465 994 3528 negare:
1026 3466 1128 3527 quum
1179 3446 1344 3527 quitatem,
1368 3463 1467 3526 quam
1489 3441 1576 3527 apud
1597 3443 1748 3515 homiues
1769 3441 2024 3524 danmatapud
2047 3463 2082 3505 se
2105 3443 2171 3508 viil¹

108 3540 181 3600 ne
197 3529 454 3614 vipsequidem,
481 3529 660 3612 quamlibet
687 3531 822 3598 effraeni
851 3531 898 3603 sit¹
915 3530 1127 3612 impudentia,
1179 3545 1275 3607 amet,
1298 3529 1352 3605 vel
1374 3529 1544 3598 absolvere
1564 3528 1657 3595 velit:
1681 3526 2080 3598 sedmiiabiliteriudicia
2098 3549 2159 3593 sua

106 3610 274 3703 negare
296 3617 383 3682 ausit
404 3617 490 3680 vitae
512 3616 700 3699 integritati
716 3618 877 3693 exanimo
895 3612 1026 3691 studere
1047 3638 1128 3698 quos
1179 3627 1319 3694 exercet,
1342 3625 1380 3680 ut
1400 3637 1459 3698 pro
1481 3637 1543 3686 sua
1563 3613 1979 3694 inaestimabili-sapientia
1996 3624 2029 3678 ct
2045 3616 2161 3696 aequi-¹

107 3712 335 3791 oppugnat:
363 3703 432 3786 ipse
459 3723 539 3767 veru
565 3702 626 3781 sibi
648 3702 790 3785 ,perinde
815 3702 1000 3787 indulgeat,
1034 3722 1082 3766 uo.
1099 3703 1128 3768 si
1180 3713 1246 3767 tate
1278 3699 1472 3775 iubenum
1500 3704 1600 3766 finem
1617 3699 1756 3783 ,dirigat
1788 3709 1886 3780 atquc
1918 3698 2047 3764 ordinet
2074 3709 2166 3782 quae

104 3791 263 3858 nullus
285 3786 413 3854 sederet
434 3788 468 3852 iu
491 3787 578 3853 coelo
600 3788 710 3854 iudex.
753 3790 884 3867 Utrum,
907 3810 1036 3870 quaeso,
1056 3810 1129 3871 pro·
1180 3787 1266 3862 mala
1295 3801 1381 3852 sunt
1431 3787 1544 3869 Neque
1572 3787 1660 3851 enim
1688 3785 1825 3855 ndum
1843 3806 1900 3866 per
1926 3806 1976 3861 se,
2006 3784 2068 3850 hoc
2096 3799 2160 3864 est,

104 3876 293 3945 habilius
314 3886 364 3940 ost
385 3861 523 3939 ludibrio
543 3873 637 3939 intus
658 3874 771 3941 haberi
792 3874 856 3939 Dei
878 3874 1048 3951 iustitiam,
1071 3875 1127 3940 ubi
1179 3883 1339 3956 quatenus
1358 3873 1484 3944 malum
1507 3884 1565 3949 est,
1588 3869 1972 3940 DeumvelleOalvinus
1988 3871 2158 3939 concedet:

104 3961 396 4048 vigetpietatis
417 3968 612 4041 sanctaeque
630 3959 717 4026 vitae
733 3960 892 4030 studium:
916 3981 959 4025 an
976 3981 1055 4036 tero
1072 3961 1126 4037 ubi
1167 3959 1235 4033 ,sed
1269 3959 1304 4024 in
1338 3958 1508 4030 hominnm
1541 3957 1718 4025 sceleribus
1750 3955 1913 4038 refulgere
1936 3955 2000 4020 Dei
2026 3956 2157 4036 iudicia,

106 4047 286 4133 flagitiis
309 4045 405 4111 datur
426 4045 534 4110 omnis
555 4045 706 4111 licentia?
751 4047 837 4111 Nam
855 4046 961 4119 bonus
979 4045 1033 4111 hic
1052 4068 1126 4112 oen·
1179 4046 1343 4127 sicutper
1363 4046 1505 4118 incestos
1522 4041 1712 4115 concubitus
1735 4042 1881 4107 Absalon
1902 4041 2043 4140 Doridis
2065 4043 2159 4108 adul-

107 4158 204 4207 εον
227 4131 311 4197 nihil
333 4132 425 4214 peius
446 4132 480 4197 in
503 4130 641 4197 Calvino
666 4143 706 4203 et
726 4132 887 4210 similibus
915 4131 1011 4210 odii,
1028 4152 1127 4213 quani
1179 4132 1298 4200 terium
1330 4130 1471 4213 punivit.
1528 4131 1619 4195 Deus
1651 4149 1730 4211 ergo
1755 4126 1848 4192 Adae
1881 4147 2083 4210 praecipiens
2115 4149 2160 4194 ne

103 4219 360 4296 immodicum
379 4215 570 4302 disciplinae
585 4217 750 4300 rigorem„
779 4215 1004 4298 Quantumvis
1019 4229 1148 4285 autem
1180 4226 1329 4300 gustaret
1350 4215 1390 4285 de
1411 4216 1526 4283 arbore
1553 4214 1709 4281 scientiae
1729 4213 1805 4280 boni
1828 4213 1981 4288 stimuli,
2004 4213 2158 4279 obedien·

111 4303 296 4382 insulsus
330 4304 374 4370 sit
402 4326 440 4370 ac
471 4301 654 4379 barbarus,
674 4303 809 4383 facetias
836 4299 947 4368 tamen
974 4304 1140 4370 scurriles·
1180 4305 1259 4369 tiam
1281 4301 1557 4388 quamprobabat
1577 4301 1695 4383 exegit
1744 4299 1878 4367 Interes
1903 4296 1980 4381 quid
1995 4301 2172 4379 ‘loturum'

116 4391 298 4468 accersit,
316 4384 477 4474 quaerens
488 4401 561 4454 uter
579 4389 849 4460 malueriicdam
870 4408 1014 4471 peccare,
1033 4390 1136 4458 Deus,
1177 4399 1264 4456 essct
1281 4409 1350 4453 non
1366 4387 1462 4456 inodo
1483 4386 1667 4471 praescivit,
1685 4382 1861 4451 sed-otiam
1874 4384 2027 4484 decrevit
2059 4383 2157 4483 Quod

121 4473 204 4551 aii
221 4474 339 4544 Satan:
368 4476 460 4559 qnasi
487 4476 604 4546 iocose,
617 4473 657 4540 de
671 4476 778 4541 tantis
805 4475 970 4559 mysteriis
992 4477 1133 4559 garrire,
1179 4476 1208 4540 si
1227 4496 1383 4558 ,asperum
1411 4467 1546 4544 videtur
1574 4470 1763 4542 delicatulov
1780 4492 1924 4546 censori,
1957 4490 2031 4567 non.
2048 4488 2174 4550 sapori·¹

126 4571 222 4632 imo
238 4571 391 4647 proterve
414 4560 535 4647 latrare
563 4561 626 4637 sibi
649 4562 841 4644 permittant
862 4561 906 4642 pii
929 4569 962 4627 ct
984 4560 1127 4646 religiosi
1180 4559 1358 4636 doctrinae,
1387 4559 1444 4631 sed
1467 4557 1650 4631 morositati
1670 4576 1753 4622 suae
1772 4556 1829 4625 vel
1856 4554 1985 4621 fastidio
2006 4565 2156 4656 imputet

129 4646 311 4728 homines,
335 4647 392 4732 qui
414 4648 492 4712 dnm
513 4647 659 4729 fatentur
681 4670 745 4726 non
758 4647 967 4730 sinoarcana
976 4646 1044 4723 Dei
1053 4671 1127 4731 pro-
1144 4697 1148 4707 .
1178 4645 1274 4728 Quod
1295 4646 1384 4717 enim
1407 4646 1584 4722 verborum
1600 4663 1737 4728 suorum
1751 4641 1905 4724 pondere.
1917 4654 2079 4737 tauquam¹
2092 4642 2174 4717 raa,

134 4724 300 4815 videntia
331 4733 462 4817 lapsum
494 4733 595 4815 fuisse
623 4731 746 4814 Adam,
780 4733 902 4799 iustum
936 4743 970 4806 et
1001 4747 1136 4820 rectum,
1178 4753 1234 4803 reo
1249 4731 1379 4804 ,malleo
1404 4733 1540 4815 infigere
1569 4729 1642 4795 vult
1664 4729 1814 4827 omnium
1835 4724 2177 4800 cordibusuurcam·

137 4811 221 4879 eius
243 4815 379 4886 'consilii
407 4820 505 4885 finem
532 4841 598 4885 non
623 4817 777 4899 dubitant
802 4819 911 4892 fuisse
961 4817 1028 4887 Sed
1051 4820 1148 4902 quia,
1177 4817 1336 4885 osso-‚Dei
1358 4815 1560 4903 veluntatem
1589 4835 1687 4899 quani
1715 4815 1809 4881 nobis
1837 4834 1896 4895 per
1923 4810 2100 4894 prophotas
2122 4817 2158 4910 ab

137 4890 339 4973 flbseendi'ia
356 4914 407 4972 est
422 4905 515 4986 ratio,
538 4905 607 4971 eius
627 4905 858 4982 revelationem
876 4904 982 4980 sobrie
993 4924 1126 4986 exspoc-
1179 4902 1447 4981 Christumleaa
1469 4907 1526 4982 le}
1542 4901 1710 4992 patelacit,
1724 4920 1785 4968 sua
1801 4899 1983 4964 racanato·
1995 4896 2160 4989 Augusti·

139 4979 239 5065 tant,
272 4997 346 5071 [pag.
369 4996 421 5071 16]
447 5012 510 5074 quo
539 4990 590 5056 die
614 4992 694 5056 facie
722 4989 764 5055 ad
796 4990 911 5056 faciem
946 4988 1127 5055 videbimus

140 5052 271 5154 Ῑῖΰῑιιη,
294 5098 391 5161 quem
415 5097 504 5143 nunc
525 5078 659 5143 obscure
682 5077 771 5141 etin
792 5077 978 5162 aenigmate
1000 5075 1128 5158 conspi-

141 5155 265 5228 ulmus,
641 5214 644 5225 .
808 5228 826 5247 ‚i
922 5229 942 5247 Α,
966 5240 970 5248 ,
1071 5233 1074 5241 Δ
1250 5175 1279 5239 1)
1298 5175 1447 5247 battologie
1466 5191 1502 5230 on
1519 5175 1605 5231 redita
1622 5174 1748 5234 videare.
1778 5207 1781 5225 .
1876 5187 1946 5307 il.

1916 5270 1924 5308 l
