<?xml version="1.0" encoding="UTF-8"?>
<!DOCTYPE html PUBLIC "-//W3C//DTD XHTML 1.0 Transitional//EN"
    "http://www.w3.org/TR/xhtml1/DTD/xhtml1-transitional.dtd">
<html xmlns="http://www.w3.org/1999/xhtml" xml:lang="en" lang="en">
 <head>
  <title>
</title>
<meta http-equiv="Content-Type" content="text/html;charset=utf-8" />
  <meta name='ocr-system' content='tesseract 3.04.00' />
  <meta name='ocr-capabilities' content='ocr_page ocr_carea ocr_par ocr_line ocrx_word'/>
</head>
<body>
  <div class='ocr_page' id='page_1' title='image "./ioanniscalvinio01reusgoog_0015.png"; bbox 0 0 4724 5886; ppageno 0'>
   <div class='ocr_carea' id='block_1_1' title="bbox 153 307 1573 381">
    <p class='ocr_par' dir='ltr' id='par_1_1' title="bbox 153 307 1573 381">
     <span class='ocr_line' id='line_1_1' title="bbox 153 307 1573 381; baseline -0.001 0"><span class='ocrx_word' id='word_1_1' title='bbox 153 314 191 381; x_wconf 88' lang='lat' dir='ltr'>X</span> <span class='ocrx_word' id='word_1_2' title='bbox 750 309 1020 379; x_wconf 71' lang='lat' dir='ltr'><strong>ansouldus</strong></span> <span class='ocrx_word' id='word_1_3' title='bbox 1041 307 1332 378; x_wconf 75' lang='lat' dir='ltr'><strong>ufluouoewl</strong></span> <span class='ocrx_word' id='word_1_4' title='bbox 1352 309 1573 380; x_wconf 80' lang='lat' dir='ltr'><strong>MINORES.</strong></span> 
     </span>
    </p>
   </div>
   <div class='ocr_carea' id='block_1_2' title="bbox 147 495 2145 5241">
    <p class='ocr_par' dir='ltr' id='par_1_2' title="bbox 147 495 2145 1477">
     <span class='ocr_line' id='line_1_2' title="bbox 306 495 2143 583; baseline -0.004 -12"><span class='ocrx_word' id='word_1_5' title='bbox 306 503 414 571; x_wconf 81' lang='lat' dir='ltr'>Hodie</span> <span class='ocrx_word' id='word_1_6' title='bbox 435 502 540 568; x_wconf 88' lang='lat' dir='ltr'><strong>multo</strong></span> <span class='ocrx_word' id='word_1_7' title='bbox 561 501 699 569; x_wconf 78' lang='lat' dir='ltr'><strong>certiora</strong></span> <span class='ocrx_word' id='word_1_8' title='bbox 720 511 754 567; x_wconf 91' lang='lat' dir='ltr'><strong>et</strong></span> <span class='ocrx_word' id='word_1_9' title='bbox 775 500 976 568; x_wconf 77' lang='lat' dir='ltr'><strong>accuratiora</strong></span> <span class='ocrx_word' id='word_1_10' title='bbox 995 500 1142 566; x_wconf 84' lang='lat' dir='ltr'><strong>invenies</strong></span> <span class='ocrx_word' id='word_1_11' title='bbox 1171 499 1259 582; x_wconf 88' lang='lat' dir='ltr'><strong>apud</strong></span> <span class='ocrx_word' id='word_1_12' title='bbox 1286 518 1340 564; x_wconf 88' lang='lat' dir='ltr'><strong>eos</strong></span> <span class='ocrx_word' id='word_1_13' title='bbox 1369 505 1499 566; x_wconf 86' lang='lat' dir='ltr'><strong>autores</strong></span> <span class='ocrx_word' id='word_1_14' title='bbox 1520 499 1576 583; x_wconf 90' lang='lat' dir='ltr'><strong>qui</strong></span> <span class='ocrx_word' id='word_1_15' title='bbox 1597 499 1768 565; x_wconf 79' lang='lat' dir='ltr'>historiam</span> <span class='ocrx_word' id='word_1_16' title='bbox 1788 495 1911 566; x_wconf 75' lang='lat' dir='ltr'><strong>saeculi</strong></span> <span class='ocrx_word' id='word_1_17' title='bbox 1929 497 2016 564; x_wconf 85' lang='lat' dir='ltr'><strong>XVI</strong></span> <span class='ocrx_word' id='word_1_18' title='bbox 2038 497 2143 565; x_wconf 88' lang='lat' dir='ltr'><strong>eccle·</strong></span> 
     </span>
     <span class='ocr_line' id='line_1_3' title="bbox 154 608 2142 696; baseline -0.004 -14"><span class='ocrx_word' id='word_1_19' title='bbox 154 614 318 682; x_wconf 88' lang='lat' dir='ltr'><strong>siasticam</strong></span> <span class='ocrx_word' id='word_1_20' title='bbox 341 620 533 693; x_wconf 74' lang='lat' dir='ltr'><strong>tractarunt,</strong></span> <span class='ocrx_word' id='word_1_21' title='bbox 557 613 647 680; x_wconf 90' lang='lat' dir='ltr'><strong>inter</strong></span> <span class='ocrx_word' id='word_1_22' title='bbox 666 633 747 696; x_wconf 89' lang='lat' dir='ltr'><strong>quoe</strong></span> <span class='ocrx_word' id='word_1_23' title='bbox 774 611 915 678; x_wconf 86' lang='lat' dir='ltr'><strong>sufficiat</strong></span> <span class='ocrx_word' id='word_1_24' title='bbox 935 611 997 678; x_wconf 90' lang='lat' dir='ltr'><strong>hoc</strong></span> <span class='ocrx_word' id='word_1_25' title='bbox 1018 611 1088 678; x_wconf 90' lang='lat' dir='ltr'><strong>loco</strong></span> <span class='ocrx_word' id='word_1_26' title='bbox 1116 610 1199 677; x_wconf 91' lang='lat' dir='ltr'><strong>duos</strong></span> <span class='ocrx_word' id='word_1_27' title='bbox 1220 611 1418 689; x_wconf 87' lang='lat' dir='ltr'><strong>nominasse,</strong></span> <span class='ocrx_word' id='word_1_28' title='bbox 1447 610 1591 693; x_wconf 79' lang='lat' dir='ltr'><strong>Theoph.</strong></span> <span class='ocrx_word' id='word_1_29' title='bbox 1620 610 1686 678; x_wconf 87' lang='lat' dir='ltr'><strong>Iac.</strong></span> <span class='ocrx_word' id='word_1_30' title='bbox 1714 609 1913 678; x_wconf 83' lang='lat' dir='ltr'><strong>Planclxium</strong></span> <span class='ocrx_word' id='word_1_31' title='bbox 1937 608 2063 696; x_wconf 73' lang='lat' dir='ltr'><strong>(cem.</strong></span> <span class='ocrx_word' id='word_1_32' title='bbox 2086 609 2142 675; x_wconf 82' lang='lat' dir='ltr'><strong>dea</strong></span> 
     </span>
     <span class='ocr_line' id='line_1_4' title="bbox 147 718 2142 811; baseline -0.004 -18"><span class='ocrx_word' id='word_1_33' title='bbox 147 725 463 811; x_wconf 67' lang='lat' dir='ltr'><strong>praeemineas</strong></span> <span class='ocrx_word' id='word_1_34' title='bbox 487 726 523 791; x_wconf 84' lang='grc' dir='ltr'><strong>Τ.</strong></span> <span class='ocrx_word' id='word_1_35' title='bbox 552 725 587 790; x_wconf 86' lang='lat' dir='ltr'><strong>V.</strong></span> <span class='ocrx_word' id='word_1_36' title='bbox 602 728 688 808; x_wconf 84' lang='lat' dir='ltr'><strong>part.</strong></span> <span class='ocrx_word' id='word_1_37' title='bbox 709 728 757 804; x_wconf 81' lang='lat'><strong>2),</strong></span> <span class='ocrx_word' id='word_1_38' title='bbox 780 731 814 788; x_wconf 89' lang='lat' dir='ltr'><strong>et</strong></span> <span class='ocrx_word' id='word_1_39' title='bbox 834 722 870 788; x_wconf 83' lang='lat'><strong>0.</strong></span> <span class='ocrx_word' id='word_1_40' title='bbox 892 720 1144 806; x_wconf 83' lang='lat' dir='ltr'><strong>Moeuclreberg,</strong></span> <span class='ocrx_word' id='word_1_41' title='bbox 1172 721 1216 806; x_wconf 87' lang='lat' dir='ltr'><strong>(I.</strong></span> <span class='ocrx_word' id='word_1_42' title='bbox 1247 720 1408 802; x_wconf 79' lang='lat' dir='ltr'><strong>Westpbci</strong></span> <span class='ocrx_word' id='word_1_43' title='bbox 1428 723 1493 787; x_wconf 87' lang='lat' dir='ltr'><strong>nnd</strong></span> <span class='ocrx_word' id='word_1_44' title='bbox 1514 722 1543 786; x_wconf 90' lang='lat' dir='ltr'><strong>I.</strong></span> <span class='ocrx_word' id='word_1_45' title='bbox 1569 720 1824 804; x_wconf 77' lang='grc'><strong>0111111865),</strong></span> <span class='ocrx_word' id='word_1_46' title='bbox 1851 743 1988 807; x_wconf 89' lang='lat' dir='ltr'><strong>quorum</strong></span> <span class='ocrx_word' id='word_1_47' title='bbox 2010 718 2142 804; x_wconf 91' lang='lat' dir='ltr'><strong>quidem</strong></span> 
     </span>
     <span class='ocr_line' id='line_1_5' title="bbox 153 815 2141 920; baseline -0.002 -17"><span class='ocrx_word' id='word_1_48' title='bbox 153 837 275 905; x_wconf 90' lang='lat' dir='ltr'><strong>iudicia</strong></span> <span class='ocrx_word' id='word_1_49' title='bbox 296 837 336 904; x_wconf 90' lang='lat' dir='ltr'><strong>de</strong></span> <span class='ocrx_word' id='word_1_50' title='bbox 364 835 604 903; x_wconf 81' lang='lat' dir='ltr'><strong>controversiae</strong></span> <span class='ocrx_word' id='word_1_51' title='bbox 634 835 737 918; x_wconf 90' lang='lat' dir='ltr'><strong>ipsius</strong></span> <span class='ocrx_word' id='word_1_52' title='bbox 765 832 924 920; x_wconf 87' lang='lat' dir='ltr'><strong>dignitate</strong></span> <span class='ocrx_word' id='word_1_53' title='bbox 951 843 985 898; x_wconf 92' lang='grc'><strong>11</strong></span> <span class='ocrx_word' id='word_1_54' title='bbox 1006 832 1268 899; x_wconf 88' lang='lat' dir='ltr'><strong>adversariorum</strong></span> <span class='ocrx_word' id='word_1_55' title='bbox 1288 833 1414 899; x_wconf 87' lang='lat' dir='ltr'><strong>meritis</strong></span> <span class='ocrx_word' id='word_1_56' title='bbox 1435 833 1647 899; x_wconf 73' lang='lat' dir='ltr'><strong>multifariam</strong></span> <span class='ocrx_word' id='word_1_57' title='bbox 1673 835 1707 898; x_wconf 93' lang='lat' dir='ltr'><strong>in</strong></span> <span class='ocrx_word' id='word_1_58' title='bbox 1734 831 1864 899; x_wconf 88' lang='lat' dir='ltr'><strong>diversa</strong></span> <span class='ocrx_word' id='word_1_59' title='bbox 1890 815 2026 912; x_wconf 87' lang='lat' dir='ltr'><strong>abeunt,</strong></span> <span class='ocrx_word' id='word_1_60' title='bbox 2060 831 2141 900; x_wconf 85' lang='lat' dir='ltr'><strong>fides</strong></span> 
     </span>
     <span class='ocr_line' id='line_1_6' title="bbox 153 942 2145 1033; baseline -0.003 -18"><span class='ocrx_word' id='word_1_61' title='bbox 153 969 234 1015; x_wconf 82' lang='lat' dir='ltr'><strong>vero</strong></span> <span class='ocrx_word' id='word_1_62' title='bbox 256 955 290 1014; x_wconf 88' lang='lat' dir='ltr'><strong>et</strong></span> <span class='ocrx_word' id='word_1_63' title='bbox 311 947 482 1033; x_wconf 81' lang='lat' dir='ltr'><strong>diligentia</strong></span> <span class='ocrx_word' id='word_1_64' title='bbox 502 948 537 1012; x_wconf 93' lang='lat' dir='ltr'><strong>iu</strong></span> <span class='ocrx_word' id='word_1_65' title='bbox 558 946 704 1012; x_wconf 87' lang='lat' dir='ltr'><strong>materiis</strong></span> <span class='ocrx_word' id='word_1_66' title='bbox 726 943 939 1032; x_wconf 81' lang='lat' dir='ltr'><strong>congerendis</strong></span> <span class='ocrx_word' id='word_1_67' title='bbox 961 944 1137 1028; x_wconf 89' lang='lat' dir='ltr'><strong>conspicua</strong></span> <span class='ocrx_word' id='word_1_68' title='bbox 1158 943 1253 1010; x_wconf 90' lang='lat' dir='ltr'><strong>facilc</strong></span> <span class='ocrx_word' id='word_1_69' title='bbox 1276 943 1316 1009; x_wconf 93' lang='lat' dir='ltr'><strong>ab</strong></span> <span class='ocrx_word' id='word_1_70' title='bbox 1334 945 1485 1010; x_wconf 91' lang='lat' dir='ltr'><strong>omnibus</strong></span> <span class='ocrx_word' id='word_1_71' title='bbox 1501 942 1664 1010; x_wconf 90' lang='lat' dir='ltr'><strong>laudatur.</strong></span> <span class='ocrx_word' id='word_1_72' title='bbox 1696 945 1764 1010; x_wconf 88' lang='lat' dir='ltr'><strong>Nos</strong></span> <span class='ocrx_word' id='word_1_73' title='bbox 1779 965 1914 1028; x_wconf 91' lang='lat' dir='ltr'><strong>quoquc,</strong></span> <span class='ocrx_word' id='word_1_74' title='bbox 1936 944 1988 1010; x_wconf 90' lang='lat' dir='ltr'><strong>his</strong></span> <span class='ocrx_word' id='word_1_75' title='bbox 2005 944 2145 1011; x_wconf 85' lang='lat' dir='ltr'><strong>ducibus</strong></span> 
     </span>
     <span class='ocr_line' id='line_1_7' title="bbox 153 1055 2141 1141; baseline -0.002 -17"><span class='ocrx_word' id='word_1_76' title='bbox 153 1060 214 1138; x_wconf 90' lang='lat' dir='ltr'><strong>usi,</strong></span> <span class='ocrx_word' id='word_1_77' title='bbox 236 1079 346 1125; x_wconf 91' lang='lat' dir='ltr'><strong>curam</strong></span> <span class='ocrx_word' id='word_1_78' title='bbox 375 1065 408 1124; x_wconf 89' lang='lat' dir='ltr'><strong>et</strong></span> <span class='ocrx_word' id='word_1_79' title='bbox 434 1056 578 1125; x_wconf 92' lang='lat' dir='ltr'><strong>studium</strong></span> <span class='ocrx_word' id='word_1_80' title='bbox 600 1063 750 1124; x_wconf 84' lang='lat' dir='ltr'><strong>nostrum</strong></span> <span class='ocrx_word' id='word_1_81' title='bbox 771 1056 808 1121; x_wconf 92' lang='lat' dir='ltr'><strong>iu</strong></span> <span class='ocrx_word' id='word_1_82' title='bbox 835 1077 872 1122; x_wconf 91' lang='lat' dir='ltr'><strong>eo</strong></span> <span class='ocrx_word' id='word_1_83' title='bbox 899 1056 1067 1139; x_wconf 78' lang='lat' dir='ltr'><strong>posuimus</strong></span> <span class='ocrx_word' id='word_1_84' title='bbox 1097 1062 1137 1120; x_wconf 92' lang='grc'><strong>11</strong></span> <span class='ocrx_word' id='word_1_85' title='bbox 1167 1055 1246 1121; x_wconf 89' lang='lat' dir='ltr'><strong>satis</strong></span> <span class='ocrx_word' id='word_1_86' title='bbox 1278 1075 1433 1139; x_wconf 88' lang='lat' dir='ltr'><strong>magnam</strong></span> <span class='ocrx_word' id='word_1_87' title='bbox 1461 1055 1592 1120; x_wconf 88' lang='lat' dir='ltr'><strong>illorum</strong></span> <span class='ocrx_word' id='word_1_88' title='bbox 1619 1056 1814 1139; x_wconf 90' lang='lat' dir='ltr'><strong>scriptorum</strong></span> <span class='ocrx_word' id='word_1_89' title='bbox 1843 1057 1982 1139; x_wconf 88' lang='lat' dir='ltr'><strong>copiam,</strong></span> <span class='ocrx_word' id='word_1_90' title='bbox 2016 1076 2141 1141; x_wconf 89' lang='lat' dir='ltr'><strong>quaea</strong></span> 
     </span>
     <span class='ocr_line' id='line_1_8' title="bbox 153 1163 2144 1252; baseline -0.003 -15"><span class='ocrx_word' id='word_1_91' title='bbox 153 1170 355 1237; x_wconf 84' lang='lat' dir='ltr'><strong>Lutheranis</strong></span> <span class='ocrx_word' id='word_1_92' title='bbox 376 1171 411 1234; x_wconf 93' lang='lat' dir='ltr'><strong>in</strong></span> <span class='ocrx_word' id='word_1_93' title='bbox 433 1170 536 1236; x_wconf 91' lang='lat' dir='ltr'><strong>aciem</strong></span> <span class='ocrx_word' id='word_1_94' title='bbox 557 1166 697 1235; x_wconf 86' lang='lat' dir='ltr'><strong>deducta</strong></span> <span class='ocrx_word' id='word_1_95' title='bbox 719 1175 806 1245; x_wconf 88' lang='lat' dir='ltr'><strong>sunt,</strong></span> <span class='ocrx_word' id='word_1_96' title='bbox 829 1173 863 1232; x_wconf 92' lang='grc'><strong>11</strong></span> <span class='ocrx_word' id='word_1_97' title='bbox 882 1166 1000 1251; x_wconf 90' lang='lat' dir='ltr'><strong>quibus</strong></span> <span class='ocrx_word' id='word_1_98' title='bbox 1022 1163 1153 1232; x_wconf 90' lang='lat' dir='ltr'><strong>demum</strong></span> <span class='ocrx_word' id='word_1_99' title='bbox 1175 1166 1353 1232; x_wconf 88' lang='lat' dir='ltr'><strong>instructus</strong></span> <span class='ocrx_word' id='word_1_100' title='bbox 1370 1165 1489 1249; x_wconf 89' lang='lat' dir='ltr'><strong>aliquis</strong></span> <span class='ocrx_word' id='word_1_101' title='bbox 1511 1167 1615 1250; x_wconf 89' lang='lat' dir='ltr'><strong>ipsius</strong></span> <span class='ocrx_word' id='word_1_102' title='bbox 1637 1166 1766 1233; x_wconf 79' lang='lat' dir='ltr'><strong>Caluini</strong></span> <span class='ocrx_word' id='word_1_103' title='bbox 1783 1186 1939 1251; x_wconf 88' lang='lat' dir='ltr'><strong>respousa</strong></span> <span class='ocrx_word' id='word_1_104' title='bbox 1955 1167 2144 1252; x_wconf 88' lang='lat' dir='ltr'><strong>intelligere</strong></span> 
     </span>
     <span class='ocr_line' id='line_1_9' title="bbox 154 1276 2140 1363; baseline -0.001 -16"><span class='ocrx_word' id='word_1_105' title='bbox 154 1289 188 1347; x_wconf 89' lang='lat' dir='ltr'><strong>et</strong></span> <span class='ocrx_word' id='word_1_106' title='bbox 208 1281 385 1348; x_wconf 90' lang='lat' dir='ltr'><strong>diiudicare</strong></span> <span class='ocrx_word' id='word_1_107' title='bbox 405 1286 520 1363; x_wconf 88' lang='lat' dir='ltr'><strong>potest,</strong></span> <span class='ocrx_word' id='word_1_108' title='bbox 543 1287 763 1362; x_wconf 85' lang='lat' dir='ltr'><strong>comparatam</strong></span> <span class='ocrx_word' id='word_1_109' title='bbox 784 1278 986 1344; x_wconf 86' lang='lat' dir='ltr'><strong>haberemus.</strong></span> <span class='ocrx_word' id='word_1_110' title='bbox 1029 1278 1084 1342; x_wconf 84' lang='lat' dir='ltr'><strong>Ex</strong></span> <span class='ocrx_word' id='word_1_111' title='bbox 1105 1276 1223 1360; x_wconf 90' lang='lat' dir='ltr'><strong>quibus</strong></span> <span class='ocrx_word' id='word_1_112' title='bbox 1244 1282 1363 1357; x_wconf 91' lang='lat' dir='ltr'><strong>tamen,</strong></span> <span class='ocrx_word' id='word_1_113' title='bbox 1384 1297 1427 1342; x_wconf 92' lang='lat' dir='ltr'><strong>ne</strong></span> <span class='ocrx_word' id='word_1_114' title='bbox 1448 1277 1610 1363; x_wconf 82' lang='lat' dir='ltr'><strong>longiores</strong></span> <span class='ocrx_word' id='word_1_115' title='bbox 1631 1279 1749 1358; x_wconf 88' lang='lat' dir='ltr'><strong>simus,</strong></span> <span class='ocrx_word' id='word_1_116' title='bbox 1777 1299 1816 1343; x_wconf 91' lang='lat' dir='ltr'><strong>ea</strong></span> <span class='ocrx_word' id='word_1_117' title='bbox 1835 1285 1965 1344; x_wconf 88' lang='lat' dir='ltr'><strong>tantum</strong></span> <span class='ocrx_word' id='word_1_118' title='bbox 1991 1299 2140 1345; x_wconf 88' lang='lat' dir='ltr'><strong>recense·</strong></span> 
     </span>
     <span class='ocr_line' id='line_1_10' title="bbox 152 1386 1633 1477; baseline -0.005 -19"><span class='ocrx_word' id='word_1_119' title='bbox 152 1392 261 1458; x_wconf 90' lang='lat' dir='ltr'><strong>bimus</strong></span> <span class='ocrx_word' id='word_1_120' title='bbox 282 1412 365 1477; x_wconf 90' lang='lat' dir='ltr'><strong>quae</strong></span> <span class='ocrx_word' id='word_1_121' title='bbox 387 1390 536 1476; x_wconf 85' lang='lat' dir='ltr'><strong>proxime</strong></span> <span class='ocrx_word' id='word_1_122' title='bbox 558 1390 600 1456; x_wconf 91' lang='lat' dir='ltr'><strong>ad</strong></span> <span class='ocrx_word' id='word_1_123' title='bbox 620 1396 826 1473; x_wconf 87' lang='lat' dir='ltr'><strong>praesentem</strong></span> <span class='ocrx_word' id='word_1_124' title='bbox 849 1409 980 1457; x_wconf 89' lang='lat' dir='ltr'><strong>causam</strong></span> <span class='ocrx_word' id='word_1_125' title='bbox 1002 1386 1232 1454; x_wconf 88' lang='lat' dir='ltr'><strong>illustrandam</strong></span> <span class='ocrx_word' id='word_1_126' title='bbox 1253 1388 1427 1471; x_wconf 86' lang='lat' dir='ltr'><strong>pertinent.</strong></span> <span class='ocrx_word' id='word_1_127' title='bbox 1632 1448 1633 1451; x_wconf 74' lang='grc'>,</span> 
     </span>
    </p>

    <p class='ocr_par' dir='ltr' id='par_1_3' title="bbox 150 1498 2143 3477">
     <span class='ocr_line' id='line_1_11' title="bbox 305 1498 2143 1587; baseline -0.001 -19"><span class='ocrx_word' id='word_1_128' title='bbox 305 1504 437 1587; x_wconf 83' lang='lat' dir='ltr'><strong>Agmen</strong></span> <span class='ocrx_word' id='word_1_129' title='bbox 459 1500 555 1567; x_wconf 89' lang='lat' dir='ltr'><strong>ducet</strong></span> <span class='ocrx_word' id='word_1_130' title='bbox 576 1501 685 1567; x_wconf 89' lang='lat' dir='ltr'><strong>nobis:</strong></span> <span class='ocrx_word' id='word_1_131' title='bbox 708 1499 853 1585; x_wconf 66' lang='lat' dir='ltr'><strong>Farrago</strong></span> <span class='ocrx_word' id='word_1_132' title='bbox 875 1499 1135 1582; x_wconf 79' lang='lat' dir='ltr'><strong>confnsonecrnm</strong></span> <span class='ocrx_word' id='word_1_133' title='bbox 1155 1502 1184 1564; x_wconf 86' lang='lat' dir='ltr'><strong>et</strong></span> <span class='ocrx_word' id='word_1_134' title='bbox 1208 1498 1288 1563; x_wconf 80' lang='lat' dir='ltr'><strong>inter</strong></span> <span class='ocrx_word' id='word_1_135' title='bbox 1314 1518 1347 1564; x_wconf 86' lang='lat' dir='ltr'><strong>ce</strong></span> <span class='ocrx_word' id='word_1_136' title='bbox 1373 1500 1592 1566; x_wconf 80' lang='lat' dir='ltr'><strong>dissidentiam</strong></span> <span class='ocrx_word' id='word_1_137' title='bbox 1618 1501 1799 1582; x_wconf 77' lang='lat' dir='ltr'><strong>opinionum</strong></span> <span class='ocrx_word' id='word_1_138' title='bbox 1824 1501 1861 1566; x_wconf 84' lang='lat' dir='ltr'><strong>de</strong></span> <span class='ocrx_word' id='word_1_139' title='bbox 1886 1499 1986 1569; x_wconf 80' lang='grc'><strong>011111</strong></span> <span class='ocrx_word' id='word_1_140' title='bbox 2006 1500 2143 1567; x_wconf 82' lang='lat' dir='ltr'><strong>Dmnini</strong></span> 
     </span>
     <span class='ocr_line' id='line_1_12' title="bbox 153 1609 2138 1697; baseline -0.002 -17"><span class='ocrx_word' id='word_1_141' title='bbox 153 1634 194 1680; x_wconf 76' lang='lat' dir='ltr'><strong>ex</strong></span> <span class='ocrx_word' id='word_1_142' title='bbox 217 1612 541 1680; x_wconf 82' lang='lat' dir='ltr'><strong>Sacramentariornm</strong></span> <span class='ocrx_word' id='word_1_143' title='bbox 564 1612 654 1678; x_wconf 73' lang='lat' dir='ltr'><strong>libris</strong></span> <span class='ocrx_word' id='word_1_144' title='bbox 674 1616 813 1697; x_wconf 67' lang='lat' dir='ltr'><strong>menn</strong></span> <span class='ocrx_word' id='word_1_145' title='bbox 828 1631 890 1695; x_wconf 84' lang='lat' dir='ltr'><strong>per</strong></span> <span class='ocrx_word' id='word_1_146' title='bbox 911 1610 958 1677; x_wconf 75' lang='lat' dir='ltr'><strong><em>M</em></strong></span> <span class='ocrx_word' id='word_1_147' title='bbox 982 1609 1177 1677; x_wconf 81' lang='lat' dir='ltr'><strong>Ioccbimnm</strong></span> <span class='ocrx_word' id='word_1_148' title='bbox 1206 1609 1421 1693; x_wconf 78' lang='lat' dir='ltr'><strong>Westpbctum</strong></span> <span class='ocrx_word' id='word_1_149' title='bbox 1442 1616 1600 1693; x_wconf 78' lang='lat' dir='ltr'><strong>pastorem</strong></span> <span class='ocrx_word' id='word_1_150' title='bbox 1621 1611 1895 1695; x_wconf 74' lang='lat' dir='ltr'><strong>Hembnrqensem,</strong></span> <span class='ocrx_word' id='word_1_151' title='bbox 1939 1610 2082 1677; x_wconf 84' lang='lat' dir='ltr'><strong>Additur</strong></span> <span class='ocrx_word' id='word_1_152' title='bbox 2101 1613 2138 1678; x_wconf 93' lang='lat' dir='ltr'><strong>in</strong></span> 
     </span>
     <span class='ocr_line' id='line_1_13' title="bbox 154 1719 2141 1809; baseline -0.001 -18"><span class='ocrx_word' id='word_1_153' title='bbox 154 1725 249 1791; x_wconf 91' lang='lat' dir='ltr'><strong>titulo</strong></span> <span class='ocrx_word' id='word_1_154' title='bbox 266 1724 443 1809; x_wconf 88' lang='lat' dir='ltr'><strong>epigraphe</strong></span> <span class='ocrx_word' id='word_1_155' title='bbox 464 1745 506 1790; x_wconf 86' lang='lat' dir='ltr'><strong>ex</strong></span> <span class='ocrx_word' id='word_1_156' title='bbox 530 1727 545 1787; x_wconf 98' lang='lat' dir='ltr'><strong>l</strong></span> <span class='ocrx_word' id='word_1_157' title='bbox 571 1722 645 1789; x_wconf 79' lang='lat' dir='ltr'><strong>(ior.</strong></span> <span class='ocrx_word' id='word_1_158' title='bbox 667 1723 730 1789; x_wconf 88' lang='lat' dir='ltr'><strong>XI.</strong></span> <span class='ocrx_word' id='word_1_159' title='bbox 753 1720 822 1808; x_wconf 81' lang='lat'>(29)</span> <span class='ocrx_word' id='word_1_160' title='bbox 845 1721 945 1806; x_wconf 92' lang='lat' dir='ltr'><strong>paulo</strong></span> <span class='ocrx_word' id='word_1_161' title='bbox 966 1719 1101 1787; x_wconf 89' lang='lat' dir='ltr'><strong>liberius</strong></span> <span class='ocrx_word' id='word_1_162' title='bbox 1121 1721 1169 1787; x_wconf 92' lang='lat' dir='ltr'><strong>sic</strong></span> <span class='ocrx_word' id='word_1_163' title='bbox 1190 1721 1381 1806; x_wconf 88' lang='lat' dir='ltr'><strong>composita:</strong></span> <span class='ocrx_word' id='word_1_164' title='bbox 1417 1722 1480 1803; x_wconf 78' lang='lat' dir='ltr'><strong>Qni</strong></span> <span class='ocrx_word' id='word_1_165' title='bbox 1508 1723 1571 1788; x_wconf 81' lang='lat' dir='ltr'><strong>edit</strong></span> <span class='ocrx_word' id='word_1_166' title='bbox 1590 1727 1618 1788; x_wconf 85' lang='lat' dir='ltr'><strong>et</strong></span> <span class='ocrx_word' id='word_1_167' title='bbox 1638 1722 1713 1788; x_wconf 82' lang='lat' dir='ltr'><strong>bibit</strong></span> <span class='ocrx_word' id='word_1_168' title='bbox 1738 1723 1879 1807; x_wconf 66' lang='lat' dir='ltr'><strong>indigne,</strong></span> <span class='ocrx_word' id='word_1_169' title='bbox 1904 1724 2058 1790; x_wconf 80' lang='lat' dir='ltr'><strong>indiciam</strong></span> <span class='ocrx_word' id='word_1_170' title='bbox 2077 1724 2141 1790; x_wconf 81' lang='lat' dir='ltr'><strong>eibi</strong></span> 
     </span>
     <span class='ocr_line' id='line_1_14' title="bbox 153 1831 2138 1919; baseline -0.001 -17"><span class='ocrx_word' id='word_1_171' title='bbox 153 1836 219 1919; x_wconf 79' lang='lat' dir='ltr'><strong>ipsi</strong></span> <span class='ocrx_word' id='word_1_172' title='bbox 238 1836 302 1902; x_wconf 86' lang='lat' dir='ltr'><strong>edit</strong></span> <span class='ocrx_word' id='word_1_173' title='bbox 322 1840 350 1901; x_wconf 88' lang='lat' dir='ltr'><strong>et</strong></span> <span class='ocrx_word' id='word_1_174' title='bbox 370 1835 453 1915; x_wconf 76' lang='lat' dir='ltr'><strong>bibit,</strong></span> <span class='ocrx_word' id='word_1_175' title='bbox 473 1854 535 1900; x_wconf 91' lang='lat' dir='ltr'><strong>non</strong></span> <span class='ocrx_word' id='word_1_176' title='bbox 555 1834 736 1901; x_wconf 80' lang='lat' dir='ltr'><strong>diiudicane</strong></span> <span class='ocrx_word' id='word_1_177' title='bbox 757 1853 869 1917; x_wconf 74' lang='lat' dir='ltr'><strong>corpas</strong></span> <span class='ocrx_word' id='word_1_178' title='bbox 889 1832 1030 1898; x_wconf 79' lang='lat' dir='ltr'><strong>Domini.</strong></span> <span class='ocrx_word' id='word_1_179' title='bbox 1078 1831 1189 1899; x_wconf 80' lang='grc'><strong>011111</strong></span> <span class='ocrx_word' id='word_1_180' title='bbox 1203 1852 1303 1914; x_wconf 83' lang='lat' dir='ltr'><strong>porro</strong></span> <span class='ocrx_word' id='word_1_181' title='bbox 1323 1832 1470 1899; x_wconf 77' lang='lat' dir='ltr'><strong>dubitans</strong></span> <span class='ocrx_word' id='word_1_182' title='bbox 1495 1834 1592 1898; x_wconf 78' lang='lat' dir='ltr'><strong>sumit</strong></span> <span class='ocrx_word' id='word_1_183' title='bbox 1612 1834 1747 1917; x_wconf 71' lang='lat' dir='ltr'><strong>indigne.</strong></span> <span class='ocrx_word' id='word_1_184' title='bbox 1791 1834 1878 1900; x_wconf 87' lang='lat' dir='ltr'><strong>Nam</strong></span> <span class='ocrx_word' id='word_1_185' title='bbox 1904 1836 2058 1917; x_wconf 75' lang='lat' dir='ltr'><strong>quidquid</strong></span> <span class='ocrx_word' id='word_1_186' title='bbox 2077 1855 2138 1901; x_wconf 90' lang='lat' dir='ltr'><strong>non</strong></span> 
     </span>
     <span class='ocr_line' id='line_1_15' title="bbox 151 1941 2140 2030; baseline 0 -17"><span class='ocrx_word' id='word_1_187' title='bbox 151 1951 197 2013; x_wconf 79' lang='lat' dir='ltr'><strong>est</strong></span> <span class='ocrx_word' id='word_1_188' title='bbox 215 1967 254 2012; x_wconf 80' lang='lat' dir='ltr'><strong>ea</strong></span> <span class='ocrx_word' id='word_1_189' title='bbox 272 1947 334 2028; x_wconf 75' lang='lat' dir='ltr'><strong>fide</strong></span> <span class='ocrx_word' id='word_1_190' title='bbox 348 1950 509 2027; x_wconf 79' lang='lat' dir='ltr'><strong>peccatum</strong></span> <span class='ocrx_word' id='word_1_191' title='bbox 529 1949 581 2010; x_wconf 77' lang='lat' dir='ltr'><strong>nt.</strong></span> <span class='ocrx_word' id='word_1_192' title='bbox 624 1944 667 2010; x_wconf 92' lang='lat' dir='ltr'><strong>In</strong></span> <span class='ocrx_word' id='word_1_193' title='bbox 687 1946 752 2011; x_wconf 88' lang='lat' dir='ltr'><strong>fine</strong></span> <span class='ocrx_word' id='word_1_194' title='bbox 773 1945 907 2030; x_wconf 86' lang='lat' dir='ltr'><strong>legitur:</strong></span> <span class='ocrx_word' id='word_1_195' title='bbox 929 1942 1136 2028; x_wconf 76' lang='lat' dir='ltr'><strong>Maqdciarpi</strong></span> <span class='ocrx_word' id='word_1_196' title='bbox 1156 1943 1261 2009; x_wconf 73' lang='lat' dir='ltr'><strong>mend</strong></span> <span class='ocrx_word' id='word_1_197' title='bbox 1287 1941 1398 2009; x_wconf 74' lang='lat' dir='ltr'><strong>carisa.</strong></span> <span class='ocrx_word' id='word_1_198' title='bbox 1421 1943 1566 2011; x_wconf 76' lang='lat' dir='ltr'><strong>Rimdine</strong></span> <span class='ocrx_word' id='word_1_199' title='bbox 1586 1943 1681 2010; x_wconf 80' lang='lat' dir='ltr'><strong>Anno</strong></span> <span class='ocrx_word' id='word_1_200' title='bbox 1704 1949 1757 2011; x_wconf 82' lang='lat'><strong>52.</strong></span> <span class='ocrx_word' id='word_1_201' title='bbox 1801 1945 2039 2028; x_wconf 81' lang='lat' dir='ltr'><strong>Quaternioues</strong></span> <span class='ocrx_word' id='word_1_202' title='bbox 2060 1955 2140 2013; x_wconf 87' lang='lat' dir='ltr'><strong>sunt</strong></span> 
     </span>
     <span class='ocr_line' id='line_1_16' title="bbox 152 2053 2140 2143; baseline 0.001 -20"><span class='ocrx_word' id='word_1_203' title='bbox 152 2057 304 2142; x_wconf 91' lang='lat' dir='ltr'><strong>quinque.</strong></span> <span class='ocrx_word' id='word_1_204' title='bbox 349 2056 576 2123; x_wconf 88' lang='lat' dir='ltr'><strong>Praemittitur</strong></span> <span class='ocrx_word' id='word_1_205' title='bbox 597 2056 754 2138; x_wconf 81' lang='lat' dir='ltr'><strong>praefatio</strong></span> <span class='ocrx_word' id='word_1_206' title='bbox 771 2077 853 2140; x_wconf 88' lang='lat' dir='ltr'><strong>quae</strong></span> <span class='ocrx_word' id='word_1_207' title='bbox 875 2055 943 2121; x_wconf 88' lang='lat' dir='ltr'><strong>fere</strong></span> <span class='ocrx_word' id='word_1_208' title='bbox 964 2063 1114 2139; x_wconf 89' lang='lat' dir='ltr'><strong>quartam</strong></span> <span class='ocrx_word' id='word_1_209' title='bbox 1136 2055 1235 2120; x_wconf 84' lang='lat' dir='ltr'><strong>totius</strong></span> <span class='ocrx_word' id='word_1_210' title='bbox 1256 2053 1356 2121; x_wconf 89' lang='lat' dir='ltr'><strong>libelli</strong></span> <span class='ocrx_word' id='word_1_211' title='bbox 1376 2063 1504 2138; x_wconf 92' lang='lat' dir='ltr'><strong>partem</strong></span> <span class='ocrx_word' id='word_1_212' title='bbox 1525 2065 1670 2139; x_wconf 89' lang='lat' dir='ltr'><strong>occupat,</strong></span> <span class='ocrx_word' id='word_1_213' title='bbox 1694 2062 1727 2121; x_wconf 91' lang='lat' dir='ltr'><strong>et</strong></span> <span class='ocrx_word' id='word_1_214' title='bbox 1747 2056 1783 2121; x_wconf 93' lang='lat' dir='ltr'><strong>in</strong></span> <span class='ocrx_word' id='word_1_215' title='bbox 1804 2079 1870 2141; x_wconf 90' lang='lat' dir='ltr'><strong>qua</strong></span> <span class='ocrx_word' id='word_1_216' title='bbox 1890 2064 1985 2123; x_wconf 88' lang='lat' dir='ltr'><strong>autor</strong></span> <span class='ocrx_word' id='word_1_217' title='bbox 2005 2060 2140 2143; x_wconf 85' lang='lat' dir='ltr'><strong>exponit</strong></span> 
     </span>
     <span class='ocr_line' id='line_1_17' title="bbox 151 2165 2139 2254; baseline 0.002 -19"><span class='ocrx_word' id='word_1_218' title='bbox 151 2188 214 2252; x_wconf 90' lang='lat' dir='ltr'><strong>quo</strong></span> <span class='ocrx_word' id='word_1_219' title='bbox 236 2168 368 2235; x_wconf 88' lang='lat' dir='ltr'><strong>consilio</strong></span> <span class='ocrx_word' id='word_1_220' title='bbox 390 2174 423 2233; x_wconf 92' lang='lat' dir='ltr'><strong>et</strong></span> <span class='ocrx_word' id='word_1_221' title='bbox 443 2168 479 2233; x_wconf 92' lang='lat' dir='ltr'><strong>in</strong></span> <span class='ocrx_word' id='word_1_222' title='bbox 500 2188 596 2253; x_wconf 92' lang='lat' dir='ltr'><strong>quem</strong></span> <span class='ocrx_word' id='word_1_223' title='bbox 618 2188 714 2233; x_wconf 91' lang='lat' dir='ltr'><strong>usum</strong></span> <span class='ocrx_word' id='word_1_224' title='bbox 742 2167 827 2233; x_wconf 92' lang='lat' dir='ltr'><strong>hanc</strong></span> <span class='ocrx_word' id='word_1_225' title='bbox 856 2187 950 2234; x_wconf 88' lang='lat' dir='ltr'><strong>suam</strong></span> <span class='ocrx_word' id='word_1_226' title='bbox 975 2166 1173 2251; x_wconf 88' lang='lat' dir='ltr'><strong>farraginem</strong></span> <span class='ocrx_word' id='word_1_227' title='bbox 1201 2165 1368 2251; x_wconf 87' lang='lat' dir='ltr'><strong>collegerit</strong></span> <span class='ocrx_word' id='word_1_228' title='bbox 1393 2173 1428 2232; x_wconf 90' lang='lat' dir='ltr'><strong>et</strong></span> <span class='ocrx_word' id='word_1_229' title='bbox 1455 2188 1541 2233; x_wconf 92' lang='lat' dir='ltr'><strong>uuuc</strong></span> <span class='ocrx_word' id='word_1_230' title='bbox 1569 2166 1652 2232; x_wconf 86' lang='lat' dir='ltr'><strong>edat</strong></span> <span class='ocrx_word' id='word_1_231' title='bbox 1701 2166 1891 2251; x_wconf 82' lang='lat' dir='ltr'><strong>Sequuntur</strong></span> <span class='ocrx_word' id='word_1_232' title='bbox 1917 2180 2070 2254; x_wconf 86' lang='lat' dir='ltr'><strong>excerpta</strong></span> <span class='ocrx_word' id='word_1_233' title='bbox 2096 2193 2139 2238; x_wconf 84' lang='lat' dir='ltr'><strong>ex</strong></span> 
     </span>
     <span class='ocr_line' id='line_1_18' title="bbox 151 2277 2139 2364; baseline 0.001 -16"><span class='ocrx_word' id='word_1_234' title='bbox 151 2280 251 2348; x_wconf 75' lang='grc'><strong>111111</strong></span> <span class='ocrx_word' id='word_1_235' title='bbox 273 2300 387 2345; x_wconf 90' lang='lat' dir='ltr'><strong>eorum</strong></span> <span class='ocrx_word' id='word_1_236' title='bbox 407 2279 501 2346; x_wconf 89' lang='lat' dir='ltr'><strong>libris</strong></span> <span class='ocrx_word' id='word_1_237' title='bbox 523 2297 603 2362; x_wconf 92' lang='lat' dir='ltr'><strong>quos</strong></span> <span class='ocrx_word' id='word_1_238' title='bbox 630 2278 959 2344; x_wconf 89' lang='lat' dir='ltr'><strong>sacramentariorum</strong></span> <span class='ocrx_word' id='word_1_239' title='bbox 988 2278 1120 2344; x_wconf 91' lang='lat' dir='ltr'><strong>nomine</strong></span> <span class='ocrx_word' id='word_1_240' title='bbox 1142 2277 1329 2343; x_wconf 88' lang='lat' dir='ltr'><strong>Lutherani</strong></span> <span class='ocrx_word' id='word_1_241' title='bbox 1359 2279 1533 2355; x_wconf 82' lang='lat' dir='ltr'><strong>emebant,</strong></span> <span class='ocrx_word' id='word_1_242' title='bbox 1562 2277 1653 2343; x_wconf 90' lang='lat' dir='ltr'><strong>nullo</strong></span> <span class='ocrx_word' id='word_1_243' title='bbox 1681 2286 1792 2344; x_wconf 85' lang='grc'><strong>111111</strong></span> <span class='ocrx_word' id='word_1_244' title='bbox 1819 2286 2002 2364; x_wconf 90' lang='lat' dir='ltr'><strong>temporum</strong></span> <span class='ocrx_word' id='word_1_245' title='bbox 2025 2281 2139 2349; x_wconf 90' lang='lat' dir='ltr'><strong>ordine</strong></span> 
     </span>
     <span class='ocr_line' id='line_1_19' title="bbox 151 2387 2139 2475; baseline 0.001 -16"><span class='ocrx_word' id='word_1_246' title='bbox 151 2392 263 2459; x_wconf 88' lang='lat' dir='ltr'><strong>habito</strong></span> <span class='ocrx_word' id='word_1_247' title='bbox 284 2390 447 2475; x_wconf 90' lang='lat' dir='ltr'><strong>disposita,</strong></span> <span class='ocrx_word' id='word_1_248' title='bbox 470 2389 593 2456; x_wconf 86' lang='lat' dir='ltr'><strong>scilicet</strong></span> <span class='ocrx_word' id='word_1_249' title='bbox 615 2387 820 2468; x_wconf 81' lang='lat' dir='ltr'><strong>Oarolstadii,</strong></span> <span class='ocrx_word' id='word_1_250' title='bbox 841 2387 1004 2475; x_wconf 85' lang='lat' dir='ltr'><strong>Zwinglii,</strong></span> <span class='ocrx_word' id='word_1_251' title='bbox 1026 2388 1193 2474; x_wconf 82' lang='lat' dir='ltr'><strong>Martyris,</strong></span> <span class='ocrx_word' id='word_1_252' title='bbox 1223 2387 1481 2472; x_wconf 87' lang='lat' dir='ltr'><strong>Oecolampadii,</strong></span> <span class='ocrx_word' id='word_1_253' title='bbox 1509 2389 1641 2467; x_wconf 91' lang='lat' dir='ltr'><strong>Buceri,</strong></span> <span class='ocrx_word' id='word_1_254' title='bbox 1663 2389 1887 2455; x_wconf 86' lang='lat' dir='ltr'><strong>ministrorum</strong></span> <span class='ocrx_word' id='word_1_255' title='bbox 1910 2392 2139 2459; x_wconf 75' lang='lat' dir='ltr'><strong>Turicensium</strong></span> 
     </span>
     <span class='ocr_line' id='line_1_20' title="bbox 151 2498 2141 2585; baseline 0.002 -18"><span class='ocrx_word' id='word_1_256' title='bbox 151 2503 188 2567; x_wconf 94' lang='lat' dir='ltr'><strong>in</strong></span> <span class='ocrx_word' id='word_1_257' title='bbox 208 2503 409 2569; x_wconf 84' lang='lat' dir='ltr'><strong>confessione</strong></span> <span class='ocrx_word' id='word_1_258' title='bbox 429 2522 456 2567; x_wconf 87' lang='lat' dir='ltr'><strong>a</strong></span> <span class='ocrx_word' id='word_1_259' title='bbox 483 2505 563 2565; x_wconf 82' lang='lat'>1545</span> <span class='ocrx_word' id='word_1_260' title='bbox 586 2498 744 2567; x_wconf 84' lang='lat' dir='ltr'><strong>adversus</strong></span> <span class='ocrx_word' id='word_1_261' title='bbox 765 2500 953 2566; x_wconf 88' lang='lat' dir='ltr'><strong>Lutherum</strong></span> <span class='ocrx_word' id='word_1_262' title='bbox 975 2499 1071 2580; x_wconf 89' lang='lat' dir='ltr'><strong>edita,</strong></span> <span class='ocrx_word' id='word_1_263' title='bbox 1100 2499 1302 2585; x_wconf 87' lang='lat' dir='ltr'><strong>Bulliugeri,</strong></span> <span class='ocrx_word' id='word_1_264' title='bbox 1330 2499 1462 2566; x_wconf 78' lang='lat' dir='ltr'><strong>Calvini</strong></span> <span class='ocrx_word' id='word_1_265' title='bbox 1489 2510 1522 2566; x_wconf 91' lang='lat' dir='ltr'><strong>et</strong></span> <span class='ocrx_word' id='word_1_266' title='bbox 1540 2500 1713 2566; x_wconf 89' lang='lat' dir='ltr'><strong>Ioannisa</strong></span> <span class='ocrx_word' id='word_1_267' title='bbox 1735 2501 1848 2568; x_wconf 81' lang='lat' dir='ltr'><strong>Lasso.</strong></span> <span class='ocrx_word' id='word_1_268' title='bbox 1893 2501 2030 2569; x_wconf 80' lang='lat' dir='ltr'><strong>Calvino</strong></span> <span class='ocrx_word' id='word_1_269' title='bbox 2051 2505 2141 2571; x_wconf 87' lang='lat' dir='ltr'><strong>inter</strong></span> 
     </span>
     <span class='ocr_line' id='line_1_21' title="bbox 151 2610 2139 2697; baseline 0.001 -17"><span class='ocrx_word' id='word_1_270' title='bbox 151 2633 264 2680; x_wconf 90' lang='lat' dir='ltr'><strong>omnes</strong></span> <span class='ocrx_word' id='word_1_271' title='bbox 285 2613 523 2696; x_wconf 89' lang='lat' dir='ltr'><strong>amplissimum</strong></span> <span class='ocrx_word' id='word_1_272' title='bbox 544 2611 688 2696; x_wconf 90' lang='lat' dir='ltr'><strong>spatium</strong></span> <span class='ocrx_word' id='word_1_273' title='bbox 709 2632 897 2678; x_wconf 91' lang='lat' dir='ltr'><strong>concessum</strong></span> <span class='ocrx_word' id='word_1_274' title='bbox 919 2618 978 2691; x_wconf 90' lang='lat' dir='ltr'><strong>est,</strong></span> <span class='ocrx_word' id='word_1_275' title='bbox 1001 2611 1094 2678; x_wconf 89' lang='lat' dir='ltr'><strong>cuius</strong></span> <span class='ocrx_word' id='word_1_276' title='bbox 1115 2610 1170 2677; x_wconf 93' lang='lat' dir='ltr'><strong>hic</strong></span> <span class='ocrx_word' id='word_1_277' title='bbox 1191 2610 1389 2677; x_wconf 83' lang='lat' dir='ltr'><strong>exhibentur</strong></span> <span class='ocrx_word' id='word_1_278' title='bbox 1410 2612 1594 2697; x_wconf 85' lang='lat' dir='ltr'><strong>fragmenta</strong></span> <span class='ocrx_word' id='word_1_279' title='bbox 1614 2633 1656 2677; x_wconf 88' lang='lat' dir='ltr'><strong>ex</strong></span> <span class='ocrx_word' id='word_1_280' title='bbox 1677 2611 1785 2678; x_wconf 93' lang='lat' dir='ltr'><strong>libello</strong></span> <span class='ocrx_word' id='word_1_281' title='bbox 1807 2613 1847 2679; x_wconf 90' lang='lat' dir='ltr'><strong>de</strong></span> <span class='ocrx_word' id='word_1_282' title='bbox 1866 2611 1977 2679; x_wconf 77' lang='lat' dir='ltr'><strong>Coena</strong></span> <span class='ocrx_word' id='word_1_283' title='bbox 1992 2614 2139 2697; x_wconf 86' lang='lat' dir='ltr'><strong>Domini,</strong></span> 
     </span>
     <span class='ocr_line' id='line_1_22' title="bbox 151 2720 2139 2807; baseline 0.002 -17"><span class='ocrx_word' id='word_1_284' title='bbox 151 2746 193 2790; x_wconf 86' lang='lat' dir='ltr'><strong>ex</strong></span> <span class='ocrx_word' id='word_1_285' title='bbox 214 2723 445 2791; x_wconf 88' lang='lat' dir='ltr'><strong>commentario</strong></span> <span class='ocrx_word' id='word_1_286' title='bbox 467 2723 502 2788; x_wconf 95' lang='lat' dir='ltr'><strong>in</strong></span> <span class='ocrx_word' id='word_1_287' title='bbox 527 2727 541 2788; x_wconf 95' lang='lat' dir='ltr'><strong>l</strong></span> <span class='ocrx_word' id='word_1_288' title='bbox 568 2721 642 2788; x_wconf 75' lang='lat' dir='ltr'><strong>(ior.</strong></span> <span class='ocrx_word' id='word_1_289' title='bbox 664 2722 728 2802; x_wconf 88' lang='lat' dir='ltr'><strong>XI,</strong></span> <span class='ocrx_word' id='word_1_290' title='bbox 751 2743 792 2788; x_wconf 87' lang='lat' dir='ltr'><strong>ex</strong></span> <span class='ocrx_word' id='word_1_291' title='bbox 816 2721 986 2789; x_wconf 81' lang='lat' dir='ltr'><strong>Oonseusu</strong></span> <span class='ocrx_word' id='word_1_292' title='bbox 1006 2722 1165 2807; x_wconf 72' lang='lat' dir='ltr'><strong>Tigurinc</strong></span> <span class='ocrx_word' id='word_1_293' title='bbox 1187 2730 1221 2788; x_wconf 93' lang='lat' dir='ltr'><strong>et</strong></span> <span class='ocrx_word' id='word_1_294' title='bbox 1242 2720 1452 2789; x_wconf 72' lang='lat' dir='ltr'><strong>catechismo</strong></span> <span class='ocrx_word' id='word_1_295' title='bbox 1474 2723 1584 2806; x_wconf 89' lang='lat' dir='ltr'><strong>petita.</strong></span> <span class='ocrx_word' id='word_1_296' title='bbox 1628 2723 1809 2791; x_wconf 83' lang='lat' dir='ltr'><strong>Subiicitur</strong></span> <span class='ocrx_word' id='word_1_297' title='bbox 1832 2723 1970 2804; x_wconf 80' lang='lat' dir='ltr'><strong>Tabala,</strong></span> <span class='ocrx_word' id='word_1_298' title='bbox 1996 2725 2139 2793; x_wconf 79' lang='lat' dir='ltr'><strong>breviter</strong></span> 
     </span>
     <span class='ocr_line' id='line_1_23' title="bbox 151 2831 2139 2921; baseline 0.001 -19"><span class='ocrx_word' id='word_1_299' title='bbox 151 2843 185 2902; x_wconf 95' lang='grc'><strong>11</strong></span> <span class='ocrx_word' id='word_1_300' title='bbox 206 2835 394 2901; x_wconf 87' lang='lat' dir='ltr'><strong>summatim</strong></span> <span class='ocrx_word' id='word_1_301' title='bbox 415 2855 600 2919; x_wconf 88' lang='lat' dir='ltr'><strong>proponens</strong></span> <span class='ocrx_word' id='word_1_302' title='bbox 627 2834 726 2901; x_wconf 89' lang='lat' dir='ltr'><strong>chaos</strong></span> <span class='ocrx_word' id='word_1_303' title='bbox 754 2833 960 2900; x_wconf 79' lang='lat' dir='ltr'><strong>diversarum</strong></span> <span class='ocrx_word' id='word_1_304' title='bbox 987 2834 1176 2917; x_wconf 90' lang='lat' dir='ltr'><strong>opinionum</strong></span> <span class='ocrx_word' id='word_1_305' title='bbox 1204 2831 1245 2898; x_wconf 93' lang='lat' dir='ltr'><strong>de</strong></span> <span class='ocrx_word' id='word_1_306' title='bbox 1274 2834 1383 2900; x_wconf 85' lang='lat' dir='ltr'><strong>verbis</strong></span> <span class='ocrx_word' id='word_1_307' title='bbox 1411 2833 1536 2900; x_wconf 78' lang='lat' dir='ltr'><strong>Christi</strong></span> <span class='ocrx_word' id='word_1_308' title='bbox 1568 2835 1637 2902; x_wconf 86' lang='lat' dir='ltr'><strong>Hoc</strong></span> <span class='ocrx_word' id='word_1_309' title='bbox 1664 2841 1709 2902; x_wconf 81' lang='lat' dir='ltr'><strong>est</strong></span> <span class='ocrx_word' id='word_1_310' title='bbox 1735 2856 1847 2918; x_wconf 77' lang='lat' dir='ltr'><strong>corpus</strong></span> <span class='ocrx_word' id='word_1_311' title='bbox 1867 2857 1984 2919; x_wconf 85' lang='lat' dir='ltr'><strong>meum,</strong></span> <span class='ocrx_word' id='word_1_312' title='bbox 2011 2838 2048 2903; x_wconf 92' lang='lat' dir='ltr'><strong>in</strong></span> <span class='ocrx_word' id='word_1_313' title='bbox 2072 2859 2139 2921; x_wconf 88' lang='lat' dir='ltr'><strong>qua</strong></span> 
     </span>
     <span class='ocr_line' id='line_1_24' title="bbox 152 2943 2138 3036; baseline 0.001 -22"><span class='ocrx_word' id='word_1_314' title='bbox 152 2954 224 3014; x_wconf 86' lang='lat' dir='ltr'><strong>octo</strong></span> <span class='ocrx_word' id='word_1_315' title='bbox 246 2955 280 3012; x_wconf 91' lang='lat' dir='ltr'><strong>et</strong></span> <span class='ocrx_word' id='word_1_316' title='bbox 306 2945 425 3036; x_wconf 83' lang='lat' dir='ltr'><strong>viginti</strong></span> <span class='ocrx_word' id='word_1_317' title='bbox 452 2945 669 3030; x_wconf 86' lang='lat' dir='ltr'><strong>expositiones</strong></span> <span class='ocrx_word' id='word_1_318' title='bbox 696 2944 870 3013; x_wconf 81' lang='lat' dir='ltr'><strong>verborum</strong></span> <span class='ocrx_word' id='word_1_319' title='bbox 901 2943 1114 3011; x_wconf 90' lang='lat' dir='ltr'><strong>institutionis</strong></span> <span class='ocrx_word' id='word_1_320' title='bbox 1136 2965 1177 3010; x_wconf 91' lang='lat' dir='ltr'><strong>ex</strong></span> <span class='ocrx_word' id='word_1_321' title='bbox 1199 2943 1463 3011; x_wconf 80' lang='lat' dir='ltr'><strong>adversariorum</strong></span> <span class='ocrx_word' id='word_1_322' title='bbox 1484 2945 1576 3012; x_wconf 90' lang='lat' dir='ltr'><strong>libris</strong></span> <span class='ocrx_word' id='word_1_323' title='bbox 1596 2968 1621 3012; x_wconf 86' lang='lat' dir='ltr'><strong>s.</strong></span> <span class='ocrx_word' id='word_1_324' title='bbox 1643 2947 1686 3012; x_wconf 92' lang='lat' dir='ltr'><strong>D.</strong></span> <span class='ocrx_word' id='word_1_325' title='bbox 1708 2967 1739 3030; x_wconf 85' lang='lat' dir='ltr'><strong>p.</strong></span> <span class='ocrx_word' id='word_1_326' title='bbox 1762 2967 1910 3014; x_wconf 89' lang='lat' dir='ltr'><strong>corrasae</strong></span> <span class='ocrx_word' id='word_1_327' title='bbox 1929 2948 2138 3027; x_wconf 89' lang='lat' dir='ltr'><strong>exhibentur,</strong></span> 
     </span>
     <span class='ocr_line' id='line_1_25' title="bbox 151 3056 2139 3145; baseline 0.001 -21"><span class='ocrx_word' id='word_1_328' title='bbox 151 3079 288 3143; x_wconf 89' lang='lat' dir='ltr'><strong>quarum</strong></span> <span class='ocrx_word' id='word_1_329' title='bbox 305 3065 416 3122; x_wconf 91' lang='lat' dir='ltr'><strong>tamen</strong></span> <span class='ocrx_word' id='word_1_330' title='bbox 438 3058 597 3142; x_wconf 91' lang='lat' dir='ltr'><strong>plurimae</strong></span> <span class='ocrx_word' id='word_1_331' title='bbox 618 3056 706 3123; x_wconf 90' lang='lat' dir='ltr'><strong>inter</strong></span> <span class='ocrx_word' id='word_1_332' title='bbox 727 3078 763 3123; x_wconf 92' lang='lat' dir='ltr'><strong>se</strong></span> <span class='ocrx_word' id='word_1_333' title='bbox 785 3057 890 3140; x_wconf 88' lang='lat' dir='ltr'><strong>quoad</strong></span> <span class='ocrx_word' id='word_1_334' title='bbox 910 3077 1045 3123; x_wconf 89' lang='lat' dir='ltr'><strong>sensum</strong></span> <span class='ocrx_word' id='word_1_335' title='bbox 1065 3056 1113 3121; x_wconf 92' lang='lat' dir='ltr'><strong>ita</strong></span> <span class='ocrx_word' id='word_1_336' title='bbox 1134 3056 1335 3122; x_wconf 79' lang='lat' dir='ltr'><strong>conveniunt</strong></span> <span class='ocrx_word' id='word_1_337' title='bbox 1351 3064 1389 3122; x_wconf 92' lang='lat' dir='ltr'><strong>ut</strong></span> <span class='ocrx_word' id='word_1_338' title='bbox 1409 3057 1465 3141; x_wconf 90' lang='lat' dir='ltr'><strong>qui</strong></span> <span class='ocrx_word' id='word_1_339' title='bbox 1486 3056 1622 3123; x_wconf 89' lang='lat' dir='ltr'><strong>alteram</strong></span> <span class='ocrx_word' id='word_1_340' title='bbox 1643 3056 1684 3122; x_wconf 89' lang='lat' dir='ltr'><strong>ab</strong></span> <span class='ocrx_word' id='word_1_341' title='bbox 1711 3057 1815 3124; x_wconf 87' lang='lat' dir='ltr'><strong>altera</strong></span> <span class='ocrx_word' id='word_1_342' title='bbox 1836 3057 2035 3145; x_wconf 86' lang='lat' dir='ltr'><strong>distinguere</strong></span> <span class='ocrx_word' id='word_1_343' title='bbox 2057 3060 2139 3126; x_wconf 84' lang='lat' dir='ltr'><strong>velit</strong></span> 
     </span>
     <span class='ocr_line' id='line_1_26' title="bbox 151 3167 2138 3253; baseline -0.001 -16"><span class='ocrx_word' id='word_1_344' title='bbox 151 3171 233 3237; x_wconf 92' lang='lat' dir='ltr'><strong>bene</strong></span> <span class='ocrx_word' id='word_1_345' title='bbox 253 3169 400 3237; x_wconf 89' lang='lat' dir='ltr'><strong>oculatus</strong></span> <span class='ocrx_word' id='word_1_346' title='bbox 422 3189 493 3236; x_wconf 88' lang='lat' dir='ltr'><strong>esse</strong></span> <span class='ocrx_word' id='word_1_347' title='bbox 514 3167 640 3247; x_wconf 88' lang='lat' dir='ltr'><strong>debeat,</strong></span> <span class='ocrx_word' id='word_1_348' title='bbox 661 3167 702 3234; x_wconf 89' lang='lat' dir='ltr'><strong>de</strong></span> <span class='ocrx_word' id='word_1_349' title='bbox 721 3167 869 3252; x_wconf 89' lang='lat' dir='ltr'><strong>pluribus</strong></span> <span class='ocrx_word' id='word_1_350' title='bbox 891 3168 998 3247; x_wconf 87' lang='lat' dir='ltr'><strong>etiam,</strong></span> <span class='ocrx_word' id='word_1_351' title='bbox 1021 3189 1064 3233; x_wconf 90' lang='lat' dir='ltr'><strong>an</strong></span> <span class='ocrx_word' id='word_1_352' title='bbox 1085 3188 1202 3234; x_wconf 79' lang='lat' dir='ltr'><strong>revera</strong></span> <span class='ocrx_word' id='word_1_353' title='bbox 1222 3168 1275 3234; x_wconf 91' lang='lat' dir='ltr'><strong>his</strong></span> <span class='ocrx_word' id='word_1_354' title='bbox 1295 3167 1444 3235; x_wconf 83' lang='lat' dir='ltr'><strong>formulis</strong></span> <span class='ocrx_word' id='word_1_355' title='bbox 1461 3189 1607 3253; x_wconf 91' lang='lat' dir='ltr'><strong>unquam</strong></span> <span class='ocrx_word' id='word_1_356' title='bbox 1624 3189 1797 3252; x_wconf 83' lang='lat' dir='ltr'><strong>expressae</strong></span> <span class='ocrx_word' id='word_1_357' title='bbox 1814 3170 1943 3251; x_wconf 81' lang='lat' dir='ltr'><strong>fuerint,</strong></span> <span class='ocrx_word' id='word_1_358' title='bbox 1965 3169 2053 3236; x_wconf 89' lang='lat' dir='ltr'><strong>haud</strong></span> <span class='ocrx_word' id='word_1_359' title='bbox 2074 3171 2138 3235; x_wconf 94' lang='lat' dir='ltr'><strong>im·</strong></span> 
     </span>
     <span class='ocr_line' id='line_1_27' title="bbox 150 3278 2138 3366; baseline -0.001 -19"><span class='ocrx_word' id='word_1_360' title='bbox 150 3281 265 3347; x_wconf 88' lang='lat' dir='ltr'><strong>meritc</strong></span> <span class='ocrx_word' id='word_1_361' title='bbox 288 3280 430 3347; x_wconf 89' lang='lat' dir='ltr'><strong>dubitari</strong></span> <span class='ocrx_word' id='word_1_362' title='bbox 452 3288 556 3365; x_wconf 83' lang='lat' dir='ltr'><strong>queat</strong></span> <span class='ocrx_word' id='word_1_363' title='bbox 587 3280 708 3345; x_wconf 83' lang='lat' dir='ltr'><strong>Finem</strong></span> <span class='ocrx_word' id='word_1_364' title='bbox 728 3279 808 3345; x_wconf 88' lang='lat' dir='ltr'><strong>facit</strong></span> <span class='ocrx_word' id='word_1_365' title='bbox 827 3279 1016 3363; x_wconf 90' lang='lat' dir='ltr'><strong>Westphali</strong></span> <span class='ocrx_word' id='word_1_366' title='bbox 1033 3279 1214 3345; x_wconf 81' lang='lat' dir='ltr'><strong>Admonitic</strong></span> <span class='ocrx_word' id='word_1_367' title='bbox 1235 3279 1272 3346; x_wconf 82' lang='lat' dir='ltr'><strong>de</strong></span> <span class='ocrx_word' id='word_1_368' title='bbox 1290 3279 1525 3361; x_wconf 65' lang='lat' dir='ltr'><strong>mantuanam</strong></span> <span class='ocrx_word' id='word_1_369' title='bbox 1541 3281 1680 3363; x_wconf 66' lang='lat' dir='ltr'><strong>commis</strong></span> <span class='ocrx_word' id='word_1_370' title='bbox 1697 3285 1725 3346; x_wconf 87' lang='lat' dir='ltr'><strong>et</strong></span> <span class='ocrx_word' id='word_1_371' title='bbox 1738 3287 1819 3364; x_wconf 79' lang='lat' dir='ltr'><strong>pota</strong></span> <span class='ocrx_word' id='word_1_372' title='bbox 1834 3281 2000 3366; x_wconf 67' lang='lat' dir='ltr'><strong>sanguinis</strong></span> <span class='ocrx_word' id='word_1_373' title='bbox 2019 3278 2138 3347; x_wconf 76' lang='grc'><strong>0111111</strong></span> 
     </span>
     <span class='ocr_line' id='line_1_28' title="bbox 151 3388 1789 3477; baseline 0 -19"><span class='ocrx_word' id='word_1_374' title='bbox 151 3414 235 3477; x_wconf 91' lang='lat' dir='ltr'><strong>quae</strong></span> <span class='ocrx_word' id='word_1_375' title='bbox 257 3400 307 3459; x_wconf 92' lang='lat' dir='ltr'><strong>est</strong></span> <span class='ocrx_word' id='word_1_376' title='bbox 328 3393 437 3459; x_wconf 85' lang='lat' dir='ltr'><strong>brevis</strong></span> <span class='ocrx_word' id='word_1_377' title='bbox 458 3391 608 3475; x_wconf 89' lang='lat' dir='ltr'><strong>repetitio</strong></span> <span class='ocrx_word' id='word_1_378' title='bbox 628 3391 787 3457; x_wconf 83' lang='lat' dir='ltr'><strong>formulae</strong></span> <span class='ocrx_word' id='word_1_379' title='bbox 808 3390 1010 3472; x_wconf 88' lang='lat' dir='ltr'><strong>lutheranae,</strong></span> <span class='ocrx_word' id='word_1_380' title='bbox 1032 3388 1208 3474; x_wconf 90' lang='lat' dir='ltr'><strong>eademque</strong></span> <span class='ocrx_word' id='word_1_381' title='bbox 1230 3390 1328 3457; x_wconf 91' lang='lat' dir='ltr'><strong>simul</strong></span> <span class='ocrx_word' id='word_1_382' title='bbox 1349 3391 1549 3476; x_wconf 89' lang='lat' dir='ltr'><strong>apologetica</strong></span> <span class='ocrx_word' id='word_1_383' title='bbox 1569 3399 1603 3456; x_wconf 89' lang='lat' dir='ltr'><strong>et</strong></span> <span class='ocrx_word' id='word_1_384' title='bbox 1622 3391 1789 3475; x_wconf 85' lang='lat' dir='ltr'><strong>polemica</strong></span> 
     </span>
    </p>

    <p class='ocr_par' dir='ltr' id='par_1_4' title="bbox 150 3499 2142 4588">
     <span class='ocr_line' id='line_1_29' title="bbox 303 3499 2137 3587; baseline -0.002 -16"><span class='ocrx_word' id='word_1_385' title='bbox 303 3503 393 3571; x_wconf 92' lang='lat' dir='ltr'><strong>Huic</strong></span> <span class='ocrx_word' id='word_1_386' title='bbox 415 3502 520 3586; x_wconf 91' lang='lat' dir='ltr'><strong>primo</strong></span> <span class='ocrx_word' id='word_1_387' title='bbox 542 3523 601 3568; x_wconf 89' lang='lat' dir='ltr'><strong>suo</strong></span> <span class='ocrx_word' id='word_1_388' title='bbox 623 3502 777 3587; x_wconf 90' lang='lat' dir='ltr'><strong>opusculo</strong></span> <span class='ocrx_word' id='word_1_389' title='bbox 801 3509 916 3568; x_wconf 90' lang='lat' dir='ltr'><strong>contra</strong></span> <span class='ocrx_word' id='word_1_390' title='bbox 939 3501 1115 3568; x_wconf 76' lang='lat' dir='ltr'><strong>Calvinum</strong></span> <span class='ocrx_word' id='word_1_391' title='bbox 1137 3499 1223 3567; x_wconf 90' lang='lat' dir='ltr'><strong>edito</strong></span> <span class='ocrx_word' id='word_1_392' title='bbox 1244 3522 1322 3568; x_wconf 88' lang='lat' dir='ltr'><strong>mcx</strong></span> <span class='ocrx_word' id='word_1_393' title='bbox 1342 3503 1493 3569; x_wconf 88' lang='lat' dir='ltr'><strong>comitem</strong></span> <span class='ocrx_word' id='word_1_394' title='bbox 1509 3499 1636 3568; x_wconf 90' lang='lat' dir='ltr'><strong>eddidit</strong></span> <span class='ocrx_word' id='word_1_395' title='bbox 1652 3501 1800 3583; x_wconf 88' lang='lat' dir='ltr'><strong>alterum,</strong></span> <span class='ocrx_word' id='word_1_396' title='bbox 1823 3503 1916 3570; x_wconf 89' lang='lat' dir='ltr'><strong>cuius</strong></span> <span class='ocrx_word' id='word_1_397' title='bbox 1934 3503 2050 3570; x_wconf 90' lang='lat' dir='ltr'><strong>titulus</strong></span> <span class='ocrx_word' id='word_1_398' title='bbox 2071 3511 2137 3570; x_wconf 90' lang='lat' dir='ltr'><strong>est:</strong></span> 
     </span>
     <span class='ocr_line' id='line_1_30' title="bbox 153 3612 2140 3704; baseline 0.001 -23"><span class='ocrx_word' id='word_1_399' title='bbox 153 3613 250 3681; x_wconf 81' lang='lat' dir='ltr'><strong>Recte</strong></span> <span class='ocrx_word' id='word_1_400' title='bbox 268 3615 346 3704; x_wconf 78' lang='lat' dir='ltr'><strong>fides</strong></span> <span class='ocrx_word' id='word_1_401' title='bbox 365 3615 403 3680; x_wconf 84' lang='lat' dir='ltr'><strong>de</strong></span> <span class='ocrx_word' id='word_1_402' title='bbox 424 3613 526 3688; x_wconf 74' lang='grc'><strong>01111</strong></span> <span class='ocrx_word' id='word_1_403' title='bbox 546 3613 738 3680; x_wconf 71' lang='lat' dir='ltr'><strong>Dominicis</strong></span> <span class='ocrx_word' id='word_1_404' title='bbox 763 3613 864 3680; x_wconf 80' lang='lat' dir='ltr'><strong>ambis</strong></span> <span class='ocrx_word' id='word_1_405' title='bbox 892 3613 1023 3697; x_wconf 70' lang='lat' dir='ltr'><strong>apomeli</strong></span> <span class='ocrx_word' id='word_1_406' title='bbox 1046 3612 1144 3679; x_wconf 85' lang='lat' dir='ltr'><strong>Penii</strong></span> <span class='ocrx_word' id='word_1_407' title='bbox 1170 3619 1199 3679; x_wconf 87' lang='lat' dir='ltr'><strong>et</strong></span> <span class='ocrx_word' id='word_1_408' title='bbox 1220 3614 1478 3698; x_wconf 69' lang='lat' dir='ltr'><strong>eamqetietmmm</strong></span> <span class='ocrx_word' id='word_1_409' title='bbox 1503 3615 1713 3680; x_wconf 71' lang='lat' dir='ltr'><strong>demommma</strong></span> <span class='ocrx_word' id='word_1_410' title='bbox 1739 3635 1777 3680; x_wconf 86' lang='lat' dir='ltr'><strong>cc</strong></span> <span class='ocrx_word' id='word_1_411' title='bbox 1804 3617 1992 3682; x_wconf 71' lang='lat' dir='ltr'><strong>mmnnita</strong></span> <span class='ocrx_word' id='word_1_412' title='bbox 2006 3636 2069 3697; x_wconf 79' lang='lat' dir='ltr'><strong>per</strong></span> <span class='ocrx_word' id='word_1_413' title='bbox 2089 3613 2140 3688; x_wconf 83' lang='grc' dir='ltr'><strong>Μ.</strong></span> 
     </span>
     <span class='ocr_line' id='line_1_31' title="bbox 151 3723 2138 3813; baseline 0.001 -22"><span class='ocrx_word' id='word_1_414' title='bbox 151 3725 345 3793; x_wconf 84' lang='lat' dir='ltr'><strong>Ioacbimnm</strong></span> <span class='ocrx_word' id='word_1_415' title='bbox 374 3724 587 3809; x_wconf 73' lang='lat' dir='ltr'><strong>Westptelun</strong></span> <span class='ocrx_word' id='word_1_416' title='bbox 608 3724 750 3792; x_wconf 71' lang='grc'><strong>1111111111</strong></span> <span class='ocrx_word' id='word_1_417' title='bbox 770 3723 1020 3809; x_wconf 65' lang='lat' dir='ltr'><strong>samurensis</strong></span> <span class='ocrx_word' id='word_1_418' title='bbox 1035 3730 1195 3807; x_wconf 77' lang='lat' dir='ltr'><strong>pastorem</strong></span> <span class='ocrx_word' id='word_1_419' title='bbox 1219 3728 1309 3791; x_wconf 83' lang='grc'><strong>1513.</strong></span> <span class='ocrx_word' id='word_1_420' title='bbox 1344 3725 1532 3810; x_wconf 81' lang='lat' dir='ltr'><strong>Epigraphe</strong></span> <span class='ocrx_word' id='word_1_421' title='bbox 1554 3725 1725 3809; x_wconf 87' lang='lat' dir='ltr'><strong>desumpta</strong></span> <span class='ocrx_word' id='word_1_422' title='bbox 1746 3734 1797 3793; x_wconf 90' lang='lat' dir='ltr'><strong>est</strong></span> <span class='ocrx_word' id='word_1_423' title='bbox 1817 3725 1992 3792; x_wconf 80' lang='grc'><strong>1110112.</strong></span> <span class='ocrx_word' id='word_1_424' title='bbox 2012 3727 2138 3813; x_wconf 86' lang='grc'><strong>(6-8).</strong></span> 
     </span>
     <span class='ocr_line' id='line_1_32' title="bbox 150 3834 2137 3921; baseline 0.001 -19"><span class='ocrx_word' id='word_1_425' title='bbox 150 3836 193 3902; x_wconf 91' lang='lat' dir='ltr'><strong>In</strong></span> <span class='ocrx_word' id='word_1_426' title='bbox 214 3837 281 3902; x_wconf 90' lang='lat' dir='ltr'><strong>fine</strong></span> <span class='ocrx_word' id='word_1_427' title='bbox 302 3836 435 3921; x_wconf 88' lang='lat' dir='ltr'><strong>legitur:</strong></span> <span class='ocrx_word' id='word_1_428' title='bbox 460 3836 656 3918; x_wconf 82' lang='lat' dir='ltr'><strong>Impreeenm</strong></span> <span class='ocrx_word' id='word_1_429' title='bbox 678 3834 911 3921; x_wconf 73' lang='lat' dir='ltr'><strong>Mopdebarqce</strong></span> <span class='ocrx_word' id='word_1_430' title='bbox 931 3835 1017 3919; x_wconf 71' lang='lat' dir='ltr'><strong>amad</strong></span> <span class='ocrx_word' id='word_1_431' title='bbox 1036 3835 1132 3903; x_wconf 74' lang='lat' dir='ltr'><strong>Micia</strong></span> <span class='ocrx_word' id='word_1_432' title='bbox 1156 3835 1341 3903; x_wconf 74' lang='lat' dir='ltr'><strong>Lodtnram.</strong></span> <span class='ocrx_word' id='word_1_433' title='bbox 1386 3835 1627 3918; x_wconf 77' lang='lat' dir='ltr'><strong>Quaterniones</strong></span> <span class='ocrx_word' id='word_1_434' title='bbox 1647 3846 1725 3903; x_wconf 89' lang='lat' dir='ltr'><strong>suut</strong></span> <span class='ocrx_word' id='word_1_435' title='bbox 1745 3847 1827 3904; x_wconf 85' lang='lat' dir='ltr'><strong>ceto.</strong></span> <span class='ocrx_word' id='word_1_436' title='bbox 1864 3837 2021 3904; x_wconf 83' lang='lat' dir='ltr'><strong>Eiusdem</strong></span> <span class='ocrx_word' id='word_1_437' title='bbox 2038 3839 2137 3904; x_wconf 90' lang='lat' dir='ltr'><strong>aliam</strong></span> 
     </span>
     <span class='ocr_line' id='line_1_33' title="bbox 152 3946 2138 4034; baseline -0.001 -20"><span class='ocrx_word' id='word_1_438' title='bbox 152 3946 327 4014; x_wconf 90' lang='lat' dir='ltr'><strong>editionem</strong></span> <span class='ocrx_word' id='word_1_439' title='bbox 350 3947 557 4027; x_wconf 91' lang='lat' dir='ltr'><strong>contulimus,</strong></span> <span class='ocrx_word' id='word_1_440' title='bbox 579 3947 789 4032; x_wconf 81' lang='lat' dir='ltr'><strong>Argentorati</strong></span> <span class='ocrx_word' id='word_1_441' title='bbox 808 3947 932 4013; x_wconf 89' lang='lat' dir='ltr'><strong>incerto</strong></span> <span class='ocrx_word' id='word_1_442' title='bbox 954 3966 1040 4013; x_wconf 88' lang='lat' dir='ltr'><strong>anuo</strong></span> <span class='ocrx_word' id='word_1_443' title='bbox 1062 3967 1216 4014; x_wconf 91' lang='lat' dir='ltr'><strong>excusam</strong></span> <span class='ocrx_word' id='word_1_444' title='bbox 1232 3946 1450 4031; x_wconf 88' lang='lat' dir='ltr'><strong>perBlasium</strong></span> <span class='ocrx_word' id='word_1_445' title='bbox 1462 3946 1659 4029; x_wconf 78' lang='lat' dir='ltr'><strong>Fabricium,</strong></span> <span class='ocrx_word' id='word_1_446' title='bbox 1681 3948 1734 4016; x_wconf 90' lang='lat' dir='ltr'><strong>eui</strong></span> <span class='ocrx_word' id='word_1_447' title='bbox 1755 3949 1866 4016; x_wconf 89' lang='lat' dir='ltr'><strong>addita</strong></span> <span class='ocrx_word' id='word_1_448' title='bbox 1887 3958 1974 4028; x_wconf 87' lang='lat' dir='ltr'><strong>sunt,</strong></span> <span class='ocrx_word' id='word_1_449' title='bbox 1996 3949 2025 4015; x_wconf 90' lang='lat' dir='ltr'><strong>si</strong></span> <span class='ocrx_word' id='word_1_450' title='bbox 2041 3955 2138 4034; x_wconf 85' lang='lat' dir='ltr'><strong>typo-</strong></span> 
     </span>
     <span class='ocr_line' id='line_1_34' title="bbox 154 4056 2138 4144; baseline 0 -20"><span class='ocrx_word' id='word_1_451' title='bbox 154 4059 317 4144; x_wconf 89' lang='lat' dir='ltr'><strong>graphum</strong></span> <span class='ocrx_word' id='word_1_452' title='bbox 343 4057 499 4139; x_wconf 89' lang='lat' dir='ltr'><strong>audieris,</strong></span> <span class='ocrx_word' id='word_1_453' title='bbox 527 4058 591 4125; x_wconf 90' lang='lat' dir='ltr'><strong>alia</strong></span> <span class='ocrx_word' id='word_1_454' title='bbox 617 4056 763 4125; x_wconf 89' lang='lat' dir='ltr'><strong>eiusdem</strong></span> <span class='ocrx_word' id='word_1_455' title='bbox 794 4058 923 4144; x_wconf 89' lang='lat' dir='ltr'><strong>generis</strong></span> <span class='ocrx_word' id='word_1_456' title='bbox 949 4057 1164 4125; x_wconf 88' lang='lat' dir='ltr'><strong>saluberrima</strong></span> <span class='ocrx_word' id='word_1_457' title='bbox 1195 4059 1358 4144; x_wconf 85' lang='lat' dir='ltr'><strong>opuscula</strong></span> <span class='ocrx_word' id='word_1_458' title='bbox 1403 4058 1529 4125; x_wconf 85' lang='lat' dir='ltr'><strong>Verum</strong></span> <span class='ocrx_word' id='word_1_459' title='bbox 1558 4059 1656 4126; x_wconf 91' lang='lat' dir='ltr'><strong>unica</strong></span> <span class='ocrx_word' id='word_1_460' title='bbox 1687 4060 1780 4128; x_wconf 89' lang='lat' dir='ltr'><strong>adest</strong></span> <span class='ocrx_word' id='word_1_461' title='bbox 1801 4059 1945 4127; x_wconf 81' lang='lat' dir='ltr'><strong>Ilrhardi</strong></span> <span class='ocrx_word' id='word_1_462' title='bbox 1967 4058 2138 4143; x_wconf 82' lang='lat' dir='ltr'><strong>Schnepiii</strong></span> 
     </span>
     <span class='ocr_line' id='line_1_35' title="bbox 151 4150 2139 4256; baseline 0.001 -20"><span class='ocrx_word' id='word_1_463' title='bbox 151 4170 310 4237; x_wconf 80' lang='lat' dir='ltr'><strong>confessio</strong></span> <span class='ocrx_word' id='word_1_464' title='bbox 332 4191 418 4235; x_wconf 92' lang='lat' dir='ltr'><strong>anuo</strong></span> <span class='ocrx_word' id='word_1_465' title='bbox 443 4174 524 4235; x_wconf 78' lang='lat'>1555</span> <span class='ocrx_word' id='word_1_466' title='bbox 541 4150 685 4237; x_wconf 82' lang='grc' dir='ltr'><strong>Ι11111111</strong></span> <span class='ocrx_word' id='word_1_467' title='bbox 707 4167 872 4236; x_wconf 83' lang='lat' dir='ltr'><strong>Saxoniae</strong></span> <span class='ocrx_word' id='word_1_468' title='bbox 893 4168 1010 4236; x_wconf 84' lang='lat' dir='ltr'><strong>oblata</strong></span> <span class='ocrx_word' id='word_1_469' title='bbox 1055 4171 1174 4237; x_wconf 74' lang='lat' dir='ltr'><strong>Totum</strong></span> <span class='ocrx_word' id='word_1_470' title='bbox 1203 4170 1265 4238; x_wconf 94' lang='lat' dir='ltr'><strong>hoc</strong></span> <span class='ocrx_word' id='word_1_471' title='bbox 1291 4170 1446 4237; x_wconf 79' lang='lat' dir='ltr'><strong>volumen</strong></span> <span class='ocrx_word' id='word_1_472' title='bbox 1474 4169 1699 4254; x_wconf 91' lang='lat' dir='ltr'><strong>complectitur</strong></span> <span class='ocrx_word' id='word_1_473' title='bbox 1726 4171 1955 4256; x_wconf 88' lang='lat' dir='ltr'><strong>quaterniones</strong></span> <span class='ocrx_word' id='word_1_474' title='bbox 1981 4169 2139 4237; x_wconf 87' lang='lat' dir='ltr'><strong>duodevi-</strong></span> 
     </span>
     <span class='ocr_line' id='line_1_36' title="bbox 152 4279 2142 4368; baseline 0.002 -23"><span class='ocrx_word' id='word_1_475' title='bbox 152 4280 245 4366; x_wconf 86' lang='lat' dir='ltr'><strong>ginti.</strong></span> <span class='ocrx_word' id='word_1_476' title='bbox 278 4281 373 4348; x_wconf 85' lang='lat' dir='ltr'><strong>Libri</strong></span> <span class='ocrx_word' id='word_1_477' title='bbox 395 4288 634 4366; x_wconf 90' lang='lat' dir='ltr'><strong>argumentum,</strong></span> <span class='ocrx_word' id='word_1_478' title='bbox 657 4281 688 4348; x_wconf 91' lang='lat' dir='ltr'><strong>si</strong></span> <span class='ocrx_word' id='word_1_479' title='bbox 706 4281 844 4347; x_wconf 80' lang='lat' dir='ltr'><strong>formam</strong></span> <span class='ocrx_word' id='word_1_480' title='bbox 862 4280 1090 4365; x_wconf 88' lang='lat' dir='ltr'><strong>disputationis</strong></span> <span class='ocrx_word' id='word_1_481' title='bbox 1106 4281 1250 4365; x_wconf 86' lang='lat' dir='ltr'><strong>respicis,</strong></span> <span class='ocrx_word' id='word_1_482' title='bbox 1272 4282 1452 4347; x_wconf 90' lang='lat' dir='ltr'><strong>maximam</strong></span> <span class='ocrx_word' id='word_1_483' title='bbox 1467 4290 1595 4366; x_wconf 85' lang='lat' dir='ltr'><strong>partem</strong></span> <span class='ocrx_word' id='word_1_484' title='bbox 1614 4284 1781 4368; x_wconf 87' lang='lat' dir='ltr'><strong>exegetica</strong></span> <span class='ocrx_word' id='word_1_485' title='bbox 1797 4280 1950 4348; x_wconf 90' lang='lat' dir='ltr'><strong>methodo</strong></span> <span class='ocrx_word' id='word_1_486' title='bbox 1968 4279 2142 4349; x_wconf 88' lang='lat' dir='ltr'><strong>deducitur</strong></span> 
     </span>
     <span class='ocr_line' id='line_1_37' title="bbox 151 4390 2140 4477; baseline 0.001 -18"><span class='ocrx_word' id='word_1_487' title='bbox 151 4415 194 4459; x_wconf 88' lang='lat' dir='ltr'><strong>ex</strong></span> <span class='ocrx_word' id='word_1_488' title='bbox 214 4392 285 4459; x_wconf 91' lang='lat' dir='ltr'><strong>loco</strong></span> <span class='ocrx_word' id='word_1_489' title='bbox 306 4390 440 4459; x_wconf 90' lang='lat' dir='ltr'><strong>classico</strong></span> <span class='ocrx_word' id='word_1_490' title='bbox 462 4394 478 4460; x_wconf 88' lang='lat'>1</span> <span class='ocrx_word' id='word_1_491' title='bbox 505 4392 580 4459; x_wconf 78' lang='lat' dir='ltr'><strong>(ior.</strong></span> <span class='ocrx_word' id='word_1_492' title='bbox 602 4391 665 4458; x_wconf 84' lang='lat' dir='ltr'><strong>XL</strong></span> <span class='ocrx_word' id='word_1_493' title='bbox 688 4414 763 4460; x_wconf 90' lang='lat' dir='ltr'><strong>cum</strong></span> <span class='ocrx_word' id='word_1_494' title='bbox 784 4392 862 4460; x_wconf 86' lang='lat' dir='ltr'><strong>locis</strong></span> <span class='ocrx_word' id='word_1_495' title='bbox 883 4391 1048 4477; x_wconf 88' lang='lat' dir='ltr'><strong>parallelis</strong></span> <span class='ocrx_word' id='word_1_496' title='bbox 1069 4391 1316 4477; x_wconf 87' lang='lat' dir='ltr'><strong>evangeliorum</strong></span> <span class='ocrx_word' id='word_1_497' title='bbox 1332 4391 1459 4475; x_wconf 89' lang='lat' dir='ltr'><strong>collato,</strong></span> <span class='ocrx_word' id='word_1_498' title='bbox 1481 4395 1528 4459; x_wconf 90' lang='lat' dir='ltr'><strong>ita</strong></span> <span class='ocrx_word' id='word_1_499' title='bbox 1547 4401 1658 4461; x_wconf 90' lang='lat' dir='ltr'><strong>tamen</strong></span> <span class='ocrx_word' id='word_1_500' title='bbox 1674 4401 1712 4459; x_wconf 92' lang='lat' dir='ltr'><strong>ut</strong></span> <span class='ocrx_word' id='word_1_501' title='bbox 1728 4392 1865 4460; x_wconf 86' lang='lat' dir='ltr'><strong>subinde</strong></span> <span class='ocrx_word' id='word_1_502' title='bbox 1876 4391 2140 4460; x_wconf 83' lang='lat' dir='ltr'><strong>adversariorum</strong></span> 
     </span>
     <span class='ocr_line' id='line_1_38' title="bbox 151 4503 822 4588; baseline 0.001 -19"><span class='ocrx_word' id='word_1_503' title='bbox 151 4503 271 4588; x_wconf 89' lang='lat' dir='ltr'><strong>placita</strong></span> <span class='ocrx_word' id='word_1_504' title='bbox 291 4503 396 4570; x_wconf 90' lang='lat' dir='ltr'><strong>obiter</strong></span> <span class='ocrx_word' id='word_1_505' title='bbox 418 4503 583 4571; x_wconf 88' lang='lat' dir='ltr'><strong>declarata</strong></span> <span class='ocrx_word' id='word_1_506' title='bbox 605 4504 822 4571; x_wconf 84' lang='lat' dir='ltr'><strong>confutentur.</strong></span> 
     </span>
    </p>

    <p class='ocr_par' dir='ltr' id='par_1_5' title="bbox 150 4613 2143 5241">
     <span class='ocr_line' id='line_1_39' title="bbox 305 4613 2140 4702; baseline 0.002 -23"><span class='ocrx_word' id='word_1_507' title='bbox 305 4613 414 4681; x_wconf 80' lang='lat' dir='ltr'><strong>Simul</strong></span> <span class='ocrx_word' id='word_1_508' title='bbox 435 4637 473 4682; x_wconf 89' lang='lat' dir='ltr'><strong>ac</strong></span> <span class='ocrx_word' id='word_1_509' title='bbox 495 4616 575 4683; x_wconf 87' lang='lat' dir='ltr'><strong>haec</strong></span> <span class='ocrx_word' id='word_1_510' title='bbox 596 4615 660 4682; x_wconf 90' lang='lat' dir='ltr'><strong>duo</strong></span> <span class='ocrx_word' id='word_1_511' title='bbox 681 4615 871 4701; x_wconf 87' lang='lat' dir='ltr'><strong>Westphali</strong></span> <span class='ocrx_word' id='word_1_512' title='bbox 891 4615 1048 4700; x_wconf 90' lang='lat' dir='ltr'><strong>opuscula</strong></span> <span class='ocrx_word' id='word_1_513' title='bbox 1070 4616 1232 4682; x_wconf 88' lang='lat' dir='ltr'><strong>Helvetiis</strong></span> <span class='ocrx_word' id='word_1_514' title='bbox 1253 4616 1481 4700; x_wconf 88' lang='lat' dir='ltr'><strong>innotuerunt,</strong></span> <span class='ocrx_word' id='word_1_515' title='bbox 1511 4617 1545 4682; x_wconf 96' lang='lat' dir='ltr'><strong>hi</strong></span> <span class='ocrx_word' id='word_1_516' title='bbox 1567 4616 1607 4683; x_wconf 92' lang='lat' dir='ltr'><strong>de</strong></span> <span class='ocrx_word' id='word_1_517' title='bbox 1628 4616 1838 4699; x_wconf 87' lang='lat' dir='ltr'><strong>responsione</strong></span> <span class='ocrx_word' id='word_1_518' title='bbox 1864 4615 1991 4684; x_wconf 88' lang='lat' dir='ltr'><strong>edenda</strong></span> <span class='ocrx_word' id='word_1_519' title='bbox 2017 4617 2140 4702; x_wconf 86' lang='lat' dir='ltr'><strong>cogita-</strong></span> 
     </span>
     <span class='ocr_line' id='line_1_40' title="bbox 152 4724 2140 4813; baseline 0 -21"><span class='ocrx_word' id='word_1_520' title='bbox 152 4734 240 4806; x_wconf 88' lang='lat' dir='ltr'><strong>runt,</strong></span> <span class='ocrx_word' id='word_1_521' title='bbox 263 4724 320 4792; x_wconf 89' lang='lat' dir='ltr'><strong>sed</strong></span> <span class='ocrx_word' id='word_1_522' title='bbox 337 4746 395 4809; x_wconf 89' lang='lat' dir='ltr'><strong>per</strong></span> <span class='ocrx_word' id='word_1_523' title='bbox 417 4726 548 4811; x_wconf 91' lang='lat' dir='ltr'><strong>aliquod</strong></span> <span class='ocrx_word' id='word_1_524' title='bbox 569 4733 699 4812; x_wconf 88' lang='lat' dir='ltr'><strong>tempus</strong></span> <span class='ocrx_word' id='word_1_525' title='bbox 721 4726 805 4794; x_wconf 88' lang='lat' dir='ltr'><strong>alius</strong></span> <span class='ocrx_word' id='word_1_526' title='bbox 827 4727 930 4794; x_wconf 86' lang='lat' dir='ltr'><strong>alium</strong></span> <span class='ocrx_word' id='word_1_527' title='bbox 949 4727 1065 4793; x_wconf 85' lang='lat' dir='ltr'><strong>athas</strong></span> <span class='ocrx_word' id='word_1_528' title='bbox 1086 4736 1195 4812; x_wconf 90' lang='lat' dir='ltr'><strong>partes</strong></span> <span class='ocrx_word' id='word_1_529' title='bbox 1216 4729 1394 4812; x_wconf 89' lang='lat' dir='ltr'><strong>susciperet</strong></span> <span class='ocrx_word' id='word_1_530' title='bbox 1414 4750 1473 4813; x_wconf 91' lang='lat' dir='ltr'><strong>per</strong></span> <span class='ocrx_word' id='word_1_531' title='bbox 1493 4729 1604 4795; x_wconf 87' lang='lat' dir='ltr'><strong>literas</strong></span> <span class='ocrx_word' id='word_1_532' title='bbox 1626 4727 1813 4808; x_wconf 88' lang='lat' dir='ltr'><strong>incitabant,</strong></span> <span class='ocrx_word' id='word_1_533' title='bbox 1835 4727 2059 4813; x_wconf 89' lang='lat' dir='ltr'><strong>Bulliugerus,</strong></span> <span class='ocrx_word' id='word_1_534' title='bbox 2081 4728 2140 4793; x_wconf 92' lang='lat' dir='ltr'><strong>Bi·</strong></span> 
     </span>
     <span class='ocr_line' id='line_1_41' title="bbox 152 4836 2143 4925; baseline -0.001 -20"><span class='ocrx_word' id='word_1_535' title='bbox 152 4836 310 4919; x_wconf 88' lang='lat' dir='ltr'><strong>bliander,</strong></span> <span class='ocrx_word' id='word_1_536' title='bbox 333 4836 478 4919; x_wconf 85' lang='lat' dir='ltr'><strong>Viretus,</strong></span> <span class='ocrx_word' id='word_1_537' title='bbox 502 4838 672 4920; x_wconf 77' lang='lat' dir='ltr'><strong>Calvinus,</strong></span> <span class='ocrx_word' id='word_1_538' title='bbox 696 4839 765 4921; x_wconf 91' lang='lat' dir='ltr'><strong>alii;</strong></span> <span class='ocrx_word' id='word_1_539' title='bbox 784 4846 818 4904; x_wconf 91' lang='lat' dir='ltr'><strong>et</strong></span> <span class='ocrx_word' id='word_1_540' title='bbox 838 4838 1082 4925; x_wconf 86' lang='lat' dir='ltr'><strong>diuantequam</strong></span> <span class='ocrx_word' id='word_1_541' title='bbox 1103 4838 1225 4924; x_wconf 89' lang='lat' dir='ltr'><strong>aliquid</strong></span> <span class='ocrx_word' id='word_1_542' title='bbox 1247 4846 1409 4905; x_wconf 88' lang='lat' dir='ltr'><strong>tentatum</strong></span> <span class='ocrx_word' id='word_1_543' title='bbox 1431 4848 1489 4906; x_wconf 89' lang='lat' dir='ltr'><strong>aut</strong></span> <span class='ocrx_word' id='word_1_544' title='bbox 1509 4840 1676 4923; x_wconf 88' lang='lat' dir='ltr'><strong>inceptum</strong></span> <span class='ocrx_word' id='word_1_545' title='bbox 1697 4839 1798 4905; x_wconf 82' lang='lat' dir='ltr'><strong>fuerit</strong></span> <span class='ocrx_word' id='word_1_546' title='bbox 1817 4841 1884 4905; x_wconf 91' lang='lat' dir='ltr'><strong>iam</strong></span> <span class='ocrx_word' id='word_1_547' title='bbox 1905 4838 1993 4922; x_wconf 89' lang='lat' dir='ltr'><strong>apud</strong></span> <span class='ocrx_word' id='word_1_548' title='bbox 2010 4848 2143 4905; x_wconf 87' lang='lat' dir='ltr'><strong>exteros</strong></span> 
     </span>
     <span class='ocr_line' id='line_1_42' title="bbox 150 4949 2142 5036; baseline 0 -21"><span class='ocrx_word' id='word_1_549' title='bbox 150 4951 239 5015; x_wconf 88' lang='lat' dir='ltr'><strong>sama</strong></span> <span class='ocrx_word' id='word_1_550' title='bbox 259 4949 361 5016; x_wconf 82' lang='lat' dir='ltr'><strong>futuri</strong></span> <span class='ocrx_word' id='word_1_551' title='bbox 382 4952 529 5034; x_wconf 90' lang='lat' dir='ltr'><strong>responsi</strong></span> <span class='ocrx_word' id='word_1_552' title='bbox 551 4950 725 5031; x_wconf 79' lang='lat' dir='ltr'><strong>volitabat,</strong></span> <span class='ocrx_word' id='word_1_553' title='bbox 753 4951 873 5036; x_wconf 87' lang='lat' dir='ltr'><strong>partim</strong></span> <span class='ocrx_word' id='word_1_554' title='bbox 901 4971 976 5017; x_wconf 90' lang='lat' dir='ltr'><strong>cnm</strong></span> <span class='ocrx_word' id='word_1_555' title='bbox 998 4971 1071 5036; x_wconf 89' lang='lat' dir='ltr'><strong>spe,</strong></span> <span class='ocrx_word' id='word_1_556' title='bbox 1099 4951 1218 5036; x_wconf 90' lang='lat' dir='ltr'><strong>partim</strong></span> <span class='ocrx_word' id='word_1_557' title='bbox 1245 4972 1320 5018; x_wconf 92' lang='lat' dir='ltr'><strong>cum</strong></span> <span class='ocrx_word' id='word_1_558' title='bbox 1340 4959 1431 5018; x_wconf 91' lang='lat' dir='ltr'><strong>metu</strong></span> <span class='ocrx_word' id='word_1_559' title='bbox 1452 4957 1601 5034; x_wconf 85' lang='lat' dir='ltr'><strong>excepta,</strong></span> <span class='ocrx_word' id='word_1_560' title='bbox 1627 4973 1695 5017; x_wconf 94' lang='lat' dir='ltr'><strong>non</strong></span> <span class='ocrx_word' id='word_1_561' title='bbox 1721 4952 1834 5035; x_wconf 89' lang='lat' dir='ltr'><strong>paucis</strong></span> <span class='ocrx_word' id='word_1_562' title='bbox 1861 4952 2001 5036; x_wconf 87' lang='lat' dir='ltr'><strong>sopitum</strong></span> <span class='ocrx_word' id='word_1_563' title='bbox 2028 4950 2142 5036; x_wconf 89' lang='lat' dir='ltr'><strong>ignem</strong></span> 
     </span>
     <span class='ocr_line' id='line_1_43' title="bbox 152 5060 2143 5149; baseline 0.002 -25"><span class='ocrx_word' id='word_1_564' title='bbox 152 5061 258 5145; x_wconf 87' lang='lat' dir='ltr'><strong>magis</strong></span> <span class='ocrx_word' id='word_1_565' title='bbox 280 5081 378 5145; x_wconf 90' lang='lat' dir='ltr'><strong>quam</strong></span> <span class='ocrx_word' id='word_1_566' title='bbox 400 5061 572 5128; x_wconf 84' lang='lat' dir='ltr'><strong>sufflatum</strong></span> <span class='ocrx_word' id='word_1_567' title='bbox 593 5062 808 5146; x_wconf 88' lang='lat' dir='ltr'><strong>cupientibus.</strong></span> <span class='ocrx_word' id='word_1_568' title='bbox 851 5062 920 5130; x_wconf 92' lang='lat' dir='ltr'><strong>Nos</strong></span> <span class='ocrx_word' id='word_1_569' title='bbox 942 5062 995 5130; x_wconf 91' lang='lat' dir='ltr'><strong>hic</strong></span> <span class='ocrx_word' id='word_1_570' title='bbox 1014 5084 1053 5131; x_wconf 90' lang='lat' dir='ltr'><strong>ea</strong></span> <span class='ocrx_word' id='word_1_571' title='bbox 1074 5070 1205 5131; x_wconf 88' lang='lat' dir='ltr'><strong>tantum</strong></span> <span class='ocrx_word' id='word_1_572' title='bbox 1226 5064 1436 5149; x_wconf 87' lang='lat' dir='ltr'><strong>respiciemus</strong></span> <span class='ocrx_word' id='word_1_573' title='bbox 1457 5083 1538 5149; x_wconf 90' lang='lat' dir='ltr'><strong>quae</strong></span> <span class='ocrx_word' id='word_1_574' title='bbox 1567 5062 1609 5128; x_wconf 88' lang='lat' dir='ltr'><strong>ad</strong></span> <span class='ocrx_word' id='word_1_575' title='bbox 1631 5062 1790 5148; x_wconf 87' lang='lat' dir='ltr'><strong>originem</strong></span> <span class='ocrx_word' id='word_1_576' title='bbox 1811 5061 2018 5130; x_wconf 86' lang='lat' dir='ltr'><strong>Defensicuis</strong></span> <span class='ocrx_word' id='word_1_577' title='bbox 2039 5060 2143 5128; x_wconf 78' lang='lat' dir='ltr'><strong>calvi-</strong></span> 
     </span>
     <span class='ocr_line' id='line_1_44' title="bbox 151 5154 673 5241; baseline 0.008 -5"><span class='ocrx_word' id='word_1_578' title='bbox 151 5171 270 5237; x_wconf 88' lang='lat' dir='ltr'><strong>niauae</strong></span> <span class='ocrx_word' id='word_1_579' title='bbox 290 5171 522 5239; x_wconf 89' lang='lat' dir='ltr'><strong>illustrandam</strong></span> <span class='ocrx_word' id='word_1_580' title='bbox 541 5154 673 5241; x_wconf 83' lang='lat' dir='ltr'><strong>faciunt</strong></span> 
     </span>
    </p>
   </div>
   <div class='ocr_carea' id='block_1_3' title="bbox 0 0 2366 5878">
    <p class='ocr_par' dir='ltr' id='par_1_6' title="bbox 0 0 2366 5878">
     <span class='ocr_line' id='line_1_45' title="bbox 0 0 2366 5878; baseline 0 0"><span class='ocrx_word' id='word_1_581' title='bbox 0 0 2366 5878; x_wconf 95' lang='lat' dir='ltr'><strong> </strong></span> 
     </span>
    </p>
   </div>
  </div>
 </body>
</html>
