4688 5910
118 307 158 371 ιι
618 247 623 257 ’
760 301 1034 370 noemmin
1056 301 1120 367 on
1143 298 1482 369 unumunurm.
2021 262 2024 267 ’
2087 306 2127 367 14

114 493 310 577 opinionum
332 489 440 572 oheos,
463 498 502 557 ut
522 513 621 558 nemo
643 489 785 569 alterum
806 489 979 575 intelliget.
1029 490 1132 579 Atqui
1159 509 1220 575 ego
1247 490 1294 557 sio
1315 495 1427 556 vestre
1447 491 1595 557 omnium
1622 510 1720 557 sensa
1746 491 1830 556 mihi
1855 499 1968 558 tenere
1997 491 2126 559 videor:
2230 536 2236 548 -

115 612 155 669 ut
175 602 260 667 nihil
282 600 373 667 aliud
394 624 415 668 o
435 623 489 669 me
511 603 566 669 hio
588 604 729 687 positum
751 603 852 668 fuisse
874 601 1045 679 confidem,
1068 622 1166 685 quom
1189 599 1275 684 quod
1295 600 1418 686 singuli
1441 610 1588 668 vestrum
1610 604 1765 687 scripturi
1787 610 1906 669 essent.
1939 603 2013 669 Non
2036 605 2127 670 enim

115 712 260 781 diolundi
272 713 325 779 vel
341 713 522 797 praeeundi
542 721 653 798 portes
674 712 757 778 mibi
779 731 912 797 arrogo:
934 710 992 778 sed
1013 711 1084 777 huo
1096 710 1169 796 lege
1190 733 1302 777 meum
1320 712 1510 795 obsequium
1528 712 1647 793 defero,
1670 721 1707 779 ut
1728 713 1855 781 arbitrii
1874 717 1976 782 vestri
1998 717 2043 781 sit
2059 724 2128 782 ste·

114 834 209 891 tuere
231 823 389 910 quidnam
411 825 574 910 expediet„
619 830 694 904 [pag.
719 828 772 903 11]
794 822 891 905 Quod
913 841 952 888 eo
970 822 1106 888 meliore
1127 821 1247 889 fiduoia
1269 843 1445 908 aggressus
1468 844 1551 903 sum,
1575 825 1651 908 quia
1673 834 1788 912 stege
1810 826 1951 893 antehae
1972 848 2046 893 sum
2068 849 2126 893 ex-

113 945 238 1022 pertus,
261 943 295 1002 et
314 957 374 1004 vos
396 937 485 1003 olero
514 936 709 1002 dooumento
732 941 890 1002 testatum
912 934 1050 1012 feristis,
1078 933 1219 999 similem
1245 934 1390 1000 laborem
1420 934 1521 1001 libere
1544 937 1600 1020 pio
1621 915 1795 1003 sedulitite
1825 958 1845 1003 a
1866 958 1919 1003 me
1937 945 2127 1023 susoeptum
2247 1028 2249 1031 ι

113 1049 209 1116 vobis
231 1048 372 1132 probari.
416 1047 534 1114 Volete
561 1048 675 1132 optimi
699 1054 733 1143 eb
754 1066 884 1130 semper
906 1043 1033 1111 nolendi
1055 1045 1182 1110 fratres.
1226 1046 1392 1112 Dominus
1415 1044 1506 1112 vobis
1529 1046 1624 1127 adsit,
1647 1069 1707 1115 vos
1728 1049 1892 1132 gubernet
1913 1071 1972 1116 suo
1995 1051 2125 1134 spiritu,

112 1168 307 1243 vestrosque
335 1158 463 1225 labores
477 1161 502 1243 ¹)
530 1158 710 1256 benedioab
763 1157 920 1224 Sulubunb
947 1176 1008 1222 vos
1035 1162 1229 1221 reverenter
1256 1155 1399 1241 collegae
1426 1158 1500 1223 mei.
1552 1158 1708 1226 Genevae
1729 1158 1790 1225 IV.
1813 1159 1949 1227 Oolend.
1969 1161 2126 1228 Deoemb.

112 1271 161 1337 Μ.
184 1269 228 1336 Ι).
251 1271 382 1354 ΗΜ)

270 1560 300 1627 1)
319 1561 469 1630 vestrisque
486 1560 625 1617 laboribus
645 1557 709 1613 MS.

272 1649 303 1714 a)
324 1645 479 1714 Exemplar
491 1643 563 1699 MS.
582 1647 720 1715 eoquorum
738 1649 778 1698 rot
795 1659 879 1697 manu
897 1643 1004 1697 auroris
1017 1642 1152 1712 proprio:
1171 1641 1258 1710 pridie
1275 1657 1361 1696 nonus
1379 1640 1510 1698 Octobris.
1545 1643 1661 1698 loannes
1679 1643 1805 1700 Calvinus
1822 1652 1921 1700 vester.
