4748 5798
74 137 140 203 to:
839 123 1102 193 RESPONSIO
1124 123 1315 190 ALTERA

73 329 152 392 sent
172 321 333 406 abiegnae
352 322 388 387 in
409 326 535 385 terram
556 315 674 382 trabes.
688 317 714 399 ¹)
756 314 844 380 Nam
860 335 961 397 quum
979 333 1055 397 pro-
1108 310 1277 394 Quidquid
1313 311 1420 394 palam
1454 309 1572 377 asserit
1598 307 1705 388 Deus,
1734 316 1770 373 tu
1804 307 1886 373 mihi
1918 307 1963 372 im
1989 317 2080 374 utas:

76 408 151 493 pria
170 405 307 474 libidine
325 407 458 490 impura
479 404 599 468 mulier
621 400 844 485 seimpulsam
861 400 962 466 fuisse
980 420 1055 465 sen·
1107 398 1166 463 tibi
1188 419 1247 480 pro
1268 419 1321 463 me
1343 394 1539 481 respondeat
1564 395 1653 461 idem
1674 395 1895 478 Augustinus:
1910 392 1935 479 ¹)
2014 395 2080 476 rip-

76 495 155 560 tiret
177 492 220 557 ad
247 499 320 571 [pag.
338 497 394 571 89]
416 488 624 573 prodendum
645 489 749 572 patris
770 506 920 571 regnum,
948 504 1055 567 neque
1106 492 1196 562 tura,
1225 483 1254 548 si
1284 481 1459 567 diligenter
1485 481 1673 565 inspicitur,
1706 480 1849 546 ostendit
1880 500 1946 544 non
1973 480 2081 545 solum

76 577 279 662 impudicum
309 578 380 644 eius
403 595 564 654 amorem,
597 594 704 656 neque
731 571 901 638 illecebras
926 570 1055 636 Iasonis
1107 568 1210 634 bones
1228 570 1401 635 hominum
1423 568 1624 644 voluntates,
1653 588 1734 650 quas
1756 569 1825 648 ipse
1846 566 1926 632 facit
1946 586 1988 630 ex
2011 585 2081 629 ma·

76 676 209 730 accusat
228 662 331 728 stulta
353 663 436 728 haec
457 660 661 744 pedissequa,
684 659 742 724 sed
752 657 900 742 queritur
916 655 1054 721 fabrica·
1110 654 1166 733 lis,
1195 659 1270 733 [pag.
1290 660 1344 733 92]
1374 665 1407 719 et
1435 676 1455 719 ι
1481 674 1516 719 ee
1543 656 1646 719 factas
1673 654 1707 718 in
1730 666 1822 718 ectus
1850 652 1953 718 bonos
1975 660 2011 716 et
2033 651 2081 715 vi-

77 757 147 815 ιιιι
177 749 277 815 fuisse
303 769 427 814 navem
453 749 489 811 in
512 746 661 813 Graecia.
710 745 765 809 Ita
795 744 858 827 qui.
879 742 942 808 sibi
970 741 1055 806 male
1109 749 1177 805 tam
1207 750 1375 806 aeternam
1405 739 1532 823 dirigit:
1566 760 1680 804 verum
1714 738 1789 802 illas
1819 758 1901 820 quae
1933 739 2081 803 retinent

77 836 227 901 conscius
240 833 468 899 extenuandas
490 832 695 915 culpaesuae
717 838 907 914 praetextus
924 830 959 893 in
979 847 1054 891 cau·
1108 827 1233 909 saeculi
1254 833 1424 904 naturum,
1454 826 1500 890 ita
1521 847 1592 890 esse
1617 827 1653 888 in
1676 825 1739 900 Dei
1758 831 1935 908 potestate,
1964 834 2003 887 ut
2024 844 2081 888 eas

79 921 125 988 ais
147 920 282 986 remotis
303 919 420 1003 procul
446 919 599 997 accersit,
628 916 765 982 ridicule
786 936 821 980 se
842 915 952 998 ipsum
974 912 1055 978 obli·
1106 911 1334 995 quovoluerit,
1356 909 1486 995 quando
1505 911 1644 976 voluerit
1661 911 1758 975 faeiat
1775 910 1942 985 inclinare,
1965 908 2020 975 ,vel
2038 907 2081 973 ad

77 1007 228 1073 vincitur.
278 1005 352 1069 Iam
379 1004 488 1083 vides,
525 1004 675 1087 quamvis
708 999 846 1066 obduret
873 1020 931 1065 suo
959 997 1055 1064 modo
1107 996 1305 1081 praestanda
1327 998 1497 1075 beneficia,
1525 996 1578 1062 vel
1600 995 1642 1061 ad
1662 1017 1783 1080 poenas
1803 994 2009 1079 infligendae,
2030 1014 2081 1061 ιι·

78 1091 179 1159 eorda
207 1092 315 1170 Deus,
349 1093 468 1155 merito
496 1101 606 1155 tamen
633 1107 726 1154 suam
756 1087 872 1169 cuique
901 1085 1054 1170 duritiem
1108 1083 1290 1150 cultissimo
1312 1083 1454 1167 quodem
1476 1082 1605 1161 iudicio,
1629 1080 1686 1147 sed
1708 1082 1896 1147 iustissimo.

77 1177 251 1260 imputari,
280 1177 357 1260 quia
379 1197 415 1241 se
443 1176 580 1259 quisque
607 1174 748 1240 obdurat
768 1172 900 1256 propria
920 1169 1054 1269 malitia
1571 1221 1605 1285 X
1775 1187 1778 1194 ¹

78 1262 122 1332 In
143 1260 313 1328 flectendis
335 1261 378 1327 ad
400 1261 465 1326 Dei
494 1260 688 1347 obsequium
710 1258 861 1324 cordibus
884 1257 949 1322 alia
971 1264 1055 1321 ratio
1607 1271 1614 1285 ·

79 1360 138 1415 est.
183 1347 269 1412 Nam
299 1355 337 1412 ut
363 1355 484 1412 natura
504 1345 546 1412 ad
567 1345 806 1413 contumaciam
826 1343 979 1427 propensi
1000 1362 1055 1406 su·
1193 1343 1235 1407 In
1259 1342 1384 1408 decimo
1406 1340 1544 1407 articulo
1565 1340 1641 1405 vide
1662 1348 1776 1407 contra
1797 1361 1894 1423 quem
1916 1340 2082 1406 virulenta

78 1455 156 1500 mue
177 1454 308 1511 omnes,
335 1454 432 1498 nemo
454 1433 537 1499 bene
562 1452 659 1518 agere
681 1431 805 1513 cupiet,
833 1429 897 1494 nisi
919 1436 1054 1513 agatur:
1110 1427 1178 1494 tela
1199 1429 1358 1494 intuleris.
1404 1427 1518 1509 Neque
1530 1428 1624 1491 enim
1643 1447 1753 1492 meum
1775 1435 1825 1491 est
1846 1425 1931 1509 quod
1952 1445 2081 1510 oppug-

79 1527 249 1585 ettamen
276 1540 379 1602 quum
413 1519 579 1603 scriptura
613 1516 691 1583 dicit
715 1515 905 1599 praeparari
932 1535 952 1579 a
981 1512 1054 1578 Deo
1109 1536 1178 1590 nas,
1202 1514 1260 1579 sed
1282 1534 1302 1578 a
1324 1514 1389 1580 Dei
1411 1512 1530 1597 spiritu
1557 1513 1748 1594 profectum.
1800 1510 1857 1578 Sic
1878 1510 1920 1576 ad
1942 1511 2081 1578 verbum

79 1603 188 1682 eorda,
211 1614 245 1669 et
263 1604 377 1670 fideles
398 1626 435 1670 se
456 1625 661 1688 praeparare,
684 1613 722 1667 ut
743 1601 968 1667 voluntarium
981 1598 1054 1664 Deo
1109 1601 1255 1683 loquitur
1276 1601 1454 1684 scriptura:
1488 1597 1596 1679 Quem
1619 1598 1768 1663 mittam?
1792 1609 1825 1664 et
1846 1599 1919 1681 quie
1940 1596 2002 1662 ibit
2023 1619 2081 1662 no·

80 1691 206 1758 cultum
226 1688 413 1767 exhibeant,
436 1710 504 1758 non
525 1696 652 1774 pugnet
672 1689 745 1771 ipsa
766 1707 887 1764 secum,
908 1685 966 1751 sed
988 1685 1054 1750 dis·
1107 1685 1179 1750 bis?
1214 1697 1248 1750 ct
1280 1687 1434 1752 contiuuo
1461 1694 1534 1767 post
1559 1684 1652 1748 Deus
1680 1682 1840 1749 Satanam
1869 1683 2080 1766 compellans,

79 1777 182 1842 tincto
214 1776 358 1841 ostendit
383 1776 448 1841 Dei
480 1774 624 1841 cultores
656 1781 771 1859 sponte
803 1782 837 1838 ιι
867 1771 1054 1837 voluntario
1107 1771 1199 1837 iubet
1225 1773 1288 1849 ire,
1323 1781 1361 1837 ut
1387 1771 1431 1835 ιιι
1457 1772 1591 1854 spiritus
1617 1769 1759 1835 mendax
1789 1771 1822 1835 in
1850 1791 1906 1834 ore
1932 1769 2081 1834 omnium

79 1859 187 1928 cordis
210 1861 330 1927 affectu
351 1869 520 1944 praestare
540 1860 700 1927 officium:
724 1880 830 1942 neque
849 1865 960 1922 tamon
978 1862 1053 1937 [pag.
1106 1857 1343 1941 prophetarum
1362 1856 1403 1921 ad
1420 1855 1600 1921 fallendum
1611 1856 1727 1922 Achab
1746 1858 1777 1934 (l
1791 1856 1873 1937 Reg.
1886 1858 1937 1933 22,
1958 1861 1995 1918 21
2011 1855 2080 1938 se.)

81 1952 136 2026 90]
158 1946 219 2011 hoo
240 1947 380 2024 obstare,
402 1947 579 2030 quominus
600 1967 676 2011 suas
694 1954 803 2028 partes
821 1944 913 2009 Deus
935 1964 1054 2008 arcano
1104 1943 1201 2010 Nunc
1224 1943 1308 2008 latra
1325 1953 1483 2026 quantum
1496 1943 1597 2007 voles:
1621 1961 1688 2007 non
1708 1943 1814 2024 magis
1835 1941 1900 2005 tuis
1922 1939 2078 2005 maledie·

78 2036 97 2098 's
121 2033 218 2096 iritus
237 2041 329 2097 motu
350 2031 496 2115 impleat.
547 2029 798 2108 obdurationis,
828 2037 867 2094 ut
888 2029 953 2093 iam
974 2028 1052 2105 dixi,
1101 2029 1144 2095 tis
1163 2028 1281 2095 obrues
1290 2029 1354 2095 Dei
1375 2028 1522 2110 gloriam,
1544 2048 1641 2110 quam
1662 2027 1739 2094 solis
1757 2027 1805 2095 ful
1828 2047 1919 2093 orem
1929 2023 2077 2109 spuendo

79 2053 145 2184 elia
166 2126 218 2182 est
238 2118 332 2196 ratio,
353 2119 431 2200 quia
452 2118 606 2200 reprobos
624 2118 716 2182 Deus
737 2138 804 2181 non
822 2114 985 2200 gubernat
1001 2136 1053 2179 re·
1104 2115 1301 2181 obscurabis.
1344 2114 1411 2180 Hic
1433 2115 1531 2178 etiam
1549 2114 1727 2197 Augustini
1748 2048 1855 2179 verbis
1877 2133 1977 2194 quam
1995 2113 2079 2178 meis

40 2274 45 2286 ,
80 2202 302 2289 generationis
324 2203 460 2287 spiritu,
488 2202 547 2268 sed
568 2201 695 2268 diabolo
717 2202 885 2286 mancipat
905 2210 939 2266 et
961 2198 1052 2265 addi·
1106 2200 1196 2283 loqui
1219 2209 1378 2283 praestat:
1406 2198 1518 2280 Quum
1545 2204 1618 2279 [pag.
1642 2205 1696 2279 93]
1720 2206 1859 2265 testatur
1880 2197 1975 2263 Deus
2000 2220 2021 2263 a
2042 2219 2079 2264 se

79 2290 133 2368 ιιι,
155 2309 339 2371 arcanoque
361 2309 422 2354 suo
442 2287 563 2355 iudicio
591 2307 709 2372 pravas
731 2308 845 2353 eorum
867 2286 1053 2353 voluntates
1102 2287 1189 2350 mitti
1211 2285 1524 2368 pseudoprophetas,
1550 2305 1751 2370 manumque
1771 2306 1862 2351 suam
1885 2306 1959 2351 esee
1978 2306 2082 2369 super

78 2374 127 2438 ιιι
153 2373 357 2453 moderetur,
385 2384 423 2438 ut
452 2373 537 2438 nihil
566 2384 667 2458 agant
694 2374 758 2438 nisi
784 2371 870 2456 quod
898 2371 1052 2438 decrevit
1105 2393 1175 2450 eos,
1204 2383 1241 2437 ut
1262 2371 1440 2454 decipiant,
1466 2393 1533 2436 nou
1561 2392 1633 2437 esso
1654 2371 1715 2438 hcc
1737 2371 1914 2456 patientiae
1936 2381 2078 2451 tantum,

79 2458 156 2541 Quo
183 2458 300 2526 melius
326 2461 409 2526 haee
442 2460 531 2525 inter
566 2480 601 2526 se
635 2458 852 2537 conveniunt,
886 2466 1053 2542 utcunque
1105 2457 1161 2524 sed
1183 2459 1356 2541 potentiae.
1400 2455 1499 2537 Quod
1526 2455 1643 2523 deinde
1672 2459 1793 2540 garris,
1821 2455 1983 2523 Batauam
2010 2477 2077 2522 non

78 2545 173 2611 Deus
194 2565 275 2628 quos
296 2545 371 2611 vult
391 2544 546 2623 obduret,
571 2564 836 2628 unumquemque
857 2551 968 2610 tamen
990 2543 1053 2610 sibi
1104 2543 1293 2610 obedienter
1321 2543 1509 2609 mendacem
1543 2565 1614 2608 esee
1641 2566 1684 2609 ex
1711 2544 1775 2608 Dei
1807 2543 1961 2626 irnperio,
1991 2542 2075 2609 nihil

78 2631 230 2715 propriae
252 2629 475 2697 obdurationis
494 2652 566 2698 esse
588 2638 744 2697 autorem.
1104 2631 1227 2695 mirum
1248 2631 1277 2696 si
1299 2638 1332 2696 te
1353 2629 1466 2695 multis
1488 2629 1582 2694 nodis
1603 2628 1758 2714 implices,
1780 2628 1911 2713 quando
1929 2650 1997 2695 non
2020 2650 2074 2714 ag·

165 2716 216 2781 Nc
237 2715 366 2801 longior
386 2716 460 2794 sim,
482 2725 654 2784 succurrat
675 2715 740 2800 piis
764 2722 798 2780 ιι
820 2715 932 2799 aequis
954 2715 1052 2783 leoto-
1106 2716 1214 2782 noscis
1236 2717 1346 2784 Deum
1372 2714 1591 2798 inexplicabili
1620 2713 1716 2780 modo
1742 2716 1789 2781 sic
1815 2735 1915 2798 opera
1933 2714 2075 2782 Satanae

79 2801 171 2868 ribus
199 2801 280 2867 haec
308 2802 489 2886 Augustini
515 2801 704 2880 admonitio,
713 2802 743 2886 ²)
772 2801 860 2884 quod
887 2801 1074 2885 apostolus·
1107 2802 1156 2867 uti
1178 2801 1220 2867 ad
1242 2824 1339 2868 suurn
1367 2803 1553 2878 arbitrium,
1582 2809 1619 2866 ut
1639 2801 1767 2885 imperii
1790 2801 1843 2866 sui
1863 2802 2024 2867 iustitiam
2045 2808 2075 2868 ιι

79 2886 160 2953 dicit
182 2885 265 2952 tradi
287 2889 322 2953 in
338 2908 512 2972 perversos
524 2889 661 2955 affectus
683 2888 858 2966 hominem,
881 2908 1053 2971 perperam
1106 2889 1303 2972 aequitatem
1324 2887 1480 2968 illustret,
1507 2886 1603 2970 culpa
1628 2908 1708 2952 vero
1734 2907 1801 2952 ιιι
1822 2886 1940 2953 liberet
1960 2888 2075 2954 minis·

78 2979 113 3039 ιι
133 2973 250 3040 inseite
272 2973 314 3040 ad
334 2974 529 3057 patientiam
556 2974 724 3058 restringi:
758 2973 835 3056 quia
854 2971 942 3038 idem
964 2973 1053 3040 Pau·
1108 2982 1207 3053 trum,
1229 2995 1327 3058 quem
1349 2972 1468 3041 iudicia
1490 2994 1550 3038 sua
1570 2972 1712 3038 invitum
1735 2973 1868 3056 exsequi
1890 2974 1987 3059 cogit
2032 2973 2076 3040 Ut

77 3058 131 3125 lus
153 3057 231 3124 alibi
251 3059 431 3142 patientiae
451 3060 623 3144 coniungit
643 3060 833 3143 potentiam,
855 3057 980 3125 dicens:
1013 3056 1052 3125 Si
1105 3061 1228 3126 centies
1245 3067 1356 3144 crepet
1377 3067 1435 3124 ιιιι
1456 3058 1681 3138 amarulentia,
1703 3058 1784 3125 haec
1806 3066 1894 3125 certe
1916 3080 1984 3124 non
2000 3060 2076 3127 cal-

78 3145 261 3228 potentiam
289 3165 384 3210 suem
410 3145 526 3212 volens
543 3152 742 3220 ,monstrare
768 3142 877 3225 Deus,
910 3145 1052 3209 tulitin
1104 3145 1174 3212 vini
1197 3166 1261 3212 vox
1289 3153 1355 3224 ιιι,
1382 3143 1440 3212 sed
1466 3143 1544 3211 Dei:
1572 3145 1730 3228 Praecepi
1758 3144 1969 3211 sanctificatis
1996 3148 2076 3214 meis

78 3230 184 3295 multa
205 3230 365 3314 patientia
391 3252 472 3297 vasa
496 3232 565 3297 irae
587 3239 697 3316 aptata
717 3231 753 3296 in
774 3230 961 3310 interitum,
990 3238 1050 3297 etc.
1103 3233 1182 3309 (les.
1205 3236 1253 3311 13,
1274 3233 1318 3317 3).
1351 3231 1451 3297 Nune
1471 3231 1500 3297 si
1521 3230 1630 3296 Deum
1652 3230 1727 3315 plus
1748 3231 1812 3297 sibi
1832 3241 1929 3315 putas
1946 3253 2077 3299 sumere

79 3316 191 3400 (Rom.
210 3321 240 3395 9,
258 3317 324 3399 22).
370 3316 482 3400 Atque
501 3324 541 3382 ut
562 3339 729 3401 uunquam
746 3316 809 3383 heo
831 3316 872 3383 de
893 3338 929 3383 re
951 3317 1052 3384 verba
1103 3337 1201 3401 quam
1223 3319 1273 3384 ιιι
1294 3318 1347 3396 ιιι,
1369 3316 1504 3382 modum
1531 3317 1680 3383 inveniet
1705 3316 1792 3401 ipse,
1820 3337 1922 3400 quoa
1943 3327 2003 3383 tua
2024 3339 2076 3386 ao·

77 3401 208 3468 fecisset
235 3410 371 3468 sanctus
403 3402 461 3468 ille
492 3401 620 3481 doctor,
653 3404 732 3469 ιιιιι
764 3423 926 3487 superque
956 3403 1050 3470 nobis
1102 3404 1268 3470 cumtione
1290 3425 1326 3469 se
1347 3401 1501 3469 absolvet

78 3492 152 3567 [pag.
176 3493 232 3568 et]
260 3508 332 3554 esee
356 3486 455 3553 debet
481 3488 554 3554 sola
575 3489 640 3553 Dei
668 3488 836 3554 autoritas.
886 3489 960 3554 Non
990 3510 1051 3574 ogo

76 3572 187 3638 Deum
208 3573 336 3639 auterre
357 3594 414 3639 cor
422 3572 625 3657 principibus
645 3582 752 3639 torrae
769 3574 848 3653 dixi,
871 3582 909 3640 ιιι
927 3596 982 3642 eos
998 3595 1051 3640 er·
1559 3539 1622 3606 XI·
2328 3631 2331 3662 ,

78 3678 153 3723 rare
174 3658 286 3724 faciat:
308 3658 363 3725 vel
385 3660 530 3725 tenuisse
551 3679 610 3725 cor
631 3660 830 3739 Pharaonis,
859 3681 902 3725 ιι
924 3660 965 3726 ad
988 3661 1050 3727 hu·
1190 3660 1308 3744 Pergis
1330 3657 1436 3726 adhuc
1463 3670 1610 3727 monstra
1631 3660 1690 3727 tibi
1712 3662 1851 3744 fingere,
1879 3660 1999 3743 quibus
2019 3658 2075 3725 de-
2230 3673 2270 3742 :
2328 3664 2329 3673 ’

77 3745 270 3808 manitatem
290 3746 492 3811 flecteretur:
510 3765 577 3810 non
600 3743 669 3810 dixi
687 3746 795 3811 Deum
816 3747 954 3812 vertisse
971 3767 1051 3831 gen-
1103 3746 1200 3812 viotis
1221 3746 1426 3828 triumphum
1448 3745 1489 3811 de
1509 3746 1645 3811 innoxio
1668 3746 1732 3811 Dei
1760 3767 1856 3812 servo
1877 3766 1965 3830 agas.
2009 3745 2076 3812 Ubi
2214 3747 2269 3797 11

79 3829 162 3892 u'um
184 3828 290 3908 corda,
314 3830 367 3895 vel
388 3830 557 3897 roborasse
578 3831 615 3895 in
641 3830 754 3897 odium
775 3831 888 3915 populi
909 3833 977 3910 sni,
1006 3832 1051 3898 ei-
1103 3852 1247 3916 unquam
1282 3832 1329 3897 ita
1363 3831 1517 3914 loquutus
1546 3837 1620 3911 [pag.
1650 3838 1704 3911 94]
1732 3833 1794 3897 sim
1822 3853 1888 3898 non
1915 3854 1951 3897 re
1995 3833 2075 3898 rice:
2207 3835 2267 3886 ::

77 3912 198 3980 bilnsse
225 3914 266 3979 ed
294 3915 492 4000 Aegyptios,
525 3916 655 4001 illisque
682 3916 776 3983 velut
800 3918 927 3984 malleis
953 3939 1051 3983 usum
1102 3917 1239 4001 ideoque
1266 3939 1320 3983 mo
1346 3925 1476 3982 tacente
1501 3919 1585 3985 iacet
1612 3928 1668 3983 tua
1689 3917 1826 3985 futilitas
1852 3919 1920 4001 imp
1966 3917 2075 3983 entiae
2194 3922 2265 3972 ⁶⁰

77 4020 165 4066 esse:
200 4021 267 4064 non
301 3999 370 4065 dixi
397 3999 625 4069 Sennacherib
661 4003 788 4087 virgam
821 4023 893 4070 esse
923 4005 957 4068 in
986 4003 1051 4069 Dei
1102 4005 1283 4071 coniuncta.
1328 4001 1425 4084 Quod
1446 4004 1607 4084 caedibus,
1630 4003 1808 4083 adulteriis,
1830 4005 1964 4088 rapinis,
1987 4006 2075 4071 Irau·
2183 4021 2262 4061 ἰ·

77 4100 193 4150 manu:
217 4084 274 4149 sed
295 4087 705 4171 spiritneitapronunciat
739 4086 851 4169 Quid?
874 4090 931 4155 ubi
952 4090 1051 4155 etiam
1106 4087 1201 4156 dibus
1223 4111 1258 4155 se
1276 4089 1506 4172 contaminant
1526 4089 1633 4173 impii,
1667 4089 1765 4156 doceo
1787 4112 1858 4157 esse
1879 4110 1922 4157 ex
1944 4092 2076 4175 propria
2166 4103 2258 4151 aa
2298 4076 2303 4150 ι

78 4171 194 4237 recitat
215 4172 378 4254 scriptura
398 4171 535 4238 Saulem
563 4194 584 4237 a
604 4174 692 4240 malo
714 4173 780 4239 Dei
806 4175 924 4258 spiritu
951 4175 1051 4241 finisse
1105 4195 1220 4241 eorum
1246 4175 1386 4255 malitia:
1421 4176 1530 4240 Deum
1559 4185 1670 4242 tamen
1697 4177 1753 4260 qui
1780 4175 1886 4243 lucem
1916 4177 2006 4244 elicit
2034 4199 2075 4242 ex
2155 4191 2253 4238 xx

76 4267 264 4339 correptum
287 4259 319 4340 (l
341 4255 431 4323 Sam.
454 4263 503 4335 18,
527 4260 597 4345 10),
624 4261 846 4344 patientiaene
868 4261 982 4341 solum,
1013 4282 1051 4327 eo
1104 4261 1259 4338 tenebris,
1282 4281 1401 4327 ιιιιιο
1421 4282 1482 4326 suo
1503 4269 1538 4326 et
1555 4262 1874 4344 incomprehensibili
1891 4263 2013 4329 iudicio
2029 4263 2075 4328 ita
2141 4276 2248 4323 za

76 4343 284 4425 permissioni
307 4343 369 4408 hoc
390 4342 536 4410 tribues?
588 4343 721 4426 Quanto
748 4347 869 4412 rectius
891 4347 1051 4432 Augusti·
1103 4347 1194 4412 intus
1215 4347 1303 4430 ipsos
1320 4366 1444 4431 regere,
1466 4355 1504 4412 ut
1523 4368 1583 4431 per
1599 4368 1713 4413 eorum
1730 4348 1890 4414 malitiam
1911 4349 2000 4414 iusta
2016 4369 2074 4414 sua
2127 4365 2243 4411 asa

77 4431 179 4513 nus³)
218 4427 387 4493 admonet:
430 4426 529 4510 Quod
567 4441 705 4513 peccant
736 4430 842 4499 Satan
882 4440 916 4497 et
946 4433 1050 4517 impii,
1103 4432 1225 4499 iudicia
1249 4441 1454 4515 exsequatur.
1508 4432 1582 4499 Hoc
1610 4433 1639 4498 si
1666 4455 1851 4519 oppugnas,
1878 4432 2074 4520 congredere
2114 4452 2238 4498 οτι

75 4535 190 4580 eornm
212 4534 298 4580 esse:
321 4512 407 4597 quod
429 4514 595 4597 peccrmdo
617 4517 677 4584 hoo
699 4518 754 4583 vel
771 4517 854 4583 illud
875 4528 988 4602 agunt,
1010 4541 1051 4584 ex
1104 4539 1180 4585 cum
1201 4519 1272 4602 ipso
1292 4519 1379 4598 Deo,
1407 4519 1462 4602 qui
1483 4519 1577 4585 facile
1598 4540 1737 4586 vesanos
1760 4527 1833 4586 tuoe
1854 4521 1997 4605 impetus
2018 4542 2072 4586 ex·
2102 4541 2230 4583 -ι
2267 4522 2275 4625 ]’

73 4599 201 4666 virtute
211 4599 276 4665 Dei
297 4620 378 4679 esse,
399 4599 553 4666 tenebras
563 4612 661 4685 prout
671 4605 781 4671 visum
799 4614 850 4671 est
863 4602 1050 4671 dividentis.
1105 4605 1211 4687 cipiet.
1258 4602 1296 4670 Si
1318 4605 1376 4669 tibi
1404 4610 1500 4688 gutta
1527 4625 1594 4669 una
1621 4616 1708 4671 esset
1729 4605 1907 4672 modestiae
1929 4627 1968 4674 ιι
1990 4605 2072 4672 doci·
2086 4604 2225 4669 -i-i·
2265 4668 2266 4671 ,

1104 4690 1214 4768 litatis,
1244 4691 1325 4756 haec
1353 4702 1385 4756 te
1414 4688 1578 4756 distinctio
1605 4712 1688 4774 quae
1714 4690 1851 4758 subinde
1878 4693 2020 4760 occurrit
2040 4690 2216 4756 inuio
2258 4676 2265 4783 l

1104 4778 1234 4859 scriptis
1255 4778 1349 4856 meis,
1378 4774 1467 4841 haud
1489 4775 1586 4842 dubie
1606 4778 1765 4862 placaret:
1800 4776 1838 4845 Si
1859 4799 1896 4844 se
1917 4780 2004 4861 ipsos
2024 4778 2211 4842 in-n·

76 4787 281 4799 ἢ*

144 4906 174 4971 1)
195 4905 236 4971 Of.
253 4923 325 4978 qaue
341 4910 535 4964 annuemus
551 4906 624 4962 Tem.
648 4909 734 4978 VIII,
750 4925 814 4981 pop.
831 4909 890 4965 814.
2248 4829 2254 4941 l

144 4973 174 5039 a)
192 4974 252 5031 Lib.
268 4974 287 5030 ὃ
304 4985 400 5032 contra
416 4978 549 5033 lulianum
566 4993 626 5047 cap.
643 4976 668 5032 8.
1015 5026 1019 5035 ,
2236 4974 2246 5104 'e

144 5041 175 5110 ι)
194 5044 277 5100 libro
295 5045 329 5101 de
346 5047 596 5116 praedestinatione
614 5053 775 5102 sanctorum
1171 5051 1202 5120 1)
1220 5051 1262 5107 Do
1280 5051 1368 5121 gretia
1385 5059 1414 5106 et
1430 5050 1516 5107 libero
1535 5052 1645 5107 arbitrio
1663 5052 1699 5107 ad
1717 5051 1897 5109 Valentinum.

2218 5129 2236 5273 l
