4620 5828
59 243 145 306 477
857 234 1048 307 onmem
1068 238 1118 305 777
1140 236 1304 305 eonas.
1837 229 1840 236 “
2019 246 2082 308 777

54 426 131 493 nit
148 425 308 513 quomodo
335 446 452 511 corpus
479 448 576 494 suum
604 434 639 492 77
664 426 859 512 sanguinem
886 425 980 492 nobis
1002 424 1057 491 det
1107 445 1196 505 rere,
1235 432 1268 492 et
1305 433 1416 492 tamen
1456 426 1627 512 imperiose
1670 435 1860 512 portentum
1899 426 1983 512 quod
2021 430 2083 497 sibi

55 512 239 580 (117777777
260 514 298 577 77
317 513 427 579 cibum
449 519 483 579 77
503 520 626 596 potum.
670 512 757 579 Nam
779 514 808 578 si
830 522 919 577 tetus
941 510 1056 578 Chris·
1106 511 1304 595 imaginatus
1337 521 1388 578 est
1423 534 1490 578 non
1521 513 1631 579 minus
1668 535 1765 597 quam
1800 515 1987 597 importune
2025 538 2082 580 ur·

54 607 134 666 tue
156 598 194 664 in
237 620 300 664 777
323 607 380 677 777,
412 599 479 663 imo
501 597 603 682 panis
617 597 687 682 ipse
709 604 761 663 est
781 597 945 676 Christus,
968 605 1056 662 certe
1107 604 1172 680 get,
1195 615 1312 680 eorpus
1345 596 1470 664 Christi
1498 619 1555 664 ore
1582 600 1791 683 corporaliter
1816 599 1949 667 comedi.
1993 597 2082 667 Sunt

53 685 193 752 verius
214 619 322 750 dicere
344 683 453 750 licebit
474 683 644 769 Christum
665 705 737 749 esse
758 704 876 768 corpus
898 702 1008 748 suum:
1036 701 1056 745 7
1107 682 1194 746 enim
1216 681 1297 748 17777
1319 683 1482 770 ipsissima
1512 685 1582 751 eius
1613 685 1723 751 verba.
1767 686 1813 750 Et
1839 707 1985 751 rursum:
2018 688 2081 752 As·

56 791 143 854 quo
177 789 245 836 non
276 771 386 835 minus
419 769 573 835 abhorret
604 770 709 852 pietas
742 789 842 853 quam
873 768 1055 835 communis
1107 767 1247 832 serimus
1269 789 1335 833 non
1357 776 1486 833 tantum
1518 768 1583 835 fide
1610 771 1688 836 7771
1720 790 1780 837 777
1808 771 1983 856 participes
2010 793 2082 840 eor-

56 877 208 923 7777777.
238 853 334 936 Quod
356 855 385 920 71
406 853 555 920 attollere
577 876 707 921 sursum
729 854 827 920 corda
848 876 914 921 non
936 855 1054 938 pigeat,
1106 853 1195 935 poris
1213 851 1347 933 Christi,
1370 853 1428 920 sed
1449 854 1549 920 ctiam
1566 877 1622 921 ore
1642 857 1867 937 essentialiter,
1889 878 1947 924 seu
1968 877 2081 943 corpo-

60 949 149 1006 tam
178 942 308 1025 integro
336 939 594 1024 Christoquam
620 940 774 1007 distincte
801 961 900 1005 carne
924 939 995 1005 eius
1022 942 1056 1004 77
1107 938 1234 1016 7711777,
1263 960 1322 1004 777
1344 938 1513 1006 Christum
1539 941 1629 1007 intra
1649 963 1710 1007 nos
1739 961 1883 1009 sumere:
1916 950 2016 1027 atqne'
2034 945 2082 1010 ita

64 1027 243 1111 sanguine
265 1047 441 1094 vescemur.
486 1026 532 1091 Et
553 1047 632 1092 sane
654 1024 731 1090 dum
753 1025 905 1092 Christus
926 1024 968 1090 ad
985 1045 1055 1091 eor-
1108 1030 1167 1088 777
1194 1023 1292 1088 Ρ7717
1317 1032 1351 1090 77
1383 1026 1662 1111 evangelistarum
1688 1026 1796 1094 verbis
1829 1028 1926 1101 fidem
1960 1028 2081 1096 habere

66 1132 262 1196 passuum
284 1111 527 1191 comedendum,
550 1123 583 1176 77
605 1110 646 1177 77
665 1111 843 1178 bibendum
864 1133 961 1177 suum
979 1132 1055 1176 san·
1107 1116 1276 1175 testamur.
1320 1110 1463 1176 Econtra
1485 1113 1648 1179 reiicimus
1670 1117 1743 1192 [pag.
1763 1119 1817 1194 29]
1840 1114 1987 1180 omnium
2005 1136 2082 1181 sen·

73 1199 215 1284 guinem
236 1218 296 1263 nos
317 1198 453 1276 invitat,
482 1218 549 1262 non
571 1195 748 1263 eliciendus
770 1204 820 1263 est
842 1219 860 1262 7
881 1197 980 1276 coelo,
1003 1195 1055 1263 vel
1107 1195 1244 1260 tentiam
1271 1197 1326 1279 qui
1354 1198 1574 1279 praesentiam
1602 1198 1727 1265 Christi
1753 1199 1789 1263 in
1816 1221 1917 1265 coena
1946 1208 2079 1284 negant.

75 1281 248 1368 cogendus
270 1291 309 1348 ut
328 1304 364 1348 77
385 1303 493 1350 coram
516 1283 623 1349 sistat'
630 1283 780 1366 pluribus
801 1283 879 1349 locis'
901 1280 943 1348 ad
964 1284 1057 1382 inge·
1106 1280 1161 1345 En
1190 1279 1323 1346 tandem
1357 1281 1397 1347 77
1428 1303 1491 1366 quo
1513 1305 1643 1432 (genae
1675 1285 1878 1367 praesentiae
1911 1285 2080 1352 nobiscum

78 1368 221 1434 rendum
242 1390 359 1452 corpus
381 1390 475 1435 suum
494 1379 528 1433 et
545 1369 739 1453 sanguinem
762 1369 810 1434 ori
832 1378 957 1433 nostro:
971 1389 1056 1451 ¹qma
1107 1367 1242 1430 rixetur.
1293 1366 1420 1451 Nempe
1448 1389 1511 1451 quo
1564 1370 1626 1435 sibi
1648 1369 1718 1453 ipse
1741 1378 1774 1434 et
1795 1370 1917 1436 similes
1939 1371 2081 1454 phrene-

81 1454 210 1521 abunde
231 1455 380 1519 sufficere
409 1453 505 1518 debet
530 1475 658 1542 sacrum
685 1453 768 1518 illud
792 1448 956 1520 vinculum
978 1472 1055 1517 nos-
1107 1450 1164 1517 tici
1192 1453 1366 1518 somniant.
1414 1453 1512 1518 Pauli
1543 1476 1621 1520 vcro
1649 1475 1768 1520 nomen
1801 1465 1835 1521 et
1862 1456 2080 1541 evangelista·

81 1547 149 1605 trae
176 1561 249 1607 cum
278 1541 349 1623 ipso
377 1538 631 1618 coniunctionis,
667 1537 745 1603 dum
773 1559 893 1604 arcana
919 1539 1056 1623 spiritus
1107 1558 1181 1601 rem
1202 1546 1272 1602 tam
1294 1537 1413 1604 crassis
1435 1538 1557 1604 deliriis
1579 1539 1764 1620 obtendere,
1783 1542 1887 1608 vcuius
1908 1541 2080 1625 impuden-

82 1626 204 1692 virtute
226 1626 261 1690 in
283 1646 387 1691 unum
408 1645 524 1707 corpus
551 1646 626 1691 cum
647 1626 718 1708 ipso
739 1625 958 1691 coalescimus.
1003 1624 1056 1689 Ita
1107 1623 1172 1687 tiae
1194 1622 1265 1687 7771
1315 1622 1485 1704 Quomodo
1511 1624 1577 1690 illis
1606 1626 1743 1691 testibus
1774 1627 1927 1778 probabit
1948 1649 2017 1705 oro,
2045 1636 2080 1694 et

81 1712 269 1796 Augustino
291 1711 467 1789 assentior,
498 1711 531 1775 in
558 1731 642 1793 pane
670 1711 770 1793 accipi
794 1709 879 1794 quod
899 1711 1055 1794 pependit
1107 1707 1332 1790 corporaliter,
1363 1717 1397 1774 77
1430 1710 1519 1775 intra
1555 1732 1615 1776 nos
1653 1712 1740 1776 sumi
1803 1712 1899 1778 bristi
1936 1715 2078 1798 eorpus?

80 1797 114 1861 in
142 1816 248 1862 cruce.
306 1798 339 1861 A
366 1795 480 1862 delirio
506 1805 616 1860 tamon
644 1796 802 1861 Heshusii
830 1805 864 1862 et
895 1796 1054 1861 similium
1106 1793 1196 1859 Alibi
1218 1795 1386 1860 7771777777
1408 1802 1540 1862 777777
1562 1794 1713 1862 dentibus
1736 1799 1847 1878 atteri,
1876 1819 1937 1864 neo
1959 1800 2079 1885 attingi

66 1902 213 1965 prorsus
232 1882 408 1947 abhorreo:
432 1880 507 1946 Non
527 1882 638 1965 accipi,
661 1882 723 1947 nisi
746 1883 780 1946 in
798 1902 834 1948 os
856 1882 987 1947 carnale
1003 1883 1053 1946 in·
1105 1879 1223 1961 palato.
1267 1879 1337 1947 Cur
1357 1888 1482 1946 tactum
1510 1881 1611 1965 palati
1637 1882 1692 1947 vel
1714 1885 1856 1966 guttum
1878 1884 2077 1963 7717777777,

119 1976 223 2033 ratur.
279 1967 349 2033 Neo
376 1987 455 2033 vcro
488 1976 636 2047 κοινωνία,
670 1966 710 2031 77
745 1988 810 2050 qua
841 1968 1054 2034 concionatur
1104 1964 1235 2047 quando
1256 1986 1401 2031 asserere
1422 1966 1523 2032 audet
1539 1967 1718 2034 visceribus
1734 1970 1832 2054 ingur
1857 1969 1951 2035 tari?
1989 1969 2078 2050 Quid

127 2053 218 2131 7177,
254 2052 392 2118 localem
425 2053 645 2136 praesentiam
679 2053 813 2137 flagitat.
865 2052 938 2117 Nisi
971 2053 1054 2135 17777
1104 2052 1192 2115 enim
1227 2050 1289 2117 sibi
1317 2051 1391 2118 vult
1422 2052 1524 2118 istud:
1557 2054 1652 2119 Intra
1679 2053 1763 2120 7771
1851 2075 1893 2120 77
1921 2055 2079 2139 recipitur

79 2138 213 2218 Paulus,
236 2160 337 2222 quum
358 2135 452 2205 77777
473 2159 533 2203 777
554 2144 687 2204 vocatos
706 2141 748 2213 sk
763 2147 917 2203 κοινωνίαν
929 2137 1053 2204 Christi
1105 2134 1229 2201 Christi
1252 2157 1382 2220 corpus,
1412 2137 1467 2203 ubi
1494 2160 1553 2222 per
1584 2160 1620 2205 os
1644 2139 1796 2206 transiit?
1841 2140 1925 2206 Nam
1948 2143 1988 2208 ab
2010 2162 2077 2222 ore,

80 2224 111 2308 (1
132 2223 207 2289 Cor.
230 2229 256 2303 l,
276 2224 321 2308 9),
344 2225 396 2290 771
424 2223 465 2289 77
485 2222 587 2290 7717117
609 2225 656 2288 ita
678 2224 835 2306 loquitur,
863 2224 918 2289 vel
938 2223 1052 2289 Chris·
1104 2222 1167 2286 nisi
1194 2221 1305 2303 fallor,
1334 2223 1512 2306 corporalis
1537 2226 1697 2291 transitus
1725 2234 1775 2290 est
1803 2225 1845 2291 ad
1870 2227 1999 2293 viscera
2024 2228 2077 2293 vel

80 2318 150 2377 tum
172 2311 258 2375 sistit
279 2309 427 2375 localiter
446 2330 637 2393 quocunque
655 2308 860 2394 evangelium
879 2310 1051 2393 perfertur.
1104 2307 1269 2373 intestina.
1313 2307 1352 2374 Si
1373 2308 1474 2389 dicat,
1508 2309 1707 2376 calumniose
1728 2311 1838 2378 verbis
1858 2313 2076 2394 asperioribus

161 2395 233 2461 Neo
255 2394 433 2460 tolerabilis
462 2404 512 2460 est
533 2395 632 2460 huius
653 2394 830 2460 blaterouis
850 2394 1051 2478 improbitas,
1082 2391 1454 2473 711717771717777771,
1484 2397 1566 2461 scire
1592 2397 1692 2461 velim
1720 2396 1798 2479 quid
1820 2397 1974 2463 differant
1994 2398 2076 2465 hacc

79 2501 129 2546 me
151 2501 272 2546 noman
292 2479 378 2547 illud
399 2488 553 2554 κοινωνίας
570 2482 769 2564 restringere
787 2487 915 2545 tanturn
938 2478 980 2545 ad
1001 2503 1052 2546 so·
1104 2477 1182 2543 duo:
1214 2477 1311 2560 Quod
1333 2499 1389 2545 ore
1411 2489 1579 2564 sumptum
1601 2487 1660 2559 est,
1683 2482 1893 2566 corporaliter
1914 2484 2002 2549 intro
2024 2506 2075 2549 re-

79 2567 229 2633 eistatem
251 2586 334 2650 quae
354 2567 449 2633 nobis
468 2575 519 2631 est
541 2587 614 2632 oum
629 2563 771 2645 Christo,
793 2564 898 2649 quoad
918 2585 1053 2650 pereep-
1104 2565 1183 2647 cipi,
1211 2573 1259 2629 et:
1299 2565 1455 2631 Transire
1483 2566 1525 2633 77
1553 2567 1681 2634 viscera
1707 2568 1760 2634 vel
1787 2568 1952 2635 intestina.
2002 2570 2076 2637 Hoc

79 2651 201 2716 tionem
222 2650 454 2718 777777777777
481 2652 561 2718 7177.
612 2650 709 2733 Quod
738 2657 848 2716 tamen
876 2661 1052 2735 autequam
1103 2649 1240 2732 posthac
1261 2657 1395 2716 teneant
1411 2649 1556 2732 lectores,
1578 2653 1741 2737 probeque
1757 2656 1975 2733 meminerint,
1996 2676 2076 2738 que-

78 2739 209 2820 penitus
231 2736 369 2816 excutio,
391 2736 570 2803 videndum
591 2745 749 2820 estquam
768 2746 883 2821 argute
904 2758 964 2805 uos
982 2738 1052 2803 clu·
1104 2733 1420 2802 tias'oriminabitur
1446 2737 1633 2805 Heahusius
1659 2760 1712 2803 me
1740 2760 1861 2824 negare
1888 2739 2013 2807 Christi
2038 2741 2075 2806 in

79 2820 141 2887 dat
178 2820 245 2889 Ubi
266 2823 355 2888 enim
373 2822 530 2889 sacrificio
551 2832 721 2889 vescentes
742 2822 866 2889 Paulus
885 2821 965 2889 dicit
980 2825 1052 2890 fieri
1103 2841 1203 2887 coena
1213 2823 1442 2906 praesentiam,
1461 2843 1528 2889 non
1540 2823 1628 2890 aliud
1639 2823 1886 2908 reprehendere,
1908 2827 1973 2892 nisi
1989 2826 2076 2910 quod

77 2907 234 2982 7777777777
255 2908 369 2974 altaris
391 2912 421 2992 (l
443 2907 518 2974 Cor.
538 2913 568 2987 9,
590 2909 659 2992 13),
686 2928 817 2973 causam
840 2906 974 2975 adducit
994 2911 1068 2976 bo··
1102 2907 1186 2972 mihi
1208 2905 1386 2973 absurdum
1412 2907 1544 2974 videtur
1566 2908 1737 2975 Christum
1761 2930 1817 2976 ore
1840 2910 2009 2995 deglutiri,
2035 2920 2076 2977 ut

77 3015 139 3060 nas
161 2992 217 3058 1717
236 2993 414 3077 interpres:
449 2993 537 3076 Quia
558 2993 680 3060 scilicet
701 2994 838 3077 quisque
859 2992 986 3078 partem
1009 3018 1051 3061 ex
1102 2993 1315 3077 corporaliter
1342 2993 1378 3059 in
1405 2995 1625 3061 ventriculum
1653 2993 1835 3061 descendat
1889 2996 1935 3061 Et
1962 3004 2075 3062 tamen

73 3078 174 3144 altari
195 3079 341 3162 accipiat,
363 3085 436 3159 [pag.
455 3085 509 3160 es]
532 3088 628 3167 atque
648 3077 727 3144 inde
748 3078 913 3146 concludit
933 3079 1051 3146 1717777
1101 3080 1251 3163 queritur
1275 3100 1329 3145 me
1357 3078 1516 3164 ambiguis
1543 3082 1677 3147 vocibus
1703 3079 1824 3147 ludere.
1870 3080 1974 3161 Quasi
1994 3086 2073 3148 ver'o

70 3185 147 3231 esse
167 3182 276 3231 meam
297 3165 609 3248 interpretationem.
658 3164 786 3249 Nempe
813 3185 913 3249 quam
934 3165 1050 3231 turbu·
1101 3185 1167 3230 non
1189 3184 1263 3229 mea
1283 3166 1515 3249 perspicuitate
1543 3167 1577 3231 17
1606 3166 1729 3232 rabiem
1757 3174 1875 3250 agatur
1902 3188 1977 3232 oum
2005 3167 2074 3233 suis

64 3248 165 3317 17777
187 3271 247 3316 777
269 3248 401 3316 77771777
428 3251 598 3318 confinxit:
626 3249 757 3334 quando
785 3272 805 3315 7
830 3271 884 3316 me
906 3271 1050 3318 commu·
1101 3249 1275 3316 sodalibus.
1324 3248 1427 3316 Cuius
1448 3251 1536 3316 enim
1557 3271 1610 3317 me
1632 3252 1854 3336 ambiguitatis
1876 3251 2072 3318 convincet?

67 3336 201 3404 nicetio
234 3335 408 3416 statuitur,
441 3357 508 3401 non
541 3336 646 3402 selum
680 3357 756 3402 eum
789 3336 898 3403 fructu
934 3338 1050 3404 mortis
1100 3335 1240 3401 Fatetur
1261 3357 1314 3401 me
1333 3355 1479 3402 asserere
1507 3356 1624 3403 verum
1651 3344 1685 3402 et
1711 3336 1961 3404 substantialem
1981 3358 2073 3404 esum

63 3421 218 3502 Christi,
249 3421 306 3488 sed
335 3443 411 3495 cum
433 3423 504 3488 eius
532 3442 665 3505 corpore
686 3422 722 3486 in
743 3421 882 3488 salutem
903 3430 1050 3489 nostram
1101 3422 1208 3487 carnis
1219 3419 1354 3502 Christi,
1377 3429 1409 3486 et
1430 3421 1600 3507 sanguinis
1621 3431 1749 3507 potum:
1772 3421 1829 3488 sed
1851 3423 1963 3507 siquis
1980 3443 2073 3488 men·

63 3509 196 3576 oblato.
231 3505 359 3572 Verum
376 3508 456 3574 haec
473 3528 600 3592 quoque
616 3508 852 3590 interpretatio,
874 3529 972 3592 quam
991 3530 1050 3574 ve·
1100 3516 1168 3572 tem
1189 3527 1297 3572 meam
1318 3507 1502 3590 perspiciat,
1531 3529 1584 3573 me
1605 3506 1694 3592 loqui
1716 3507 1757 3573 de
1777 3509 1983 3593 perceptione
2003 3530 2072 3573 me-

53 3590 312 3661 lutdiversam
333 3593 461 3674 refutat,
485 3593 526 3659 ab
544 3614 582 3659 eo
599 3592 767 3670 refellitur,
789 3593 876 3677 quod
897 3594 1049 3660 excludat
1100 3593 1165 3671 riti,
1187 3593 1321 3671 1777777,
1345 3593 1522 3674 efficaciae,
1550 3594 1681 3659 virtutis
1704 3600 1737 3659 et
1758 3593 1921 3676 potentiae
1943 3614 1961 3659 e
1983 3593 2071 3659 coelo

52 3678 298 3766 praesentiam
318 3678 444 3746 Christi
472 3679 509 3744 in
541 3700 649 3745 coena.
699 3678 766 3746 Hic
793 3684 917 3747 7777777
939 3681 1048 3747 obser·
1100 3677 1281 3744 defluentis.
1340 3669 1405 3744 Hic
1434 3699 1512 3745 vero
1542 3701 1609 3746 non
1636 3679 1672 3743 in
1699 3678 1844 3762 speculo,
1878 3678 1935 3744 sed
1962 3699 2072 3745 coram

50 3774 155 3835 vent
189 3765 326 3831 lectores
358 3763 444 3848 quod
474 3765 679 3849 praesentiae
707 3787 811 3850 genus
840 3766 1048 3866 imaginetur,
1100 3764 1295 3850 perspicitur
1313 3764 1459 3849 maligna
1480 3763 1551 3833 eius
1566 3763 1744 3844 insulsitas,
1767 3763 1846 3829 dum
1862 3764 2021 3830 7177777777
2038 3772 2072 3830 et

50 3854 126 3922 eui
151 3861 221 3916 tam
239 3851 404 3916 mordicus
422 3851 541 3916 aillxus
563 3860 621 3930 eet,
644 3859 682 3916 ut
702 3872 800 3934 quam
818 3850 935 3917 habmt
951 3850 1048 3917 17777-
1100 3850 1279 3934 7777771777
1306 3870 1381 3916 cum
1407 3851 1524 3916 merito
1552 3858 1585 3915 et
1612 3851 1720 3915 fructu
1748 3850 1943 3916 commiscet
1987 3848 2072 3931 Quis

44 3958 132 4007 1777
154 3936 309 4020 Baptista
329 3957 403 4001 cum
421 3936 553 4003 Christo
570 3937 894 4002 communicationem
916 3958 975 4019 pm
996 3938 1048 4002 ni·
1100 3937 1189 4002 enim
1211 3936 1365 4018 17717771
1386 3935 1565 4014 consuevit,
1587 3934 1777 4001 maritume
1797 3935 1884 4002 coelo
1906 3935 2069 4002 77777771

45 4020 142 4093 17117
163 4022 234 4088 1777
253 4021 365 4101 ducat,
392 4021 488 4087 modo
515 4021 660 4087 obtineat
686 4020 881 4106 deglutitum
907 4023 1048 4088 fuisses
1100 4021 1199 4104 Quod
1220 4023 1249 4087 si
1271 4025 1345 4101 [pag.
1366 4025 1419 4101 30]
1439 4021 1654 4106 ingenuitatis
1675 4026 1769 4104 gutta
1789 4021 1823 4085 in
1846 4042 1883 4086 co
1905 4030 2000 4100 esset,
2029 4042 2071 4088 ex

40 4107 158 4180 Iuda
181 4106 307 4174 Christi
328 4129 452 4190 corpus.
504 4106 635 4189 Quaero
660 4111 774 4172 tamen
802 4106 932 4174 abhoc
953 4116 1048 4174 reve·'
1095 4129 1156 4178 ,777
1176 4128 1250 4172 meo
1271 4105 1325 4173 vel
1347 4107 1477 4190 seriptis
1499 4108 1547 4178 ita
1568 4105 1744 4176 retulisset:
1778 4105 1825 4172 Ut
1845 4104 2069 4172 substantialis

42 4193 176 4267 tendo
199 4192 344 4259 doctore:
365 4193 394 4259 77
413 4192 589 4294 participes
610 4193 724 4258 altaris
745 4201 824 4258 sunt
844 4194 901 4277 qui
924 4194 1047 4259 sacrifi·
1099 4191 1191 4260 uobis
1212 4193 1256 4259 sit
1274 4192 1524 4259 communicatio
1545 4213 1621 4259 cum
1640 4212 1737 4280 carne
1748 4190 1882 4273 Christi,
1904 4212 1970 4258 nou
1988 4213 2070 4276 opus

44 4285 162 4353 oium
191 4279 227 4343 in
252 4288 361 4363 partes
389 4276 554 4358 dividunt,
581 4278 742 4362 quomodo
769 4300 804 4343 se
831 4277 1000 4345 excusabit
1027 4300 1047 4346 a
1099 4287 1185 4345 esset
1204 4284 1243 4343 77
1261 4278 1370 4344 locum
1389 4285 1510 4344 mutet:
1533 4277 1686 4361 quoniam
1706 4295 1825 4343 arcana
1846 4278 1980 4360 spiritus
2001 4277 2068 4343 777-

38 4363 206 4438 laniena
235 4364 313 4430 dnm
341 4372 452 4448 partes
479 4363 617 4450 singulis
645 4362 831 4430 distribuit?
882 4361 921 4431 Si
947 4365 1062 4431 aliam'
1099 4372 1169 4431 tute
1189 4365 1294 4431 vitam
1316 4385 1409 4431 suam
1431 4365 1467 4429 in
1488 4383 1549 4430 nos
1571 4385 1589 4429 7
1611 4362 1708 4428 777117
1730 4359 1896 4428 diffundit:
1929 4361 2068 4427 777717-

38 4460 220 4524 mentem
241 4449 303 4517 sibi
325 4450 425 4518 177777
446 4451 582 4534 excipit,
609 4469 669 4516 sua
692 4450 794 4535 igitur
820 4449 919 4516 verba
946 4453 1046 4517 corri-
1097 4458 1185 4516 stare
1206 4449 1352 4517 locorum
1373 4448 1562 4516 7177777777
1583 4447 1756 4532 quominus
1777 4446 1957 4513 1777117717
1974 4445 2067 4512 nobis

41 4548 135 4628 gat
184 4535 284 4603 Certe
305 4558 347 4602 ex
368 4535 430 4602 hac
452 4557 539 4616 aree,
569 4536 605 4601 in
632 4556 697 4620 qua
726 4535 928 4619 praesidium
949 4557 1046 4603 omne
1098 4536 1266 4616 Christus,
1297 4545 1331 4602 et
1358 4556 1419 4602 nos
1447 4534 1550 4602 simus
1579 4540 1681 4599 dnum
1702 4554 1778 4600 enm
1798 4534 1882 4618 ipso:
1916 4531 2068 4614 quoniam

42 4644 170 4695 suum
193 4621 369 4702 locaverat,
397 4621 552 4706 depulsus
578 4629 641 4688 est:
668 4621 725 4687 Me
751 4620 834 4686 nihil
862 4621 1045 4706 relinquere
1097 4623 1243 4689 efficacia
1269 4622 1405 4706 spiritus
1434 4621 1557 4687 cunctis
1584 4618 1788 4685 naturalibus
1818 4616 1993 4684 obstaculis
2025 4616 2068 4681 sit

40 4710 94 4782 in
123 4727 233 4775 coena
252 4716 385 4793 praeter
403 4707 455 4774 ius
475 4707 525 4773 roi
546 4708 699 4787 absentis,
722 4728 823 4791 quum
843 4707 965 4792 ubique
993 4729 1045 4775 as-
1097 4709 1253 4791 superior.
1297 4707 1384 4773 Nam
1406 4715 1439 4771 et
1459 4706 1555 4790 paulo
1576 4710 1648 4789 post
1667 4702 1852 4770 videbimus
1874 4723 1972 4786 quarn
1993 4707 2066 4766 tur·

45 4815 181 4868 seram
210 4800 416 4879 praesentem
440 4793 477 4858 in
505 4792 641 4878 77777777
668 4794 791 4861 virtute
810 4790 1045 4859 exhibitionem
1096 4794 1184 4879 piter
1205 4814 1315 4859 seeum
1336 4800 1471 4878 pugnet,
1493 4790 1570 4856 dum
1591 4789 1692 4857 rerba
1712 4809 1787 4854 mea
1806 4786 1935 4854 recitat:
1958 4787 2066 4853 Bene·

46 4885 133 4962 rei,
165 4880 237 4946 loco
263 4879 415 4946 absentis
463 4879 590 4945 Verum
610 4879 675 4945 nisi
691 4878 848 4946 barbarae
868 4878 1045 4945 manduca·
1096 4879 1171 4945 ficia
1191 4878 1317 4946 Christi
1337 4877 1380 4944 ad
1395 4888 1457 4944 777·
1477 4898 1544 4942 non
1560 4876 1732 4960 pertinere,
1755 4870 1936 4958 donecipse
1955 4879 2067 4939 noster

49 4966 154 5038 tioni
181 4963 396 5045 subscribam,
425 4984 490 5048 qua
511 4963 681 5031 Christum
706 4964 779 5031 vult
803 4985 859 5030 oro
881 4963 1044 5050 deglutiri,
1095 4965 1201 5030 177777
1222 4965 1273 5030 717.
1306 4964 1373 5032 Eat
1393 4982 1489 5042 nuno,
1511 4971 1545 5029 et
1563 4982 1643 5029 voce
1659 4958 1772 5025 Mariti
1793 4958 1975 5025 7777777777
1992 4958 2064 5023 7177

52 5049 272 5138 implacabili
292 5050 403 5116 177777
429 5049 471 5116 77
491 5048 741 5115 conv-iciendum
762 5069 891 5135 semper
911 5052 1043 5116 1777777.
1096 5070 1194 5134 quam
1216 5048 1314 5130 doceo
1336 5047 1634 5117 communicationis
1656 5045 1813 5111 obscurat
1856 5044 2003 5129 Excipit:
2025 5041 2065 5110 Si

54 5134 185 5208 Verbo
207 5134 338 5222 quidem
357 5143 458 5222 negat
479 5133 520 5201 de
539 5134 636 5201 modo
656 5137 859 5219 praesentiae
880 5135 1043 5220 7777771-
1095 5135 1132 5201 in
1154 5134 1242 5202 coelo
1254 5141 1305 5202 est
1326 5154 1442 5221 eorpus
1451 5131 1586 5214 Christi,
1607 5150 1675 5198 non
1696 5149 1766 5196 esse
1781 5129 1885 5215 igitur
1901 5130 1937 5195 in
1954 5149 2063 5212 77777,
