4574 5902
102 308 163 369 649
936 309 1001 375 AD
1024 304 1251 375 POLONOS.
2028 315 2094 377 650

100 516 197 560 suum
219 514 365 561 errorem
386 495 589 579 detorquent,
615 494 809 580 plusquam
835 496 952 563 frivola
977 505 1069 562 sunt:
1207 494 1368 580 Superest
1388 515 1492 576 nuno,
1521 497 1678 582 generosi,
1706 496 1830 563 nobiles
1858 516 1896 563 ao
1922 507 2092 596 praestan-

99 580 201 648 Pater
222 589 256 647 et
276 580 374 661 iilius,
395 589 479 647 teste
501 580 639 658 Hilario,
665 602 732 647 non
754 590 803 647 est
823 601 924 648 unus:
952 603 1070 666 nempe
1121 581 1240 648 tissimi
1261 583 1332 660 viri,
1354 582 1446 647 utin
1468 581 1567 648 huius
1589 602 1704 649 oausae
1720 580 1907 650 defensione
1923 583 2094 669 mfatigato

98 687 248 751 persona,
270 666 399 750 quando
420 668 494 751 pius
511 667 567 732 ille
589 666 702 733 dootor
718 688 784 732 non
798 665 917 733 desinit
932 667 1072 753 siugulis
1122 666 1229 733 studio
1250 669 1403 753 pergatis.
1447 667 1516 732 Res
1538 677 1588 734 est
1609 691 1675 735 non
1696 669 1778 736 levis
1799 670 1954 734 momenti
1971 678 2092 749 tenere,

98 753 167 819 fere
186 753 314 838 paginis
335 773 435 818 unam
457 761 491 819 et
511 753 690 837 simplioem
712 754 815 836 patris
832 764 865 819 et
885 753 945 819 lilii
960 774 1071 820 essen·
1122 753 1292 818 Christum
1315 774 1387 819 esse
1405 754 1540 819 unieum
1561 752 1682 833 Deum‚'
1708 775 1729 820 a
1755 775 1819 836 quo
1846 755 1918 821 vita
1943 763 1978 821 et
2004 755 2092 823 salue

99 838 180 904 tiam
205 859 360 918 asserere,
388 847 426 904 ut
451 838 538 905 filius
565 837 651 904 idem
680 838 724 905 sit
751 859 827 904 oum
897 848 947 905 tre
968 839 1069 918 Deus,
1122 836 1263 922 petenda
1289 848 1349 917 est,
1380 847 1413 904 et
1439 838 1475 902 in
1502 858 1565 921 quo
1592 839 1723 923 gloriari
1750 840 1799 905 fas
1826 850 1884 906 est
1927 840 1968 905 Id
1999 842 2095 908 vobis

99 932 133 991 et
161 931 271 990 tamen
297 945 456 1008 personae
483 934 631 1007 respeotu
660 921 797 990 differat
842 859 950 1006 <llam
979 946 1071 991 rere·
1122 926 1247 1007 eripere
1269 937 1428 990 donentur
1448 925 1598 1009 saerilegi
1619 927 1674 991 isti
1701 944 1843 992 errones.
1888 925 1999 1008 Quare
2026 947 2093 992 non

98 1009 205 1078 eunde
238 1019 348 1076 autem
380 1010 541 1076 Basiliam
574 1020 608 1076 et
633 1008 853 1076 Athanasium
883 1018 917 1075 et
949 1011 1071 1077 similes
1122 1010 1218 1075 aliter
1239 1009 1542 1076 vobiaoertandum
1564 1032 1661 1094 quam
1683 1012 1712 1077 si
1739 1010 1780 1075 ad
1804 1012 1913 1076 Deum
1938 1011 2091 1077 liutitium

97 1096 193 1163 nobis
213 1095 402 1175 obtrudunt,
424 1116 563 1180 quorum
580 1095 776 1162 testimoniis
792 1095 913 1161 millies
928 1095 1070 1163 oonfodi-
1122 1116 1181 1163 vos
1203 1094 1408 1162 abduoerent.
1455 1094 1607 1161 Pluribus
1626 1117 1687 1162 vos
1707 1096 1858 1162 hortarer
1884 1096 1948 1163 nisi
1976 1105 2093 1180 sponte

96 1191 154 1247 tur
180 1180 381 1248 detestabilis
413 1183 477 1248 ista
508 1183 554 1246 im
578 1179 680 1246 istas?
730 1181 905 1248 Caeterum
931 1184 1009 1265 quia
1034 1183 1069 1247 in
1121 1183 1202 1247 satis
1222 1181 1383 1247 animatos
1405 1202 1477 1246 esse
1499 1179 1702 1248 oonfiderem.
1728 1181 1846 1248 Valete
1867 1183 1977 1283 igitur,
2000 1183 2092 1250 nobi·

96 1267 292 1333 refutatione
324 1267 456 1334 Serveti
488 1274 522 1332 et
602 1266 694 1331 ntilie
720 1265 805 1333 hano
837 1275 964 1351 partem
991 1269 1069 1333 satis
1120 1266 1169 1334 les
1191 1276 1224 1332 et
1245 1266 1394 1352 generosi
1415 1268 1550 1333 Domini
1571 1278 1604 1332 et
1625 1268 1896 1351 praestantissimi
1917 1269 1990 1334 viri
2023 1268 2092 1334 Do-
2153 1304 2157 1311 ‚

95 1351 195 1504 Erobe
222 1352 416 1436 expliouisse
443 1351 526 1418 mihi
555 1351 683 1431 videor,
716 1372 800 1434 quae
832 1352 907 1418 inde
941 1375 1069 1419 sumere
1122 1353 1232 1419 minus
1254 1373 1313 1418 vos
1335 1352 1453 1435 spiritu
1473 1352 1665 1436 prudentiae
1687 1374 1815 1437 semper
1842 1353 2011 1438 gubernet,
2040 1355 2092 1418 in·

110 1439 173 1505 ‘oet
205 1437 379 1522 repetendo
411 1440 594 1506 molestiam
628 1447 660 1504 et
693 1438 838 1503 taedium
875 1437 970 1504 robis
1002 1458 1068 1504 non
1122 1439 1211 1505 vieta
1232 1439 1352 1503 virtute
1369 1440 1530 1504 sustineat
1547 1460 1650 1522 nsque
1667 1439 1911 1504 adextremum.
1936 1438 2093 1506 Genevae

94 1525 240 1591 afferam.
1121 1522 1225 1607 pridie
1246 1520 1380 1590 Calend.
1402 1523 1484 1589 Maii
1508 1528 1598 1590 1563.

1177 1728 1191 1770 0
