4776 5844
190 263 249 323 185
969 262 1034 329 AI)
1056 260 1402 329 wusupflauuu.
2127 275 2187 338 186

185 448 281 514 mode
303 449 565 533 interpretandol
589 450 655 515 imo
677 451 705 516 si
723 449 784 516 hao
801 451 1036 535 legeobstrioti
1046 452 1160 529 616166,
1213 455 1284 528 [666.
1312 455 1384 531 133]
1407 453 1514 517 661611
1537 473 1589 520 166
1612 453 1772 522 absentes.
1807 456 1881 523 Η66
1903 458 1931 524 61
1953 464 2076 543 negant
2092 460 2188 547 Mog-

187 544 224 600 ut
242 536 388 628 reeiporo
409 554 541 602 neeesse
563 535 608 601 sit
625 533 783 619 quidquid
805 535 904 602 verba
926 548 1059 614 sonant,
1088 535 1160 601 nul·
1213 532 1443 620 deburgenses,
1466 537 1593 606 discant
1615 563 1635 606 a
1656 542 1766 625 pueris
1787 543 1894 625 prima
1917 543 2093 610 elementa:
2122 547 2187 613 imo

187 620 256 686 lum
276 622 341 686 erit
362 619 575 688 absurditatis
596 642 701 706 genus
719 643 781 704 quo
799 645 866 688 non
884 622 1042 706 6116111661
1064 634 1161 705 atque
1212 632 1362 705 repetant
1388 626 1544 690 memoria
1592 626 1657 693 uod
1680 649 1699 692 6
1721 628 1903 704 nutricibus
1931 629 2131 712 didicerunt,
2159 633 2188 700 si

186 708 348 808 1611161661
368 707 532 792 evangelii
552 712 628 787 [pag.
650 711 722 787 136]
744 707 925 774 1661116616
952 709 1077 792 profani
1102 708 1159 772 ho·
1212 706 1308 772 modo
1331 647 1836 781 616661166611161666616616.
1880 714 1953 782 Η66
1976 716 2004 789 61
2024 717 2187 802 generali·

186 815 299 859 mines
346 791 456 873 Quare
478 813 545 859 non
567 793 723 877 estquod
746 817 782 860 se
802 795 890 878 apud
907 794 1076 880 imperitos
1098 795 1160 861 hao
1212 803 1482 874 161161661661,
1511 819 1570 863 661
1593 800 1958 868 unotantuminlooo
1980 802 2050 868 1161
2073 812 2187 870 6166-

186 880 340 950 iaotantia
360 878 533 944 166111661
543 877 853 964 Magdeburgsnses,
876 900 911 946 66
933 880 1048 946 exDei
1066 902 1159 945 man·
1211 888 1320 944 turam
1342 881 1494 947 amittent
1517 883 1568 948 vel
1589 885 1766 951 mutabunt
1787 907 1901 953 omnes
1921 888 2075 973 linguae?
2120 889 2187 955 No·

186 965 262 1031 dato
284 964 457 1032 Christum
477 965 599 1043 audire,
622 975 735 1031 eontra
758 966 851 1046 66166
873 965 1055 1032 doctrinam
1078 966 1160 1031 odeo
1211 987 1273 1049 quo
1296 974 1407 1032 166166
1429 989 1587 1053 negamus
1608 971 1669 1036 sub
1690 971 1783 1054 panis
1806 972 1953 1056 symbolo
1974 995 2035 1040 nos
2052 975 2094 1040 61
2116 998 2187 1043 661-

186 1073 250 1116 666
271 1051 456 1135 appetimus
477 1072 606 1135 666616,
635 1062 673 1117 ut
693 1073 752 1135 pro
778 1053 924 1136 ingenua
950 1052 1020 1119 eius
1048 1052 1159 1117 delon·
1211 1050 1263 1116 nis
1275 1050 1400 1116 Christi
1418 1054 1702 1139 participationem
1723 1058 1840 1123 166611
1875 1059 2018 1125 Tantum
2040 1062 2186 1141 ostendo,

186 1139 284 1222 sione
307 1136 449 1220 quotidie
479 1137 575 1202 multi
603 1159 645 1203 ex
672 1138 829 1204 fratribus
870 1139 990 1204 6661116
1019 1148 1159 1203 mortem
1211 1157 1308 1220 66616
1320 1138 1473 1220 6616616
1494 1141 1538 1205 611
1560 1141 1625 1208 1616
1646 1143 1791 1221 futilitas,
1813 1141 1890 1209 dum
1912 1156 2090 1229 pronomen
2113 1147 2187 1215 Η66

185 1234 355 1306 oppetant:
389 1245 448 1289 nos
475 1225 574 1289 etiam
607 1225 696 1289 inter
729 1224 853 1312 medios
881 1224 1021 1291 telorum
1055 1225 1159 1290 166166
1210 1222 1345 1301 omnino
1362 1223 1404 1289 ad
1425 1245 1542 1310 eorpus
1565 1229 1679 1294 referri
1707 1228 1829 1294 volunt
1879 1230 1992 1314 Neque
2019 1233 2108 1307 enim
2129 1255 2187 1319 pa·

183 1309 713 1394 6661166166166166166161666.
909 1314 912 1319 ’
1010 1388 1013 1396 ¹
1210 1308 1263 1374 nis
1284 1321 1433 1392 respeotu
1456 1310 1546 1377 aliud
1568 1309 1740 1398 signifieat,
1762 1336 1859 1397 66616
1881 1315 1967 1398 quod
1989 1316 2117 1400 plenior
2138 1316 2186 1395 lo·

268 1394 366 1476 Quod
389 1412 481 1462 sexto
503 1397 572 1461 loeo
581 1395 752 1475 obiiciunt,
775 1395 867 1460 nulla
885 1397 1077 1465 neeessitato
1099 1418 1158 1462 666
1210 1394 1591 1481 quutioinalteraparte
1601 1419 1721 1465 666666
1734 1401 2076 1469 666116611Η1666111.
2096 1403 2186 1486 Quid

184 1483 254 1565 6661
278 1482 319 1547 61
343 1485 512 1565 tropumfi
560 1482 692 1559 endum,
716 1495 796 1549 1666
811 1482 920 1548 166616
937 1481 1080 1562 habebit,
1103 1483 1158 1547 ubi
1211 1479 1301 1545 enim
1323 1479 1413 1570 aliud
1434 1483 1494 1548 sibi
1524 1483 1594 1549 vult
1616 1484 1681 1551 Hie
1704 1485 1805 1564 calix,
1833 1508 1932 1569 quam
1951 1488 2047 1555 Hoo?
2092 1489 2187 1557 81661

184 1579 382 1651 argumenta
403 1570 512 1634 omnia
557 1568 706 1645 luerint,
729 1568 848 1651 quibus
870 1570 993 1653 6661166
1014 1569 1158 1634 6616611·
1211 1587 1289 1651 ergo
1311 1567 1419 1632 6611616
1442 1590 1561 1635 666166
1584 1569 1718 1638 66116616
1735 1573 1793 1655 661
1804 1573 1990 1657 porrigitur,
2013 1575 2186 1659 signifieat,

183 1675 259 1719 mus
286 1674 352 1719 nou
383 1676 477 1736 posse
506 1655 614 1720 looum
643 1654 748 1730 huno,
783 1654 847 1718 nisi
880 1665 975 1737 tropo
1003 1653 1158 1733 adhibito,
1211 1653 1257 1716 ita
1279 1660 1459 1734 pronomen
1481 1655 1563 1734 Η66,
1587 1655 1627 1721 16
1650 1678 1736 1741 6666
1758 1657 1813 1741 661
1836 1659 1872 1723 16
1892 1680 2027 1724 manum
2050 1662 2187 1728 offertur

183 1740 245 1805 rite
267 1741 396 1822 exponi.
431 1741 503 1805 Imo
525 1742 554 1806 61
575 1740 642 1805 illis
664 1739 779 1806 demus
800 1740 958 1824 quidquid
981 1741 1158 1823 postulant,
1211 1737 1391 1820 praedicari
1414 1739 1588 1806 obseurum
1610 1751 1763 1808 nonest:
1788 1744 1955 1810 nisilorte
1978 1745 2060 1812 duas
2077 1770 2186 1831 gram-

183 1826 234 1891 vsl
257 1827 434 1909 imperiose
455 1828 602 1910 exigunt,
626 1825 721 1908 panis
743 1834 854 1894 166166
868 1847 936 1891 666
958 1830 1088 1910 6166116
1111 1826 1159 1891 di·
1211 1825 1349 1890 matioss
1371 1825 1464 1891 nobis
1486 1827 1521 1890 in
1545 1826 1658 1905 661616
1682 1828 1806 1894 Christi
1829 1850 1931 1896 ooena
1952 1831 2120 1899 fabrioent

63 1981 69 1986 ,
181 1923 275 1977 66161
297 1932 423 1995 eorpus.
456 1913 547 1997 Ergo
569 1923 733 1994 uteunque
754 1923 788 1977 et
809 1933 845 1978 66
866 1924 900 1976 61
922 1914 1023 1979 verba
1035 1911 1160 1979 Christi
1297 1917 1369 1989 [pag.
1397 1917 1470 1992 134]
1492 1910 1587 1979 Nona
1608 1914 1692 1979 ratio
1715 1924 1774 1992 est,
1797 1914 1968 1981 Christum
1988 1919 2087 1984 verbo
2109 1921 2187 1988 sub-

182 2009 371 2082 torqueant,
403 1997 571 2064 1161661166
603 2007 713 2062 166166
747 2019 813 2063 666
851 2000 1053 2083 ooniungent
1081 2000 1159 2082 pani
1210 1999 1355 2061 61661116
1382 2019 1479 2063 usum
1507 2021 1587 2064 6666.
1638 1999 1816 2084 Quousque
1848 2001 1983 2067 eedem?
2033 2003 2186 2072 1161661-

182 2083 307 2151 Christi
329 2104 466 2167 eorpus,
495 2096 651 2168 16666616
675 2082 898 2166 praedieatum
920 2086 1080 2152 subieoto:
1109 2098 1158 2153 at-
1211 2082 1276 2148 outi
1298 2085 1439 2156 rusticus
1461 2083 1516 2150 1116
1538 2084 1657 2168 hospes
1680 2108 1721 2151 ex
1743 2086 1855 2153 eodem
1879 2089 2186 2171 66166166116161·

180 2171 312 2254 666116
338 2171 572 2255 metonymiam
601 2176 673 2248 [pag.
696 2172 769 2249 131]
798 2191 864 2235 666
891 2171 1065 2255 effugient,
1094 2193 1159 2254 666
1210 2167 1284 2233 6616
1305 2170 1458 2248 66616611,
1487 2192 1588 2253 quum
1610 2171 1710 2237 161161
1731 2173 1835 2238 faoete
1857 2174 2185 2255 166616166661616-

180 2258 302 2321 mirum
325 2267 376 2322 est
403 2278 459 2321 666
485 2255 813 2339 1661666166116611,
842 2256 973 2339 quando
1000 2258 1037 2322 in
1059 2278 1160 2323 66666
1209 2274 1301 2338 gere:
1330 2254 1376 2318 ita
1398 2254 1468 2331 isti,
1497 2278 1598 2339 quum
1624 2257 1660 2322 16
1689 2280 1755 2323 666
1784 2267 1913 2325 tantum
1942 2261 2069 2327 ratione
2086 2261 2185 2330 insis-

182 2365 246 2407 uon
270 2344 333 2407 erit
354 2341 480 2413 Christi
502 2361 632 2425 eorpus,
665 2342 729 2405 nisi
752 2340 849 2406 detur
869 2341 930 2407 sub
951 2344 1047 2428 panis
1068 2365 1158 2428 sym·
1209 2350 1295 2417 1661,
1322 2363 1364 2404 ex
1387 2342 1487 2405 variis
1509 2336 1670 2409 coloribus
1699 2365 1853 2409 acervum
1876 2367 1973 2409 suum
1994 2358 2183 2431 oongerunt

181 2428 262 2494 bolo.
298 2428 419 2505 Verba,
442 2428 606 2510 inquiunt,
629 2449 687 2510 per
709 2448 744 2492 se
767 2439 888 2510 patent,
911 2450 972 2494 666
993 2440 1072 2494 6661
1087 2429 1157 2494 ido·
1209 2425 1313 2491 Porro
1335 2427 1362 2492 si
1385 2425 1476 2491 verbi
1499 2425 1695 2494 substantivi
1709 2429 1788 2496 11666
1811 2429 1893 2494 ratio
1915 2440 1966 2496 661
1983 2452 2020 2498 ao
2038 2434 2184 2517 proprie·

179 2515 250 2580 lum
273 2515 360 2591 solis,
381 2513 438 2579 sed
459 2514 529 2596 ipse
551 2512 609 2578 sol.
655 2511 819 2593 Quorsum
843 2513 884 2580 de
904 2512 992 2579 idolo
1014 2515 1093 2581 solis
1110 2514 1157 2580 lo·
1209 2522 1269 2588 tas,
1292 2532 1392 2594 quare
1415 2513 1513 2577 etiam
1536 2513 1569 2578 16
1592 2515 1666 2579 aliis
1692 2517 1842 2581 omnibus
1865 2515 1989 2582 Christi
2011 2521 2184 2587 sententiis

178 2610 325 2684 quantur
345 2622 410 2664 non
433 2600 536 2665 11166.
573 2597 758 2664 Verborum
779 2597 908 2682 quidem
931 2600 1071 2679 alorites,
1093 2601 1159 2667 nisi
1209 2619 1276 2661 non
1287 2596 1430 2663 valebit?
1466 2598 2184 2688 0611616661616116661611166161116666-

178 2707 292 2752 eorum
315 2685 490 2751 obstinatio
512 2684 634 2751 nubem
662 2685 899 2768 interponeret,
928 2686 1022 2752 nobis
1041 2708 1101 2770 661
1122 2709 1158 2753 66
1209 2704 1271 2767 666
1293 2684 1497 2759 substantivo
1521 2707 1599 2750 usus
1621 2695 1679 2752 661.
1726 2685 1763 2753 81
1784 2687 1955 2771 parabolas
1977 2690 2018 2755 ab
2040 2688 2102 2757 1166
2125 2691 2182 2758 16-

177 2784 265 2838 esset
286 2772 474 2854 oonspieua:
498 2770 557 2837 sed
578 2772 607 2836 si
623 2771 704 2854 ipsis
721 2769 811 2836 lubet
832 2772 869 2836 in
890 2772 962 2838 1666
984 2774 1155 2849 6666111116,
1208 2770 1445 2835 monstratione
1477 2770 1676 2856 separandas
1706 2793 1778 2838 6666
1811 2772 1988 2858 excipiant:
2030 2775 2183 2844 Christus

176 2858 258 2941 quid
282 2859 371 2923 sanis
393 2868 427 2922 61
447 2855 596 2924 candidis
618 2857 852 2940 interpretibus
873 2857 1056 2924 1666116611
1209 2865 1318 2920 161666
1341 2855 1462 2938 ubique
1478 2855 1630 2939 loquitur.
1665 2856 1801 2923 Diotum
1824 2858 1921 2925 illud:
1944 2861 2018 2945 Ego
2040 2884 2114 2927 sum
2133 2864 2182 2929 11-

264 2942 415 3027 86611616
436 2965 549 3010 eorum
567 2945 650 3010 ratio
662 2963 760 3026 quam
779 2943 882 3008 solida
898 2945 951 3024 sit,
974 2966 1032 3027 per
1045 2968 1080 3010 66
1098 2967 1157 3011 ex·
1208 2941 1250 3006 116
1277 2962 1372 3020 1616,
1400 2963 1459 3007 166
1487 2942 1566 3007 estis
1593 2942 1760 3027 palmites,
1796 2953 1889 3028 pater
1917 2968 2009 3013 meus
2039 2947 2183 3031 agrioola

174 3029 492 3114 666166116616166
535 3030 662 3095 Ι)16661
682 3051 803 3095 666666
823 3029 1063 3096 institutionem
1085 3053 1156 3097 6666
1207 3036 1257 3091 661
1275 3026 1404 3108 (Ioann.
1429 3033 1475 3106 15,
1498 3033 1523 3092 1.
1545 3034 1591 3104 5):
1616 3052 1681 3095 666
1702 3032 1812 3095 611666
1830 3053 1870 3096 61
1893 3052 1950 3095 616
1961 3031 2085 3106 Christi
2107 3056 2181 3118 pro·

176 3137 309 3193 661616,
332 3136 416 3199 quae
437 3127 566 3180 tantum
590 3114 763 3180 aChristo
790 3117 825 3179 in
851 3138 938 3181 6616
960 3124 1155 3183 testamento
1207 3111 1282 3190 diit,
1314 3133 1411 3196 quam
1444 3112 1506 3179 hoo
1539 3113 1579 3179 de
1605 3137 1669 3198 quo
1701 3124 1769 3180 tam
1798 3117 1942 3201 praeoise
1970 3117 2180 3186 6661661661

176 3212 229 3268 est
250 3202 413 3279 ordinata,
434 3224 494 3269 neo
516 3201 593 3267 alibi
608 3211 745 3266 exstare
760 3200 903 3266 similem
914 3202 1068 3285 loquendi
1084 3225 1155 3268 mo-
1207 3197 1295 3279 Quid
1318 3199 1347 3264 si
1374 3199 1473 3265 etiam
1499 3198 1582 3266 illud
1602 3200 1738 3267 Ioannis
1764 3211 1879 3268 666116
1905 3209 2057 3287 urgeam:
2089 3205 2180 3271 Non·

176 3288 274 3353 dum:
307 3288 420 3366 Edite,
451 3288 512 3355 hoo
541 3299 592 3353 est
618 3307 736 3369 eorpus
763 3307 882 3352 meum.
935 3286 1039 3368 Quasi
1067 3310 1154 3368 vero,
1206 3283 1286 3351 dum
1307 3294 1379 3350 erat
1395 3285 1529 3368 spiritus
1551 3296 1693 3364 6666166,
1717 3287 1792 3370 6616
1813 3287 1958 3354 6661616
1980 3289 2181 3373 glorificatus

175 3375 234 3440 ubi
263 3374 390 3440 Paulus
417 3395 485 3450 666
513 3374 669 3452 similem,
699 3371 757 3440 sed
784 3372 924 3439 eundem
950 3373 1154 3458 spiritualem
1206 3383 1278 3436 erat
1308 3375 1480 3451 [666136]
1513 3370 1665 3438 Christus
1700 3372 1827 3449 (Ioann.
1848 3378 1877 3451 7,
1897 3373 1974 3451 3911
2032 3375 2180 3441 Verbum

176 3462 286 3527 oibum
307 3460 458 3543 patribus
478 3460 592 3526 datum
609 3459 709 3527 luisse
731 3459 898 3541 praefatus
919 3481 998 3524 mox
1014 3461 1153 3540 subiieit,
1207 3455 1449 3523 substantivum
1468 3456 1535 3522 illie
1551 3458 1695 3540 ponitur,
1718 3457 1804 3541 quod
1816 3458 2010 3524 tantundem
2031 3460 2180 3545 negando

176 3558 307 3629 6611661
328 3548 428 3613 fuisse
450 3545 634 3624 Christum,
662 3567 730 3610 non
752 3544 851 3628 probe
874 3546 1050 3612 conveniat
1072 3545 1153 3612 haee
1206 3554 1303 3625 atque
1322 3540 1518 3607 affirmando
1540 3541 1651 3608 valere
1674 3542 1778 3610 debet.
1811 3547 1867 3611 An
1885 3545 2180 3633 ergoprimaorigo

176 3633 332 3715 loquutio.
383 3632 496 3714 Quum
517 3631 596 3698 alibi
618 3631 704 3716 apud
727 3630 869 3697 Paulum
890 3631 1073 3714 baptismus
1094 3653 1152 3698 1ο-
1205 3629 1366 3694 essentiae
1383 3627 1520 3710 spiritus
1537 3629 1643 3697 saneti
1659 3631 1694 3694 16
1712 3632 1948 3702 resurreetione
1960 3632 2084 3698 Christi
2095 3633 2191 3698 111111.

178 3734 272 3783 661111
293 3719 462 3785 161661661
490 3722 568 3799 [pag.
591 3724 663 3797 111]
693 3718 971 3801 regenerationis,
995 3740 1038 3783 66
1059 3718 1153 3784 66116
1205 3715 1257 3780 De
1279 3714 1542 3780 manifestatione
1563 3715 1701 3800 spiritus
1722 3715 1831 3782 116661
1850 3715 1950 3783 verbs
1971 3710 2059 3782 fieri:
2093 3718 2179 3785 desi-

176 3807 283 3870 66116
307 3805 415 3870 161116
436 3803 636 3870 similitudo?
687 3802 785 3884 Quod
813 3805 842 3871 si
863 3825 924 3869 nos
945 3803 1050 3871 abluit
1074 3805 1152 3888 bap·
1205 3811 1287 3866 6661
1317 3821 1395 3884 ergo
1424 3801 1559 3866 verbum
1585 3799 1824 3866 substantivum
1858 3801 1923 3868 alio
1956 3802 2050 3868 nobis
2079 3802 2179 3871 sens'u

176 3892 303 3968 1166166,
347 3889 487 3955 uomodo
509 3889 599 3956 solus
608 3888 735 3954 Christi
755 3891 889 3973 sanguis
915 3889 992 3955 alibi
1015 3901 1153 3957 1666161
1204 3885 1395 3965 obtrudere,
1424 3886 1518 3968 quasi
1544 3886 1669 3952 nullam
1692 3888 1996 3970 interpretationem
2018 3887 2177 3956 admittat.

173 3984 291 4042 nostra
312 3912 457 4041 ablutio?
502 3975 612 4041 81166
655 3972 786 4053 616661,
809 3976 1008 4059 baptismum
1029 3977 1151 4041 instru·
1203 3972 1331 4038 Dicunt
1352 3971 1535 4049 Christum,
1559 3973 1615 4055 qui
1636 3969 1738 4053 Λόγος
1759 3974 1915 4039 eratDei
1936 3987 2098 4054 66161666,
2121 3997 2179 4060 66-

177 4061 365 4127 mentaliter
385 4082 529 4145 purgare
551 3995 664 4127 sordds
686 4071 831 4125 nostras:
855 4082 916 4145 ego
934 4061 1080 4127 vioissim
1099 4084 1150 4127 16-
1204 4059 1306 4124 161666
1327 4057 1423 4123 aliter
1444 4057 1473 4122 si
1494 4056 1595 4123 vellet
1615 4057 1717 4142 loqui:
1740 4057 1813 4124 Hoo
1824 4060 1954 4143 figurat,
1977 4059 2178 4144 symbolisat,

234 4147 330 4226 6166,
352 4169 471 4232 666616
492 4145 773 4225 saoramentoliter
794 4167 866 4211 esse
877 4145 1002 4211 Christi
1022 4165 1149 4231 eorpus.
1203 4142 1363 4209 umbrisst
1384 4164 1501 4226 eorpus
1519 4164 1640 4208 meum.
1674 4142 1778 4224 Quasi
1789 4145 1973 4210 scurriliter
1989 4145 2178 4230 1666116616

209 4235 399 4300 6661661116
421 4242 644 4311 66666666661,
666 4253 734 4296 666
756 4241 866 4297 166166
889 4230 983 4297 nobis
1010 4233 1151 4316 eripient
1202 4231 1348 4296 favorem
1370 4236 1500 4312 6661616
1528 4228 1684 4308 suffioiat,
1713 4231 1901 4314 excogitant
1927 4243 2076 4297 monstra
2104 4253 2178 4298 ver-

172 4339 259 4401 quae
281 4320 375 4386 nobis
396 4342 489 4386 61166
510 4319 646 4403 66111166
667 4316 733 4383 Dei
755 4317 952 4403 suppeditat
1202 4316 1334 4381 borum:
1357 4313 1399 4380 ad
1419 4335 1480 4380 nos
1491 4315 1675 4398 gravandos
1693 4314 1814 4399 absque
1819 4316 1949 4466 pudore
1971 4315 2177 4407 profundunt

260 4403 390 4471 061616
410 4407 494 4471 ratio
507 4417 566 4482 661,
588 4412 703 4470 eontra
722 4425 819 4469 usum
829 4403 986 4486 loquendi
1002 4404 1150 4470 omnium
1203 4401 1291 4484 quod
1311 4400 1467 4485 ingenuis
1489 4407 1523 4464 et
1543 4398 1684 4465 cordatis
1705 4400 1818 4467 leotori
1841 4400 2059 4485 6666161616
2082 4403 2176 4468 inou·

162 4486 361 4576 linguarum
383 4512 456 4558 esse
484 4502 521 4557 ut
542 4511 721 4574 pronomen
743 4489 1036 4555 demonstrativum
1059 4488 1150 4555 aliud
1202 4488 1271 4553 1161
1317 4484 1409 4569 Quin
1439 4484 1580 4551 voluerit
1604 4484 1759 4553 Christus
1785 4487 1966 4554 olarissimo
1992 4487 2080 4570 loqui
2108 4508 2176 4553 non

162 4573 235 4643 1166
256 4576 327 4643 looo
348 4576 563 4655 demonstret,
591 4596 691 4660 66616
713 4575 799 4660 6661
821 4575 1008 4660 porrigitur.
1053 4575 1148 4640 Nun·
1200 4573 1334 4639 infitior.
1376 4570 1627 4639 Crassissimum
1648 4593 1832 4662 sermonem
1853 4576 1912 4640 our
1933 4575 1963 4639 61
1974 4571 2175 4656 Magdebur-

159 4683 270 4745 quam
292 4672 460 4747 putassem
482 4673 576 4728 extra
597 4661 832 4729 monaohorum
854 4660 998 4728 elaustro
1019 4669 1149 4726 1661616
1200 4681 1318 4810 penses
1335 4663 1552 4741 extorqueant
1573 4679 1640 4723 non
1661 4657 1766 4738 video,
1788 4659 1853 4725 6161
1874 4666 1913 4724 61
1933 4658 1994 4724 sub
2016 4657 2078 4724 hae
2100 4678 2174 4723 um·

158 4769 244 4815 esse
274 4748 438 4815 audatiae.
489 4748 558 4815 Cur
586 4749 684 4828 enim,
712 4749 859 4826 obseoro,
887 4747 960 4831 aliis
981 4746 1092 4831 potius
1113 4747 1148 4812 in
1222 4740 1932 4827 161616616666111116161666661[616.131]
1956 4742 2175 4809 6616161611·

158 4829 251 4902 loeis
285 4834 588 4901 demonstrativum
617 4855 800 4918 pronomen
840 4855 935 4900 soous
974 4853 1147 4917 exponere,
1200 4831 1296 4896 rium.
1340 4831 1413 4896 Iam
1434 4836 1473 4894 ut
1494 4848 1530 4892 66
1551 4827 1705 4896 Christus
1734 4831 1777 4896 ad
1805 4837 1936 4915 6661661
1961 4835 2110 4895 66611616
2136 4827 2174 4894 16

158 4941 272 5004 quam
300 4920 356 4986 hio
381 4919 513 4988 lioebitl
563 4921 674 5003 Atque
702 4930 738 4986 ut
766 4920 829 4986 hoo
855 4918 1040 4998 obtineant,
1068 4940 1148 5002 quo-
1200 4917 1253 4982 his
1275 4917 1383 4982 verbis
1405 4923 1613 4999 attemperet:
1642 4937 1726 5001 nego
1752 4925 1862 4981 166166
1889 4915 1924 4980 16
1946 4913 2175 4980 sacramentali

157 5006 529 5073 1661616611161166661
556 5005 742 5089 probabunt
768 5028 809 5072 ex
831 5006 999 5072 oommuni
1018 5004 1148 5088 lingua·
1198 5000 1354 5085 loquendi
1380 4999 1477 5067 modo
1504 5010 1634 5066 1661661
1666 5023 1737 5068 esse
1768 4998 1913 5086 perieuli.
1970 4997 2174 5079 Queruntm,

160 5110 243 5158 1661
266 5093 417 5158 66161616
438 5092 521 5158 6661
556 5091 715 5159 Gentium
737 5092 885 5164 omnium
906 5090 1036 5176 vulgari
1053 5091 1146 5155 trito-
1198 5088 1260 5154 sibi
1282 5087 1464 5171 pornioiose
1485 5083 1557 5152 dari
1578 5086 1709 5153 errandi
1730 5107 1875 5164 oausam,
1896 5083 1962 5151 nisi
1983 5083 2039 5151 det
2056 5084 2174 5151 Chris-

165 5200 234 5263 que
252 5199 404 5246 sermone
421 5186 590 5263 reoeptum
607 5185 666 5258 est,
685 5179 877 5263 pronomine
887 5176 1146 5244 demonstrativo
1197 5181 1252 5240 tus
1273 5195 1371 5240 suum
1382 5193 1508 5259 eorpus.
1542 5172 1755 5258 Respondeo:
1778 5170 1939 5255 Quamvis
1949 5170 2007 5237 det
2017 5168 2175 5240 Christus
