4776 5844
194 276 250 340 113
880 306 883 311 1
979 272 1042 338 AD
1063 270 1409 340 wassPHALUM,
2132 279 2193 341 174

193 463 282 542 simo,
297 462 324 548 ¹)
356 461 477 528 diserte
510 462 674 545 exprimat
705 461 903 527 invisibilem
936 460 1164 543 praesentiam.
1216 458 1294 527 tullt
1314 461 1414 527 verba
1437 461 1490 527 Au
1538 463 1631 527 stini:
1652 461 1840 530 Seeuudum
1866 484 2000 529 earnem
2022 485 2120 548 quam
2142 484 2195 531 as·

192 549 352 615 Caruisse
374 568 416 614 an
438 548 625 632 potentiae?
678 549 764 613 Nam
787 547 815 613 si
835 546 876 612 de
897 566 996 612 99999
1017 545 1083 610 9919
1105 544 1165 610 911-
1217 548 1369 631 sumpsit-
1386 546 1473 612 filins
1529 550 1574 624 ei,
1603 549 1797 624 seeundum,
1825 549 1858 614 id
1888 548 1971 633 qued
2001 551 2043 616 de
2063 551 2195 636 virgins

192 635 266 719 quid
288 636 484 718 preferatur,
507 653 583 698 mox
607 635 714 700 919999
731 634 854 700 sedam.
893 631 989 713 Quod
1010 631 1037 696 si
1060 632 1165 699 uomi-
1217 640 1406 709 natusest,
1437 633 1620 699 seeundum.
1646 633 1678 712 id
1712 634 1798 718 qnod
1829 657 1848 701 a
1875 634 2008 702 Iudaeis
2046 657 2195 720 eompre-

192 721 293 786 natim
322 741 398 786 earo
437 741 457 786 a
489 720 598 805 gratia
631 721 817 802 virtuteque
846 716 1061 796 discernitur,
1087 715 1166 800 qnid
1215 715 1338 783 heusns
1370 727 1434 796 est,
1462 739 1529 783 non
1562 728 1613 785 est
1646 721 1786 804 amplius
1819 727 1895 802 [pag.
1925 726 1979 800 99]
2011 721 2193 801 9919199999,

191 806 385 890 Westphalo
406 806 630 889 impudentius
645 805 727 890 fingi
748 812 866 888 potest,
888 805 946 887 qui
967 801 1165 869 invisibilem
1217 802 1280 868 sibi
1301 803 1504 887 triumphum
1527 825 1658 870 oanere:
1681 808 1773 888 quasi
1796 807 1873 873 hine
1894 807 2063 890 probasset
2078 808 2195 873 Chris·

190 893 282 957 illum
314 893 517 975 praesentias
548 891 682 957 modum
714 891 805 956 oarni
837 891 967 974 proprie
994 887 1164 972 assignat?
1218 900 1289 954 tum
1317 889 1404 973 apud
1432 910 1492 956 nes
1516 912 1649 956 manere
1677 893 1883 958 invisibilem.
1938 894 2043 978 Atqui
2074 894 2195 960 elamat

190 977 285 1044 Adde
305 977 392 1061 quod
413 998 480 1043 nen
502 979 613 1043 minus
640 978 674 1043 iu
704 978 798 1061 siguo
825 977 932 1045 erneis
959 985 1165 1059 praesentem
1218 977 1434 1059 Augustinus,
1458 975 1629 1043 Christum
1659 977 1838 1044 seeundum
1868 999 1998 1045 earnem
2023 999 2121 1062 quam
2142 1000 2194 1045 se·

191 1064 360 1132 Christum
373 1064 717 1147 statuit'Augustinus,
736 1084 834 1146 quam
846 1064 1012 1130 iueoenas
1024 1061 1163 1126 99919999
1216 1061 1282 1125 mel
1304 1061 1412 1126 induit
1433 1084 1453 1127 a
1474 1063 1567 1129 nobis
1592 1063 1715 1129 abesse.
1766 1063 1803 1130 si
1832 1065 1940 1131 9911991
1959 1065 2016 1130 1119
2033 1066 2194 1149 prinoipio

188 1147 329 1233 quodsi
357 1149 399 1214 ad
423 1151 533 1215 earnis
558 1150 735 1215 essentum
763 1148 894 1214 trahere
916 1148 1037 1230 919999,
1067 1146 1165 1212 simul
1216 1167 1251 1211 se
1272 1148 1418 1225 19991999,
1441 1148 1613 1214 Christum
1636 1150 1734 1215 deum
1756 1159 1791 1216 99
1810 1149 1980 1216 hominem
2002 1150 2123 1235 ubique
2142 1161 2193 1217 te·

187 1257 225 1302 99
246 1246 474 1302 transversum
492 1236 632 1320 digitum
651 1235 725 1319 quis
736 1236 884 1311 moverit,
906 1235 1084 1299 formatum
1102 1233 1166 1297 9919
1216 1239 1288 1297 tum
1309 1253 1390 1310 esse,
1413 1233 1529 1299 saltem
1540 1237 1729 1320 Augustino
1750 1237 1873 1302 reetius
1894 1237 2049 1302 sentienti
2070 1245 2193 1320 pumat

186 1321 313 1387 Christi
335 1342 461 1404 eorpus.
511 1322 622 1388 Loous
649 1342 691 1387 ex
719 1340 869 1387 sermone
892 1320 987 1387 CXL
1019 1317 1060 1383 de
1080 1328 1164 1383 tem-
1215 1318 1291 1384 Non
1312 1321 1451 1403 patitur:
1474 1320 1530 1386 ssd
1548 1321 1635 1387 olare
1657 1320 1745 1387 idem
1762 1321 1892 1387 tradere
1914 1324 2019 1389 199999
2064 1321 2193 1404 Quibus

184 1429 280 1490 9999,
309 1406 446 1472 sibime
474 1417 602 1473 taeeute
629 1407 812 1490 respondet
862 1406 976 1472 Noluit
997 1403 1164 1469 Dominus
1216 1405 1347 1471 verbis?
1383 1427 1501 1488 nempe
1521 1405 1608 1490 qnod
1629 1407 1717 1472 idem
1739 1408 1895 1474 Christus
1917 1409 2095 1474 seeundum
2117 1410 2193 1474 uui·

186 1494 320 1593 agnosei
341 1493 404 1558 nisi
423 1494 457 1558 in
480 1494 638 1558 haedoue
661 1493 765 1577 panis,
788 1503 999 1575 propternes
1020 1491 1163 1574 quinon
1216 1501 1318 1556 tatem
1345 1512 1502 1572 personae
1529 1493 1564 1557 in
1596 1493 1685 1559 ooelo
1713 1503 1798 1572 9999,
1828 1492 1957 1577 quaudo
1980 1495 2013 1560 iu
2036 1504 2126 1559 terra
2145 1494 2194 1560 lo-

67 1650 72 1655 ,
180 1581 291 1644 999991
314 1599 390 1644 eum
411 1599 543 1645 eramus
562 1580 727 1658 1999999,
750 1587 911 1643 ettamen
932 1575 1165 1642 mandueaturi
1215 1575 1387 1658 quebatur:
1417 1578 1464 1643 sio
1490 1578 1578 1644 filius
1605 1578 1749 1645 hominis
1771 1588 1843 1646 erat
1869 1581 1906 1645 in
1928 1581 2016 1646 ooelo
2037 1580 2194 1663 quemad·

181 1666 257 1730 eius
278 1684 428 1731 earnem:
450 1685 528 1729 nam
551 1664 634 1730 ratio
654 1664 885 1741 manducandi,
905 1663 1039 1747 qualem
1061 1662 1162 1744 serip-
1215 1661 1350 1727 modum
1372 1664 1553 1730 eratfilius
1575 1664 1640 1730 Dei
1661 1666 1696 1729 in
1718 1673 1822 1743 99999,
1851 1666 1887 1731 19
1914 1675 2065 1750 99999999
2094 1686 2194 1732 99999

180 1764 238 1814 tor
259 1751 331 1834 ipse
352 1749 430 1815 alibi
453 1749 577 1828 definit,
600 1750 655 1816 ubi
677 1751 876 1828 notufuerit,
899 1769 1029 1815 omnem
1048 1768 1164 1830 quaes·
1216 1748 1302 1814 filius
1323 1748 1479 1825 hominis,
1507 1749 1544 1815 iu
1572 1750 1660 1816 oeele
1686 1752 1722 1816 in
1751 1752 1879 1817 unitate
1907 1773 2073 1835 personae.
2116 1752 2193 1819 Uti·

177 1837 307 1901 tionem
331 1834 443 1901 solvet
488 1835 615 1901 Verum
634 1835 688 1903 hio
709 1836 876 1902 liberalius
898 1836 968 1920 agit
984 1834 1163 1915 Westpha·
1216 1854 1293 1899 nam
1317 1856 1381 1900 uon
1403 1842 1471 1900 tam
1494 1836 1656 1919 pendulae
1677 1844 1787 1904 essent
1808 1859 1905 1904 aures
1926 1838 2132 1921 Westphalo,
2155 1846 2194 1902 nt

164 1919 243 2000 lus,
265 1920 345 1987 dnm
366 1923 461 1988 uobis
488 1923 619 2008 elypees
653 1921 883 2006 suppeditans,
912 1940 988 1987 suos
1010 1924 1084 1999 [pag.
1108 1924 1164 1999 96]
1215 1942 1251 1986 99
1273 1920 1380 2004 ipsum
1410 1922 1601 1988 reoitantem
1624 1922 1763 1989 audiret
1812 1917 1956 1989 Tantum
1984 1925 2070 1988 enim
2100 1922 2193 1990 abest

30 2042 41 2054 ·
161 2008 252 2091 ipse
281 2009 423 2093 impetus
455 2007 586 2092 frangit
613 2049 614 2053 =
643 2010 750 2074 Doeet
782 2009 868 2073 enim
902 2029 943 2072 ex
978 2006 1164 2091 Augustino
1215 2009 1295 2089 quin
1317 2007 1404 2073 dieat
1425 2009 1633 2092 Augustinus
1655 2010 1764 2074 Deum
1785 2016 1819 2074 et
1839 2009 2006 2074 homiuem
2028 2017 2135 2075 totum
2155 2010 2192 2073 in

162 2093 345 2177 (quomodo
377 2093 544 2159 absentem
574 2102 745 2159 teneamus
769 2093 956 2160 Christum:
986 2092 1065 2175 quia
1088 2093 1163 2157 soi·
1215 2093 1304 2158 99919
1333 2093 1435 2159 191999
1462 2115 1526 2177 quo
1553 2102 1699 2177 tempore
1720 2095 1755 2159 in
1778 2102 1866 2160 99999
1888 2103 2039 2161 versatus
2061 2103 2125 2174 est,
2154 2103 2194 2159 ut

166 2177 265 2256 lieet
273 2200 392 2263 eorpus
403 2201 499 2247 suum
521 2180 634 2244 intulit
655 2180 753 2257 aeolo,
776 2180 981 2245 maiestatem
1002 2199 1069 2243 non
1088 2178 1163 2243 abs·
1215 2177 1367 2245 distinete
1398 2180 1557 2258 affirmet,
1590 2202 1655 2246 non
1683 2180 1761 2246 alibi
1794 2181 1902 2247 earnis
1930 2187 2080 2264 respeotu
2113 2189 2192 2247 tuno

159 2266 261 2332 sulit
296 2265 428 2331 mundo.
489 2265 575 2330 Item
602 2264 688 2349 quod
721 2264 762 2330 ds
800 2265 988 2350 praesentia
1020 2263 1163 2346 eorporis
1214 2264 1328 2341 fuisse,
1355 2284 1455 2348 quam
1482 2267 1517 2329 in
1545 2275 1648 2331 terra:
1682 2275 1816 2351 propter
1843 2267 2003 2331 unitatem
2030 2286 2192 2350 personae

162 2354 231 2418 sui
250 2352 386 2418 dixerit:
409 2351 461 2415 Me
478 2351 858 2436 9999999999199199191919
875 2349 1161 2434 (Mauh.ao,11):
1214 2371 1285 2416 esse
1303 2349 1435 2429 dietum,
1458 2350 1546 2416 lilius
1564 2352 1707 2417 hominis
1724 2353 1780 2435 qui
1797 2352 1833 2417 iu
1850 2352 2016 2419 99919999
2048 2356 2123 2431 [pag.
2136 2357 2192 2432 99]

163 2437 366 2505 seeundum
389 2438 603 2517 maiestatem,
631 2436 813 2504 seeundum
834 2434 1086 2520 providentiam,
1110 2455 1162 2500 se·
1213 2434 1312 2501 Unde
1339 2435 1438 2501 etiam
1465 2436 1648 2521 colligimus
1697 2440 1803 2503 uoties
1830 2447 2035 2521 praesentem
2062 2439 2193 2504 991999

163 2524 329 2591 eundum
351 2521 552 2589 ineffabilem
580 2531 614 2589 st
641 2523 839 2589 invisibilem
862 2523 1003 2608 gretiam
1025 2520 1161 2587 dixerit:
1213 2522 1368 2598 testatur,
1396 2523 1566 2607 proprium
1589 2543 1659 2589 esse
1676 2461 1811 2590 deitatis
1832 2523 1985 2609 elogium.
2031 2522 2192 2605 Quamvis

157 2608 254 2696 Jsgo
277 2608 448 2675 vobisenm
470 2630 544 2674 sum
563 2630 666 2692 nsque
688 2608 729 2674 ad
752 2609 1069 2677 consummationem
1092 2627 1163 2672 sae-
1214 2609 1302 2672 enim
1324 2609 1450 2690 eorpori
1473 2628 1532 2674 suo
1555 2609 1734 2675 adhaereat
1753 2608 1922 2688 mediator,
1951 2609 2121 2677 vineulum
2143 2618 2193 2674 ta·

163 2697 246 2763 muli
269 2694 565 2780 (1199992920).
598 2694 759 2761 Videmus
775 2702 815 2759 ut
832 2694 872 2759 de
890 2692 1046 2760 invisibili
1067 2713 1162 2776 prae-
1213 2714 1290 2759 men
1318 2714 1429 2759 saurae
1457 2695 1695 2760 eoniunetionis
1723 2705 1774 2762 999
1800 2696 1949 2779 99191999,
1983 2697 2039 2780 qni
2064 2697 2193 2763 animas

163 2783 290 2848 9999919
318 2781 455 2864 loquens
481 2782 691 2864 Augustinus
723 2801 843 2864 999999
870 2800 1000 2863 semper
1027 2778 1161 2856 eximat,
1213 2788 1485 2844 nostrassursum
1508 2780 1573 2846 fide
1594 2780 1746 2848 attollens
1767 2782 1869 2848 vitam
1892 2803 1912 2846 a
1933 2782 2064 2848 eoelesti
2088 2782 2193 2865 eapite

159 2889 290 2952 meque
319 2868 471 2951 ambigna
500 2866 703 2933 demonstret
729 2867 881 2932 nonnisi
910 2867 945 2930 in
967 2865 1058 2933 eosle
1079 2862 1163 2930 illud
1213 2864 1308 2931 nobis
1329 2866 1479 2949 inspirat
1523 2867 1698 2934 Caeterum
1727 2867 1785 2934 ubi
1806 2869 1879 2952 quis
1901 2875 2007 2932 tetum
2032 2871 2087 2934 Au
2133 2865 2193 2933 sti·

161 2952 408 3038 quaerendum
432 2973 512 3018 esse.
546 2952 659 3037 Neque
682 2952 770 3018 aliud
793 2961 887 3017 99999
908 2952 999 3017 loeus
1019 2950 1161 3016 exPsal.
1213 2972 1294 3015 num
1339 2951 1529 3029 erourrerit,
1557 2952 1641 3019 nihil
1669 2951 1759 3021 aliud
1787 2955 1929 3037 reperiet
1955 2975 2053 3037 quam
2092 2954 2193 3020 919919·

156 3035 322 3107 XLVII
350 3039 465 3104 sentiri
492 3036 893 3123 praesentemChrist-um
919 3058 979 3121 per
1000 3036 1163 3106 eeeultam
1214 3044 1294 3115 tum,
1317 2973 1395 3103 11999
1416 3046 1551 3123 propter
1572 3060 1731 3122 personae
1753 3039 1914 3104 unitatem
1937 3039 2079 3104 9999919
2101 3039 2191 3105 eoelo

156 3124 450 3192 miserioordiam.
500 3123 543 3189 In
564 3124 682 3206 quihus
709 3124 819 3190 9991919
847 3123 876 3188 91
897 3122 975 3207 quid
997 3130 1084 3189 esset
1105 3122 1162 3188 eb·
1214 3122 1302 3188 lilius
1324 3123 1476 3203 hominis,
1498 3145 1598 3208 quum
1616 3126 1685 3208 ipse
1696 3124 1783 3191 idem
1795 3125 1884 3190 filius
1896 3125 1959 3189 Dei
1971 3123 2191 3191 habitabatin

158 3213 285 3291 saun,
323 3210 415 3278 loeus
451 3231 494 3275 ex
528 3209 630 3276 XCII
673 3212 709 3274 in
744 3210 903 3275 Ioannem
943 3208 1018 3292 plus
1054 3207 1162 3274 adhue
1213 3217 1312 3285 terra,
1335 3211 1442 3276 earnis
1464 3218 1575 3276 tamen
1594 3219 1745 3295 99999999
1762 3232 1830 3276 999
1847 3211 1912 3277 9191
1929 3211 1964 3275 19
1984 3218 2072 3275 terra
2082 3211 2191 3277 191999

156 3296 263 3366 19919
286 3294 392 3362 addit:
416 3294 502 3380 quod
519 3296 690 3380 reliquerit
699 3294 853 3362 Christus
874 3294 1048 3377 diseipulos
1065 3315 1161 3378 prae-
1300 3293 1388 3376 Quia
1418 3317 1497 3360 vero
1530 3296 1566 3362 in
1600 3294 1815 3361 similitudine
1853 3297 1940 3362 inter
1972 3303 2119 3360 nostram
2159 3305 2193 3361 99

160 3384 292 3451 nenda
313 3382 482 3466 eerperali,
505 3383 638 3447 iuturus
660 3383 703 3448 sit
725 3402 855 3465 semper
876 3400 952 3446 eum
974 3381 1044 3445 suis
1066 3400 1161 3463 prae-
1213 3381 1340 3446 Christi
1353 3401 1484 3446 earnem
1503 3381 1652 3447 refellere
1663 3380 1806 3447 solemus
1816 3380 2009 3465 ubiquitatis
2026 3401 2191 3453 tommen-

157 3469 292 3538 usntia
313 3468 497 3552 spirituali:
513 3469 578 3535 uisi
596 3469 681 3533 forte
701 3467 881 3550 epithetum
904 3465 1064 3548 eerperali
1086 3472 1161 3530 tan·
1212 3474 1293 3544 tum,
1306 3465 1421 3532 multis
1431 3475 1466 3530 99
1477 3467 1640 3532 atroeibns
1651 3467 1761 3533 verbis
1773 3475 2004 3552 argumentum
2028 3467 2089 3531 hoe
2112 3464 2196 3532 exa?

153 3554 319 3622 tundam
343 3554 433 3619 valet
454 3575 492 3620 ao
514 3553 661 3620 risibilis.
696 3553 771 3619 Hoo
790 3551 922 3636 quidem
934 3559 1069 3635 superet
1087 3558 1160 3631 [pag.
1213 3552 1296 3637 gitat
1327 3551 1553 3635 Westphalus.
1608 3553 1723 3618 Primo
1762 3553 1925 3619 exolamat
1964 3551 2190 3618 detestabilem

157 3646 234 3722 97]
257 3639 493 3723 Westphalus:
524 3638 582 3706 sed
609 3638 694 3706 nihil
723 3639 844 3705 elarius
862 3647 912 3704 est
930 3657 1029 3722 quam
1053 3638 1161 3703 earnis
1213 3659 1284 3704 esse
1306 3637 1563 3722 blasphemiam,
1592 3638 1721 3705 Christi
1742 3659 1875 3704 earnem
1896 3645 2027 3704 nostras
2049 3637 2191 3703 similem

151 3726 360 3794 essentiam
392 3725 494 3791 (119919
542 3726 549 3740 ’
579 3747 599 3791 9
627 3726 764 3809 99191999
791 3727 923 3792 9199999.
972 3724 1019 3789 Et
1049 3731 1160 3789 tamen
1211 3745 1346 3807 prorsus
1356 3724 1473 3790 faeere.
1506 3724 1619 3789 Faeile
1637 3724 1900 3791 essethominsm
1918 3724 2048 3807 9199999
2065 3725 2191 3802 9199919

151 3814 277 3898 quasi
305 3811 449 3895 palmam
475 3832 496 3876 9
518 3819 613 3894 aptus
642 3812 777 3876 elamat:
810 3810 934 3895 opponi
955 3810 1161 3898 spiritualem
1212 3809 1478 3876 exeaudeseerst:
1497 3832 1585 3877 9999
1597 3831 1674 3876 vero
1686 3831 1786 3894 quum
1797 3811 1891 3875 flutas
1901 3808 2016 3875 turbas
2034 3810 2075 3874 de
2086 3809 2191 3875 nihilo

143 3897 404 3984 praesentiam
421 3895 551 3963 visibili.
600 3894 643 3962 Iu
669 3918 734 3980 quo
759 3918 825 3963 uon
852 3897 964 3962 minus
986 3895 1160 3961 stultitiam
1211 3896 1373 3961 malitiose
1390 3896 1519 3972 exeitet,
1542 3900 1616 3976 [pag.
1634 3900 1706 3974 100]
1724 3894 1885 3979 quomodo
1903 3895 2008 3978 exoipi
2019 3894 2189 3962 meretur?

151 4006 276 4052 suam
297 4004 394 4067 quam
416 3982 655 4066 impudentiam
674 3982 798 4067 prodit,
825 4004 925 4067 quum
947 3981 1068 4064 ubique
1091 3983 1160 4046 Au·
1211 3982 1303 4047 Dioit
1325 3981 1432 4065 exeipi
1453 3982 1576 4066 peooati
1594 3982 1834 4066 oontagiouem:
1857 3981 1929 4064 quis
1950 3989 2101 4047 nostrum
2122 4003 2190 4047 uon

150 4071 337 4221 ww
370 4068 540 4136 Christum
575 4089 675 4135 earne
718 4068 885 4134 absentem
926 4076 1060 4134 asserat.
1122 4064 1168 4132 si>
1211 4065 1299 4133 idem
1321 4068 1485 4150 professus
1502 4067 1576 4133 est?
1608 4066 1701 4134 Dieit
1712 4067 1838 4133 Christi
1861 4088 1992 4135 earnem
2015 4067 2078 4134 hae
2094 4088 2190 4151 prae·

229 4154 381 4240 setphalo
408 4154 497 4222 alara
522 4164 602 4221 sunt
622 4154 738 4232 verba,
764 4153 860 4220 modo
882 4153 968 4219 adsit
987 4151 1079 4232 fides,
1102 4173 1161 4217 99-
1211 4154 1361 4238 rogativa
1382 4152 1559 4232 exeellere,
1587 4153 1671 4237 quod
1701 4152 1861 4236 templum
1883 4153 1983 4219 199919
2004 4151 2134 4220 deitatis
2156 4161 2191 4219 et

150 4242 309 4308 19199999
332 4262 403 4308 esse
445 4262 522 4307 nem
539 4262 606 4306 non
627 4239 788 4318 videmus,
811 4259 871 4305 eur
887 4239 1032 4305 tenebris
1053 4239 1159 4304 lueem
1211 4240 1346 4306 vietima
1377 4238 1550 4323 expiandis
1582 4240 1724 4322 peeeatis
1755 4238 1880 4305 mundi.
1930 4237 2020 4320 Quid
2053 4240 2115 4306 heo
2148 4237 2191 4303 ad

147 4328 253 4410 ipss
274 4262 447 4394 9199999991
499 4325 695 4409 Quanquam
722 4325 807 4391 nihil
835 4324 979 4425 profluit:
1014 4345 1050 4389 se
1072 4325 1161 4425 enim
1211 4326 1445 4425 proprietatem
1468 4325 1650 4391 esseutiae?
1684 4345 1793 4408 neque
1822 4327 1910 4391 enim
1933 4324 2011 4390 dnm
2034 4346 2054 4390 a
2075 4323 2190 4391 simili-

144 4412 321 4498 pnlohre
338 4412 482 4479 illustrat
499 4412 715 4497 Augustinus,
738 4431 858 4477 manus
878 4433 914 4476 ru
935 4409 1063 4476 eoelum
1084 4417 1161 4475 9999-
1213 4410 1327 4477 tudine
1347 4410 1533 4496 eolhgirnus
1550 4411 1682 4476 linitum
1705 4431 1777 4477 esse
1787 4409 1913 4477 Christi
1935 4432 2061 4494 eorpus,
2084 4430 2191 4493 neque

151 4499 300 4566 tendas
321 4521 394 4566 esse
415 4519 556 4583 negans,
583 4497 641 4564 sed
663 4497 771 4577 fidem,
799 4505 838 4562 ut
858 4495 1029 4562 Christum
1050 4504 1162 4562 tenea·
1213 4497 1310 4563 aliter
1347 4519 1446 4581 quam
1486 4503 1599 4563 999999
1633 4496 1701 4562 9919
1739 4495 1996 4563 dimensionibus
2030 4503 2189 4573 99991999,

149 4603 272 4651 nus:
294 4585 372 4669 quia
393 4583 473 4650 lieet
488 4605 606 4668 eorpus
617 4604 715 4650 suum
726 4584 880 4650 Christus
897 4581 1045 4647 intulerit
1062 4580 1161 4660 99919,
1213 4583 1432 4667 praestantiae
1453 4582 1554 4662 dotas,
1577 4583 1695 4665 quibus
1716 4592 1869 4649 ornatum
1891 4583 1962 4660 fuit,
1990 4583 2026 4647 in
2047 4579 2190 4646 nihilum

155 4688 248 4735 nos
277 4679 388 4737 tamen
421 4691 487 4736 nou
520 4669 678 4737 deseruit:
723 4670 800 4754 quia
837 4668 991 4734 maiestas
1024 4667 1094 4733 eius
1126 4667 1162 4732 in
1213 4669 1363 4754 redigere
1385 4668 1480 4734 uobis
1507 4669 1710 4753 propositum
1732 4680 1795 4734 est:
1830 4675 1959 4733 tantum
1988 4664 2190 4732 ostendimus

153 4757 309 4822 mundo
328 4764 450 4823 999999
470 4757 548 4822 ·Η19
566 4756 676 4822 verbis
698 4756 727 4822 si
748 4776 816 4821 non
837 4755 1039 4838 expergefiat
1048 4753 1162 4819 West·
1214 4755 1320 4821 999991
1347 4775 1439 4838 spem
1469 4754 1601 4820 futurae
1628 4755 1893 4832 99999999919919,
1920 4752 1985 4818 9191
2007 4753 2042 4817 19
2064 4749 2190 4818 Christi

160 4835 306 4917 platus
336 4842 423 4908 nihil
450 4844 588 4920 9919999,
615 4841 668 4908 991
689 4841 802 4908 991199
819 4840 926 4926 pudor
943 4846 1002 4915 999
1030 4839 1089 4904 ubi
1110 4860 1163 4904 re-
1213 4859 1312 4905 earne
1339 4838 1502 4923 refulgeat
1535 4839 1717 4923 exemplar:
1750 4840 1827 4925 quia
1854 4859 1920 4904 nou
1947 4836 2024 4904 alibi
2051 4835 2190 4902 fundata

167 5004 391 5025 *w-
1212 4934 1383 5077 thltt
1403 4925 1616 5078 11913111
1634 4926 1861 5078 irim
1887 4923 2189 5092 mutatu

185 5133 819 5273 .....
826 5132 1189 5274 9999
1382 5092 1972 5180 0002
