4724 5886
187 312 259 381 XX
765 305 1037 374 succintus
1061 303 1353 372 THEOLOGIOI
1371 301 1592 370 monas.

188 500 288 566 litatis
309 504 337 564 et
357 499 589 583 sycophantiam
610 498 832 576 mordacitatis,
855 494 1059 579 coctilibus
1079 495 1175 559 etiarn
1195 494 1234 558 ab
1254 492 1448 559 bonestorum
1469 493 1608 557 cuorum
1635 491 1772 558 oratiom
1799 491 1923 557 urbana
1944 495 2031 560 salsa
2059 500 2088 560 ct
2106 501 2176 566 acri

187 610 365 694 relepatunn.
412 611 496 693 Quid
516 611 588 676 boni
604 609 685 675 salis
705 608 815 675 babent
836 607 895 673 illa
911 607 1008 689 plena
1028 605 1157 686 superbi
1178 609 1365 683 contemptus
1386 605 1531 683 convicia,
1553 603 1634 684 qnod
1655 603 1737 670 alios
1753 622 1834 683 proc
1855 623 1888 668 se
1909 605 2054 687 despict
2080 610 2178 674 etin-

187 722 295 801 doctos,
317 723 500 801 nnmlemos
521 721 675 805 parrulos,
698 722 829 786 insanos
844 717 1042 803 proclamat?
1088 717 1190 798 Quam
1211 715 1336 781 insulsa
1356 720 1428 780 suut
1448 720 1477 780 et
1496 716 1638 796 insapida
1661 719 1836 794 scammata,
1858 736 1938 796 puae
1954 737 1992 781 ce
2011 719 2133 784 vocibus
2154 725 2182 786 et

186 832 317 916 syllabis
339 837 517 913 aucupatur
537 853 599 898 non
619 853 681 897 uno
703 831 793 898 loce?
836 830 979 897 Severior
1000 829 1126 911 qudem
1147 827 1319 910 obiurpotio
1341 827 1529 907 usurpanda
1550 831 1594 891 cet
1620 826 1655 890 in
1676 824 1817 890 laminas
1845 827 1941 893 duros
1965 832 2096 912 pravius
2121 834 2181 900 ali-

188 946 265 1026 quid
280 945 473 1026 promeritos,
495 944 643 1010 convictos
664 945 730 1008 iam
750 947 778 1006 et
793 942 998 1024 praefractos,
1019 939 1075 1004 ubi
1096 939 1209 1005 leniori
1230 939 1435 1004 admonitioni
1455 958 1517 1002 non
1538 939 1632 1003 datur
1653 937 1746 1004 neus.

346 1054 502 1136 Proposui
523 1077 561 1120 ea
582 1054 899 1120 sacramentariorum
921 1051 1012 1118 libris
1034 1051 1242 1116 diiudicanda
1263 1053 1430 1115 commenta
1452 1054 1480 1113 et
1498 1048 1621 1132 plossas
1641 1049 1722 1114 inter
1742 1070 1775 1114 sc
1790 1058 1977 1133 praeeuntes,
1998 1054 2113 1136 quibus
2132 1059 2183 1124 de.

180 1171 322 1250 pravout
343 1186 379 1231 ac
400 1165 581 1232 distrahunt
601 1164 693 1230 verba
713 1164 776 1246 tilii
797 1165 871 1244 Dei,
894 1170 997 1245 cipro
1020 1183 1090 1227 mco
1107 1162 1266 1243 parvitate
1294 1161 1419 1243 defendi
1446 1160 1620 1225 doctrinam
1646 1159 1684 1225 de
1710 1181 1804 1226 coena
1825 1161 1958 1228 Domini
1983 1164 2019 1229 in
2046 1167 2183 1235 ccelesiis

189 1276 307 1344 Obristi
328 1283 487 1343 sonantem
507 1282 535 1342 ct
550 1299 612 1360 per
627 1275 740 1342 multos
761 1296 861 1344 annos
882 1274 1049 1357 defensam.
1084 1273 1153 1339 Hoc
1170 1274 1334 1357 sipandc
1355 1272 1520 1337 scelusest
1540 1276 1568 1335 ct
1587 1277 1724 1336 meretur
1744 1272 1904 1339 duriorem
1919 1276 2183 1356 reprehensionem

181 1390 285 1455 'severi
305 1388 519 1472 obiurpatoris,
542 1388 665 1454 debebat
680 1388 776 1469 prins
797 1388 971 1453 couvintcerc
991 1390 1094 1451 tantae
1115 1384 1222 1466 culpae
1243 1404 1309 1449 csse
1329 1384 1503 1463 annuum,
1522 1388 1629 1464 postea
1647 1385 1825 1449 aduenae:
1845 1386 1875 1450 si
1892 1387 2082 1456 admmndo
2100 1392 2182 1458 nihil

182 1499 352 1583 proficemt,
374 1499 538 1583 obiurpare
559 1500 672 1565 acrius.
717 1499 763 1564 An
781 1499 919 1564 mecum
940 1518 989 1563 me
1010 1497 1137 1562 corevicit
1158 1484 1331 1574 deerrare,
1352 1515 1413 1559 non
1434 1494 1561 1573 monuit,
1587 1514 1649 1559 non
1671 1495 1825 1576 corripuit
1852 1499 1964 1578 amice,
1995 1501 2049 1565 sed
2074 1506 2181 1569 statim

181 1611 289 1693 primo
310 1612 427 1693 impetu
447 1630 480 1675 se
501 1610 646 1676 convertit
666 1611 709 1676 ad
729 1610 876 1687 mutem,
899 1610 942 1675 ad
962 1609 1053 1674 rixas
1074 1613 1102 1673 ct
1124 1608 1241 1691 turpia,
1261 1627 1359 1689 quum
1375 1607 1500 1688 quidem
1519 1612 1675 1672 exstarent
1692 1607 1810 1689 aliquot
1825 1610 1887 1674 mei
1903 1609 1999 1676 libelli
2016 1612 2051 1676 in
2067 1614 2181 1695 quibus

52 1764 55 1767 κ
187 1721 465 1804 reprehendebatur
473 1723 541 1787 iam
562 1728 632 1787 aute
654 1722 805 1787 damnata
824 1721 974 1800 bancsis,
994 1719 1171 1786 rationibus
1193 1724 1220 1783 et
1242 1720 1437 1820 arpunnentis·
1454 1718 1625 1800 desumptis
1645 1739 1683 1783 en·
1699 1739 1792 1783 sacra
1809 1722 1976 1803 scriptura,
1998 1744 2182 1806 quaequam

186 1833 308 1898 rabiosc
328 1834 449 1899 sodales
469 1836 537 1899 eius
558 1835 775 1899 allanaverint
794 1833 864 1898 suis
880 1831 1093 1913 sophismatis,
1114 1830 1239 1896 mutilis
1256 1835 1285 1894 et
1301 1829 1477 1908 calumniis,
1500 1850 1556 1894 scca
1574 1834 1708 1910 tempore
1724 1831 1861 1911 delanio
1873 1832 2047 1914 patcfocid.
2077 1836 2182 1922 Lcnpe

189 1944 275 2011 alius
295 1945 422 2026 affectus
447 1945 511 2026 fuit
541 1945 673 2028 apastoli
704 1944 800 2009 Pauli
831 1944 867 2009 in
899 1944 1073 2008 tractandis
1100 1948 1129 2007 et
1159 1942 1350 2025 corriperetis
1371 1939 1585 2022 peccatoribus
1616 1962 1711 2022 quam
1744 1943 1839 2007 istius
1870 1944 1932 2008 mei
1960 1946 2182 2027 refomnatonic.

191 2056 303 2121 Noluit
323 2057 405 2121 enim
431 2057 525 2120 etiam
552 2057 754 2122 inobedientes
781 2055 960 2120 epistimari
991 2056 1086 2137 qnasi
1118 2053 1275 2132 inimicos,
1305 2053 1360 2116 sed
1385 2057 1534 2134 tanquam
1555 2052 1673 2132 tratres
1698 2054 1814 2137 corripi
1840 2054 1942 2120 coluit.
1987 2056 2092 2123 Aliter
2111 2061 2183 2125 item

192 2167 367 2251 Grcpcrius
390 2167 603 2232 Nacauccnns
625 2173 653 2232 ct
673 2167 716 2232 D.
740 2167 927 2231 Ambrosius
946 2167 1074 2247 fuerunt
1096 2165 1204 2247 affecti.
1251 2164 1388 2245 Qunam
1410 2163 1489 2228 alter
1510 2164 1630 2243 inquit:
1654 2163 1693 2227 Si
1714 2167 1914 2249 corripendus
1935 2173 1979 2233 est
1999 2168 2106 2250 frater,
2131 2173 2184 2254 fa·

187 2279 256 2344 cias
277 2278 331 2344 boc
351 2279 483 2344 modeste
504 2284 532 2344 et
550 2277 737 2357 humaniter,
763 2283 791 2341 et
810 2297 1007 2359 nequaquam
1034 2276 1251 2355 nimiminus,
1282 2297 1335 2340 nco
1362 2281 1398 2340 ut
1422 2275 1559 2340 medians
1579 2275 1705 2341 incides.
1749 2277 1840 2341 Alter
1861 2279 1943 2343 inter
1957 2288 2125 2365 praecepta
2146 2285 2184 2350 de

188 2388 303 2471 officiis
323 2389 403 2455 banc
424 2391 519 2455 dictat
540 2389 688 2472 rapulam,
709 2409 747 2454 ne
768 2389 939 2454 admonitio
960 2389 1002 2453 sit
1024 2408 1139 2471 aspera
1160 2407 1257 2468 neque
1280 2387 1452 2470 obiuroatio
1473 2386 1700 2452 contumeliosa.
1745 2386 1796 2451 Ab
1824 2388 1882 2455 bac
1909 2392 2058 2458 modestia
2080 2399 2108 2457 et
2128 2394 2185 2460 linc·

151 2588 153 2592 Ι
187 2502 336 2566 mandate
353 2502 547 2585 praestanda
569 2521 687 2582 quoque
714 2520 791 2583 erpa
818 2504 919 2565 sontes
944 2499 1122 2582 loupissime
1151 2498 1234 2564 abest
1257 2497 1424 2577 ilduinus,
1453 2499 1528 2563 dum
1554 2498 1677 2564 necllum
1701 2519 1800 2582 penus
1820 2504 2019 2569 contumeliae
2045 2505 2184 2587 undiquc

187 2613 378 2693 conquisitae
393 2613 622 2693 praetermittit,
645 2617 673 2675 ct
694 2613 846 2676 insontem
867 2615 972 2676 ouum
993 2611 1139 2677 conviciis
1161 2615 1189 2675 et
1203 2609 1333 2691 probris
1354 2631 1433 2692 quae
1459 2630 1575 2694 maana
1602 2631 1640 2675 en
1655 2616 1748 2690 parte
1775 2612 1907 2677 auribus
1934 2619 1962 2678 et
1990 2615 2088 2681 oculis
2115 2617 2184 2683 cius

186 2723 380 2807 incesserunt
401 2723 609 2789 obtrectatores
631 2728 659 2787 et
678 2742 874 2788 susurrones.
918 2722 1074 2787 Atrociter
1095 2722 1284 2786 conviolatus
1305 2726 1358 2799 est,
1386 2722 1422 2785 in
1437 2722 1544 2803 priori
1565 2722 1781 2786 niminanria
1802 2722 1947 2805 Epistola
1968 2747 2037 2807 sua,
2060 2748 2093 2792 se
2107 2748 2185 2808 pro-

187 2834 325 2900 laturnun
343 2834 482 2917 prandia
503 2835 668 2900 dedccmas
683 2839 717 2898 at
735 2835 800 2900 ista
819 2835 940 2899 ratione
961 2854 1023 2899 non
1043 2854 1122 2911 nna,
1143 2833 1197 2899 sed
1217 2853 1278 2897 sua
1294 2832 1414 2913 probra
1429 2833 1562 2914 profert,
1592 2854 1652 2898 non
1673 2853 1722 2897 mc
1743 2835 1799 2901 sed
1820 2855 1853 2901 sc
1881 2837 1987 2916 ipsum
2014 2839 2183 2919 dedecorat,

183 2947 323 3027 prodens
344 2946 398 3010 sui
419 2945 521 3010 animi
537 2946 664 3011 morbos.

342 3056 415 3120 Non
435 3055 538 3121 dubn'to
559 3057 738 3124 sanioribus
758 3057 840 3122 inter
864 3058 1124 3122 sacramentarios
1150 3055 1336 3121 veliementer
1363 3055 1527 3138 displicere
1549 3057 1712 3137 effraentcm
1735 3056 1859 3123 Caluini
1888 3060 2185 3130 maledicentiamet

186 3167 373 3233 virulentam
394 3168 595 3246 dicacdatcm,
617 3188 654 3233 ac
673 3169 774 3234 videri
790 3169 954 3251 plerisque
976 3172 1112 3234 nontam
1123 3167 1290 3251 tbeolapum
1300 3187 1394 3249 qnam
1405 3186 1548 3234 scurram
1566 3189 1663 3252 apere.
1696 3169 1807 3234 Nullis
1818 3190 1888 3235 vero
1909 3171 1986 3237 aliis
2005 3174 2069 3239 scia
2089 3175 2184 3242 talem

180 3279 392 3361 petulantiam
406 3280 543 3361 placere,
564 3280 631 3344 nisi
652 3281 721 3345 cius
740 3286 838 3346 sectae
858 3280 1034 3344 bominibus
1054 3280 1216 3345 malevolis
1238 3280 1302 3360 qui,
1324 3284 1358 3343 ut
1379 3281 1466 3346 turdi
1481 3282 1616 3360 venenis,
1638 3281 1684 3345 ita
1700 3281 1887 3347 nnumiisct
1902 3283 2074 3349 maledictis
2088 3287 2185 3366 pasci

185 3411 219 3456 se
238 3390 428 3456 delectentur.
473 3389 547 3456 Non
567 3391 658 3457 valde
678 3412 769 3476 aepre
789 3390 868 3456 mibi
887 3392 989 3472 faciet,
1011 3391 1042 3454 si
1057 3394 1173 3474 perpat
1192 3392 1264 3456 istis
1284 3392 1355 3456 suis
1375 3391 1493 3457 delitiis
1512 3393 1638 3473 fruens,
1664 3412 1755 3473 seque
1781 3392 1854 3456 benc
1875 3396 2041 3477 sociacus,
2070 3397 2117 3463 vel
2134 3400 2184 3464 dc-

186 3503 303 3568 tcrivra
326 3503 394 3568 illis
413 3503 576 3585 effundere.
622 3504 672 3569 Ne
694 3505 879 3584 inspicerem
896 3503 1028 3584 ¹quidun
1054 3502 1180 3569 chartas
1212 3504 1339 3587 indiane
1359 3503 1549 3585 deserum
1575 3509 1604 3567 et
1630 3502 1809 3585 defoedatas
1828 3507 2046 3587 spurcissima
2066 3508 2184 3590 illuvie,

187 3614 252 3677 nisi
273 3619 446 3697 mccooeret
466 3615 563 3699 leperc
584 3615 690 3681 eadem
710 3615 769 3680 illa
789 3616 963 3695 necessitas,
985 3635 1064 3695 quae
1083 3616 1162 3695 facit
1181 3619 1216 3679 ut
1237 3615 1375 3680 alionum
1393 3614 1614 3680 bancticorum
1635 3615 1748 3696 spinas
1764 3620 1898 3696 oporteat
1918 3638 1974 3682 nos
1991 3624 2183 3687 eouneeme.

194 3719 340 3790 Ubinam
360 3726 453 3791 semel
473 3731 563 3808 amne
585 3727 697 3791 iterum
720 3746 868 3807 responso
889 3725 961 3791 dato
981 3727 1121 3808 refutata
1139 3726 1239 3807 fuerit
1259 3731 1351 3807 atque
1365 3725 1526 3808 patefacta
1546 3725 1810 3808 sycophantarum
1831 3705 2026 3810 impudentia
2046 3736 2075 3796 et
2095 3734 2183 3798 vani·

187 3839 238 3901 tas
258 3836 294 3900 in
314 3837 483 3902 mentiendo
504 3844 532 3903 et
550 3837 780 3925 calumniando,
804 3843 871 3903 tum
886 3843 996 3919 posteo
1015 3842 1166 3919 occupent,
1189 3820 1347 3904 annuant
1368 3843 1396 3902 ct
1416 3841 1561 3903 ostentent
1580 3857 1656 3912 sese,
1678 3859 1774 3919 quam
1790 3840 1856 3904 sint
1871 3840 1981 3906 diserti
1997 3846 2025 3907 ct
2039 3843 2185 3923 foecundi

185 3947 343 4026 mucidis,
367 3948 459 4027 cinis,
487 3949 660 4014 maledictis
681 3954 708 4014 et
728 3949 906 4031 calumniis,
928 3969 1023 4032 annam
1044 3951 1109 4015 sint
1130 3951 1166 4014 in
1186 3949 1237 4015 bis
1259 3949 1445 4015 vebancntes
1467 3954 1495 4013 et
1510 3948 1692 4029 praevalidi
1718 3950 1854 4017 rbetares
1884 3961 1993 4035 (neone
2014 3954 2097 4018 enim
2117 3955 2183 4020 obs·

188 4076 263 4122 cure
281 4064 411 4140 apparet
432 4079 527 4141 quam
547 4061 583 4125 in
603 4060 683 4126 banc
705 4061 828 4127 laudem
850 4061 1035 4141 inannbant,
1056 4066 1084 4125 et
1106 4081 1189 4126 unnns
1210 4081 1248 4126 cn
1268 4063 1315 4126 eis
1335 4063 1474 4127 minatus
1495 4064 1539 4124 est
1557 4061 1701 4142 futurum
1721 4067 1756 4127 ut
1780 4062 1976 4144 Wcstpbalus
1992 4066 2119 4129 sentiret
2136 4086 2185 4133 vc-

186 4168 371 4235 lncmentiam
393 4175 420 4236 ct
441 4169 561 4236 aculus
586 4170 733 4250 Calvini),
756 4174 961 4239 convicientur
979 4178 1007 4238 et
1027 4173 1222 4253 maledicant,
1249 4174 1403 4255 quamdiu
1423 4173 1500 4254 tend
1521 4171 1632 4238 libido.-
1658 4193 1720 4238 non
1741 4173 1890 4258 dipnabor
1909 4174 2002 4239 semel
2028 4176 2184 4260 atinam,

186 4280 286 4348 bonas
307 4281 402 4348 boras
423 4284 460 4348 in
480 4303 532 4348 res
554 4284 695 4350 utiliores
716 4285 927 4375 collocaturus,
951 4305 1048 4366 neque
1068 4290 1171 4349 tannen
1191 4304 1320 4350 causam
1341 4285 1446 4365 ipsam
1466 4305 1556 4368 apere
1576 4285 1731 4352 desistam.
2175 4333 2179 4343 ·
2298 4363 2301 4368 ,

344 4392 413 4458 Scio
437 4394 589 4461 Salonam
609 4416 679 4461 cum
700 4399 770 4462 suis
785 4396 945 4480 prophetis
966 4417 1027 4460 nvn
1052 4397 1169 4476 cedere,
1196 4417 1251 4461 nec
1266 4398 1339 4479 pati
1365 4395 1427 4460 sibi
1448 4397 1611 4462 silentium
1630 4397 1763 4478 imponi,
1795 4396 1861 4460 nisi
1882 4394 1972 4462 Deus
1984 4400 2105 4480 potenti
2124 4422 2186 4468 sua

187 4524 285 4570 mauu
305 4505 451 4587 refutatis
472 4508 617 4589 superbis
637 4507 802 4590 spiritibus
824 4529 881 4574 ora
902 4507 1053 4584 obstruat,
1081 4507 1162 4572 siout
1183 4507 1334 4587 Oderinto,
1356 4507 1471 4589 Arrio,
1500 4514 1528 4574 et
1555 4509 1663 4574 multis
1689 4507 1765 4573 aliis
1792 4506 1952 4573 obstnnvit.
1999 4509 2070 4577 Scio
2090 4514 2186 4579 etiam

187 4618 383 4684 adversariis
404 4618 484 4683 nibil
505 4621 627 4685 uenire
648 4620 762 4684 durius
781 4625 810 4684 et
828 4621 986 4686 molestius
1007 4638 1102 4700 auam
1123 4620 1266 4698 cunnum
1282 4639 1330 4684 mc
1344 4640 1451 4703 perere
1468 4620 1612 4686 omnibus
1628 4618 1820 4684 contumeliis
1836 4617 1986 4701 altiorem
2008 4627 2037 4687 et
2051 4623 2185 4689 latratncs

186 4728 314 4795 rabidos
341 4728 465 4810 fortitu
491 4735 686 4796 connumera.
738 4730 810 4796 Scio
830 4732 910 4812 plns
936 4753 1001 4798 csse
1031 4732 1279 4798 committendum
1312 4731 1460 4798 bouornm
1487 4733 1604 4799 indicio
1631 4750 1727 4812 quam
1759 4731 1960 4797 criminantis
1993 4733 2183 4800 insolentiae,

190 4840 263 4904 Non
285 4842 394 4925 ianne
415 4842 613 4908 inimicorum
634 4843 785 4907 astutiam
803 4845 830 4907 ct
851 4847 1082 4927 stratapemata,
1105 4844 1162 4926 oui
1181 4842 1236 4909 bac
1256 4849 1354 4928 aaunt
1374 4848 1409 4908 ut
1423 4847 1588 4925 provocmt
1608 4843 1652 4907 ad
1671 4844 1881 4922 contentiones,
1903 4848 1938 4908 ut
1954 4866 1976 4910 a
1993 4864 2090 4910 causa
2111 4845 2185 4925 ipsa

186 4952 354 5018 abducam
374 4952 560 5020 maledicum
579 4957 615 5018 ut
635 4952 865 5032 maledicam,
888 4956 1098 5022 conviciantur
1117 4959 1153 5020 ut
1173 4950 1301 5022 uocem
1320 4975 1376 5020 uas
1397 4955 1441 5021 ad
1461 4955 1707 5021 vicissitudinem
1722 4956 1928 5021 contumeliae.
1962 4954 2107 5036 Denique
2123 4976 2186 5022 nvn

187 5062 325 5145 ipnotcun
346 5069 398 5144 cst,
420 5066 532 5147 spinas
552 5071 580 5130 ct
601 5064 732 5130 tribulos
748 5065 914 5149 punaendo
934 5065 1055 5132 laedere
1073 5087 1123 5133 cos
1144 5068 1200 5150 qni
1220 5071 1414 5143 contrectant,
1435 5072 1462 5132 ct
1484 5066 1522 5131 dc
1542 5066 1647 5148 spinis
1666 5086 1720 5132 nec
1740 5087 1821 5132 uvas
1837 5088 1891 5133 nec
1907 5065 1945 5131 de
1960 5065 2085 5132 tribnclis
2104 5065 2185 5147 fimes

186 5172 291 5256 mllipn'
306 5194 407 5254 posse.
453 5174 527 5240 Non
547 5180 641 5241 sanat
660 5175 780 5242 malam
805 5177 1020 5243 connscimtiam
1035 5179 1240 5260 praeconium
1256 5178 1435 5258 iomanes,
1461 5196 1516 5243 nec
1542 5177 1655 5244 bornam
1681 5178 1827 5245 vulnerat
1853 5176 2054 5243 nnniciantis
2073 5197 2183 5260 oppro
