4748 5798
201 223 267 305 aaa
972 183 1237 303 aserenam
1259 235 1449 303 sarens
1908 185 1914 193 ’
2143 234 2206 301 aas

205 431 340 514 cunq'ne
358 430 448 496 vnit:
470 435 505 494 et
526 427 554 495 si
576 425 693 493 nolens
714 423 884 504 concessit,
908 422 1065 490 aSatana
1081 424 1181 491 fnisse
1231 423 1301 508 puli
1322 425 1372 491 sui
1395 423 1502 505 corda,
1524 432 1582 491 aut
1603 423 1736 492 tandem
1756 422 1834 491 cede
1855 423 2080 491 locumclarao
2101 431 2135 491 et
2156 426 2208 490 in·

205 517 242 580 in
264 516 445 582 certamine
471 523 664 598 superatum
692 509 793 576 dices:
827 529 867 575 ac
886 509 947 575 tibi
975 530 1049 576 cnm
1071 509 1181 576 Mani·
1233 509 1350 576 dubiae
1377 511 1526 590 veritati,
1561 510 1861 595 pseudoprophetas
1895 511 1959 576 Dei
1984 511 2209 577 instrumenta

205 600 315 667 chaeis
337 598 402 666 dno
430 609 530 666 erunt
559 595 731 684 principia.
788 595 914 662 Paulus
935 616 1063 679 quoque
1095 595 1182 662 hano
1233 617 1304 662 esse
1332 594 1374 662 ad
1409 616 1548 662 examen
1583 596 1680 676 illud,
1716 598 1809 664 cuius
1838 607 1933 662 autor
1960 595 2036 662 vult
2062 597 2206 678 agnosci.

205 705 307 770 agens
343 705 492 764 cansam,
535 704 603 750 non
643 688 767 747 temere
807 682 916 747 Deum
954 681 1055 767 figulo
1093 701 1181 747 com·
1226 679 1363 767 ,olenus
1384 702 1463 747 vero
1485 703 1545 766 per
1565 682 1787 748 Ezechielem:
1810 680 1848 748 Si
1871 682 2030 766 propheta
2051 681 2209 766 deceptus

204 778 314 855 parat,
342 773 394 838 cui
416 771 556 837 liberum
577 770 642 835 fuit
670 787 712 832 ex
736 766 848 833 eadem
871 787 981 832 massa
1002 787 1100 851 qnam
1122 787 1181 839 vo,-
1233 764 1408 851 quidquam
1430 766 1611 851 protulerit,
1633 788 1694 853 ego
1715 769 1807 834 Deus
1824 767 2015 852 prophetam
2033 768 2127 832 illum
2151 768 2208 834 de·

203 857 282 931 luit,¹
298 877 452 923 vasorum
485 852 709 923 diversitatem
742 854 876 938 fingere.
926 852 1062 919 Poterat
1094 863 1182 918 certe
1234 853 1313 937 cepi,
1335 864 1368 919 et
1389 873 1509 919 manus
1526 874 1608 930 mea¹
1621 875 1721 937 super
1741 874 1816 919 enm
1840 853 1974 938 (Erech.
1997 859 2045 931 14,
2065 856 2109 932 9).
2155 855 2207 919 Tu

205 942 393 1027 inciperes
422 949 572 1027 peccato:
601 961 669 1005 non
692 939 785 1018 lacit,
816 938 929 1004 sedin
957 938 1084 1023 opificio
1111 939 1182 1022 ipso
1233 959 1293 1005 nos
1315 939 1382 1004 solo
1403 940 1565 1023 permissu
1588 947 1756 1006 contentos
1778 960 1848 1005 esse
1869 939 1976 1005 iubes:
2003 939 2207 1005 voluntatem

204 1028 345 1094 liberum
366 1029 431 1095 Dei
459 1029 512 1092 ius
540 1033 574 1091 οι
601 1025 777 1110 imperinm
806 1022 959 1089 defendit.
1008 1023 1074 1091 Ubi
1102 1044 1181 1090 vero
1233 1046 1327 1089 suam
1348 1037 1386 1088 et
1403 1046 1538 1090 manum
1560 1023 1652 1090 Dens
1674 1026 1708 1091 in
1730 1045 1828 1091 causa
1849 1045 1919 1090 osse
1940 1025 2064 1090 asserit
2109 1025 2208 1090 Nune

203 1113 351 1193 subiicit,
387 1133 503 1179 omnes
543 1111 605 1178 snb
638 1109 902 1177 incredulitatem
942 1109 1043 1176 fuisse
1075 1108 1182 1176 inclu·
1233 1109 1308 1176 vide
1336 1117 1415 1175 nter
1445 1108 1509 1175 fide
1543 1108 1672 1212 dignior
1704 1112 1811 1191 testis,
1844 1110 1938 1176 Deus
1964 1110 2206 1195 perspiritum

202 1220 271 1278 sos,
301 1219 345 1264 sn
366 1200 440 1266 Deo
467 1199 577 1264 invito
603 1194 638 1262 id
659 1196 838 1281 contigisse
859 1194 961 1274 docet,
985 1215 1023 1261 ac
1040 1216 1105 1261 non
1124 1217 1182 1280 po·
1233 1216 1339 1274 suum,
1362 1197 1495 1261 unicum
1517 1197 1697 1281 sapientiae
1720 1198 1851 1275 fontem,
1874 1195 1914 1261 de
1936 1218 1971 1261 sc
1993 1196 2140 1279 loquens,
2163 1217 2207 1262 an

201 1287 267 1351 tine
289 1301 327 1350 eo
351 1284 488 1350 autore?
522 1281 561 1350 Si
583 1283 738 1366 excipias,
761 1281 933 1347 damnatos
951 1302 1064 1347 omncs
1081 1282 1183 1346 fuisse
1233 1291 1270 1347 tu
1299 1281 1339 1347 de
1365 1281 1542 1366 incognitis
1575 1283 1645 1349 eius
1671 1302 1703 1346 m
1729 1282 1836 1348 storiis
1863 1304 1904 1347 ex
1930 1281 2072 1366 insipido
2097 1283 2206 1349 earnis

201 1371 446 1437 incredulitatis
472 1378 512 1435 ιιι
540 1369 631 1454 digni
658 1374 766 1433 erant:
800 1388 906 1450 neque
938 1366 972 1432 id
1005 1374 1187 1452 contextus
1234 1374 1311 1433 tuae
1343 1389 1443 1434 sensu
1475 1369 1633 1451 garrias
1722 1367 1799 1433 uid‘l
1835 1366 1890 1432 ubi
1919 1366 2012 1433 Deus
2045 1367 2206 1433 Satanam

200 1458 339 1542 patitur,
363 1458 440 1540 qnia
461 1455 595 1522 disserit
603 1453 731 1520 Paulus
754 1452 794 1518 de
816 1452 945 1519 arcanis
955 1452 1022 1518 Dei
1043 1452 1181 1530 iudiciis,
1234 1451 1398 1519 mediatae
1420 1473 1498 1519 suae
1526 1454 1715 1519 ministrum
1743 1453 1895 1532 accersit,
1922 1461 1955 1519 et
1975 1451 2032 1518 dat
2053 1461 2205 1537 apertum

202 1553 235 1609 et
256 1543 458 1608 exclamatio
480 1541 538 1606 illa
555 1549 737 1624 repugnat:
761 1536 792 1604 0
815 1537 964 1616 altitudo,
987 1548 1045 1606 etc.
1089 1539 1181 1603 Ero
1234 1538 1369 1605 fallendi
1391 1537 1591 1619 mandatum,
1614 1561 1657 1604 an
1678 1539 1741 1606 hoo
1761 1538 1845 1604 nihil
1869 1539 1979 1604 differt
1999 1561 2019 1604 a
2040 1538 2110 1604 solo
2131 1560 2206 1624 per·

200 1629 299 1695 sicuti
326 1628 500 1694 Christum
522 1625 564 1692 ab
586 1625 681 1691 initio
703 1624 973 1710 praedestinavit,
995 1626 1050 1708 qui
1072 1560 1181 1708 perdi-
1234 1624 1359 1691 missu?
1403 1626 1480 1690 Vox
1501 1626 1566 1691 Dei
1587 1632 1638 1692 est
1658 1626 1794 1690 minime
1811 1625 1982 1711 ambigna:
2006 1623 2090 1706 Quis
2112 1625 2206 1691 nobis

200 1717 244 1781 tis
268 1723 487 1792 succurreret,
509 1712 557 1777 ita
576 1710 809 1776 inaestimabili
831 1729 891 1775 eno
904 1710 1037 1775 consilio
1055 1711 1180 1788 statuit,
1235 1710 1373 1794 decipiet
1405 1710 1545 1776 Achab?
1589 1732 1650 1777 neo
1689 1711 1826 1777 obscure
1865 1709 2008 1777 Satanae
2047 1712 2205 1795 imperat:

200 1799 368 1884 quomodo
396 1798 578 1865 illustraret
602 1796 741 1882 glorim
770 1816 864 1861 suam
892 1816 934 1861 ex
960 1795 1057 1880 lapsu
1078 1796 1180 1861 Adae.
1236 1795 1347 1875 Vade,
1376 1802 1411 1862 et
1432 1797 1477 1862 sis
1499 1797 1634 1880 spiritus
1656 1797 1800 1862 mendax
1821 1797 1856 1862 in
1882 1818 1938 1861 orc
1960 1797 2108 1862 omnium
2131 1817 2205 1880 pro-

202 1893 275 1965 [psg.
299 1892 355 1964 53]
372 1884 495 1951 Fateor
517 1881 665 1969 quidem,
693 1880 749 1947 ubi
777 1881 918 1947 liberum
946 1901 1027 1947 suae
1053 1882 1180 1947 miseri-
1232 1882 1408 1968 phetarum
1431 1883 1463 1966 (l
1483 1881 1567 1968 aeg.
1587 1886 1637 1961 22,
1657 1886 1707 1946 ιθ.
1729 1881 1793 2032 ἳιξ.

203 1968 335 2037 cordiae
357 1991 492 2038 cursum
514 1968 685 2047 vendicat,
711 1966 752 2032 de
774 1968 918 2033 humano
941 1987 1061 2052 genere
1076 1967 1180 2058 loqui,
1320 1966 1412 2034 Scire
1435 1972 1509 2048 [pag.
1530 1974 1584 2048 co]
1612 1968 1710 2034 etiam
1732 1989 1772 2034 ve
1785 1969 1830 2032 im
1853 1989 1896 2033 an
1924 1967 2010 2034 idem
2033 1969 2084 2034 sit·
2099 1969 2207 2034 lacere

201 2055 287 2140 quod
312 2057 435 2122 iamin
454 2055 564 2121 Adam
584 2053 743 2138 perierat:
766 2052 823 2119 sed
842 2053 955 2118 eadem
975 2073 1104 2137 semper
1121 2074 1181 2118 va·
1233 2053 1319 2136 quod
1347 2055 1545 2138 permittere.
1597 2052 1685 2135 Quia
1711 2053 1822 2120 David
1850 2053 1934 2119 clam
1962 2053 2069 2119 aliena
2101 2073 2207 2120 uxore

202 2143 264 2209 luit
287 2143 372 2207 rat-io
395 2149 472 2209 ante
494 2141 626 2225 lapsum
648 2139 751 2216 Adae,
774 2147 811 2203 ιιι
832 2160 893 2204 sua
915 2139 945 2205 ei
966 2138 1121 2204 voluntas
1139 2138 1181 2204 ad
1232 2137 1355 2204 abusus
1376 2140 1490 2217 fuerat,
1513 2139 1815 2223 pronuncistDeus
1836 2161 1871 2205 se
1893 2141 2056 2206 facturum
2077 2149 2118 2204 ut
2135 2140 2207 2206 eius

201 2227 428 2294 miserendum
451 2227 610 2305 sufficiat,
637 2225 694 2291 ubi
713 2225 761 2290 ita
782 2225 891 2290 visum
914 2232 972 2290 est.
1017 2223 1181 2290 Voluntas
1232 2244 1351 2291 uxores
1373 2224 1415 2291 ad
1436 2223 1592 2308 probrum
1613 2224 1720 2290 simile
1741 2225 1850 2309 palam
1872 2225 1907 2289 in
1928 2225 2006 2292 solis
2030 2232 2207 2310 conspectu

224 2335 303 2379 orro
330 2313 412 2379 haec
439 2313 501 2379 etsi
528 2331 636 2394 neque
664 2308 794 2375 alicunde
822 2309 957 2395 pendet,
989 2329 1050 2376 neo
1082 2309 1181 2375 aliam
1232 2311 1410 2376 trahantur
1433 2312 1467 2395 (2
1487 2308 1575 2376 Sam.
1600 2315 1647 2390 12,
1670 2313 1733 2391 ll).
1776 2310 1851 2376 Non
1873 2310 1965 2378 dicit:
1988 2311 2104 2378 Patiar
2123 2312 2207 2391 fieri,

139 2464 141 2469 .
247 2399 304 2465 bet
328 2401 472 2482 priorem
506 2417 654 2475 cansam,
687 2397 723 2461 in
750 2397 874 2479 optima
905 2402 1016 2461 tamen
1042 2396 1179 2475 ratione,
1233 2394 1311 2461 sed:
1345 2396 1491 2462 Faciam.
1550 2396 1601 2462 au
1629 2404 1669 2462 ut
1695 2396 1803 2463 fallaci
1830 2405 1889 2462 tuo
1921 2396 2101 2480 patrocinio
2129 2417 2206 2464 eum

200 2505 397 2568 summaque
420 2483 584 2567 aequitate
606 2480 745 2548 tundata
766 2491 824 2547 est
868 2481 956 2547 Nam
976 2503 1078 2565 quum
1096 2481 1180 2565 legis
1233 2479 1382 2561 adiuves,
1410 2481 1656 2566 permissionem
1679 2481 1836 2549 obtendis.
1881 2483 1997 2568 Longe
2018 2482 2116 2547 aliter
2137 2483 2208 2550 Da·

198 2572 317 2636 fraeno
337 2568 486 2670 indigeat
507 2569 680 2634 hominnm
701 2567 922 2652 intemperies,
952 2566 1017 2633 alia
1034 2576 1097 2633 est
1114 2567 1179 2633 Dei
1231 2567 1288 2633 vid
1305 2567 1386 2651 ipse,
1408 2566 1464 2652 qni
1487 2567 1642 2634 horribile
1652 2567 1717 2634 Dei
1733 2568 1890 2635 iudicium
1902 2588 2014 2652 secum
2035 2575 2206 2657 reputans,

203 2658 298 2734 ratio,
319 2656 375 2739 qni
398 2653 461 2721 srbi
484 2654 554 2740 ipse
575 2653 631 2720 lex
654 2661 713 2732 est,
736 2661 769 2719 et
786 2653 878 2720 cuius
895 2653 1047 2719 voluntas
1064 2653 1180 2739 regula
1232 2652 1410 2719 exclamat:
1444 2650 1659 2735 Obmutesco,
1688 2655 1766 2739 quia
1792 2661 1830 2719 tu
1855 2653 1968 2720 iecisti.
2020 2652 2078 2721 Sic
2104 2654 2208 2720 etiam

200 2748 250 2808 est
273 2740 415 2827 optimae
435 2738 653 2807 rectitudinis.
989 2751 991 2755 '
1231 2737 1291 2805 Iob
1305 2740 1424 2841 ,Deum
1452 2736 1663 2820 benedcens,
1692 2759 1758 2805 non
1787 2747 1917 2842 tantum
1944 2740 2015 2806 eius
2041 2742 2207 2824 permissu

655 2875 721 2941 111·
1231 2825 2205 2997 {tttttmttttttttt⁶ttttt<tlistis}

289 2995 423 3063 Tertius
455 2996 615 3064 articulus
642 3017 709 3062 non
741 2996 852 3061 minna
905 2995 992 3061 rodit
1020 3015 1117 3080 qnam
1146 2976 1208 3062 tc'l
1233 2996 1354 3063 eadem
1368 2996 1404 3063 in
1427 2996 1535 3063 dando
1557 3004 1592 3063 οι
1612 2997 1799 3082 accipiendo
1825 2996 1911 3063 ratio
1932 3003 1998 3076 est,
2026 3003 2061 3062 te
2082 3005 2204 3076 autore,

205 3082 324 3168 cupide
345 3102 460 3167 pascas
482 3081 612 3149 foetidis
638 3081 819 3150 cadumniis.
898 3083 909 3147 i
930 3101 1037 3148 meam
1061 3080 1180 3147 doctri·
1204 3059 1208 3134 Ι
1232 3104 1298 3148 ιιοιι
1316 3096 1427 3148 essent
1448 3103 1526 3167 opes
1547 3082 1612 3149 Dei
1634 3084 1801 3163 beneficia,
1822 3083 1955 3149 sedDei
1976 3084 2141 3167 permissu
2158 3090 2204 3149 te·

204 3189 283 3235 nam
306 3166 459 3235 arrodere
481 3167 577 3249 libet,
607 3189 666 3235 cnr
685 3187 756 3233 non
778 3167 894 3234 saltem
923 3188 998 3234 mea
1018 3165 1108 3233 dicta
1128 3166 1181 3233 in·
1232 3189 1321 3234 mere
1344 3168 1390 3233 ad
1408 3190 1467 3235 nos
1488 3170 1638 3234 fluerent.
1683 3168 1780 3251 Quod
1802 3169 1887 3235 situ
1904 3190 1979 3234 cnm
1996 3169 2132 3253 putrida
2149 3179 2206 3234 tua

204 3276 313 3340 genue
333 3253 475 3321 recitas?
518 3253 561 3319 ln
583 3273 681 3321 cansa
701 3274 785 3338 qnae
806 3274 896 3320 nunc
918 3253 1037 3339 agitur,
1065 3252 1180 3319 discri-
1225 3255 1363 3335 cohorte
1375 3255 1563 3339 obstrepere
1579 3276 1646 3320 non
1667 3255 1800 3335 desinis,
1823 3276 1857 3321 se
1874 3253 1983 3338 ipsum
2004 3262 2120 3320 ιοιιιοιι
2140 3256 2204 3322 ius-
2234 3317 2236 3323 .
2297 3294 2306 3301 -

204 3354 283 3408 men
304 3340 530 3425 permissionis
558 3345 592 3406 st
617 3339 800 3408 voluntatis
827 3339 981 3406 frivolum
1003 3360 1075 3405 esse
1097 3338 1178 3406 dico.
1233 3339 1372 3407 tificabit
1391 3340 1494 3406 Deus.
1545 3338 1614 3407 Nos
1636 3361 1716 3407 vero
1736 3341 1895 3428 mysteria
1911 3360 1994 3424 quae
2014 3340 2113 3425 longe
2132 3361 2207 3426 cap-

204 3428 256 3493 'l'u
277 3426 308 3492 le
331 3426 430 3507 idam,
448 3434 492 3492 *nt
509 3423 765 3510 quidemputas,
780 3426 955 3511 argutiam,
977 3423 1082 3491 sedre
1098 3441 1180 3491 vera
1233 3433 1304 3492 tum
1342 3430 1494 3492 nostrum
1537 3434 1710 3510 superant,
1759 3435 1949 3493 reverenter
1987 3425 2205 3506 adorabimus,

204 3448 381 3578 evanidam
408 3511 576 3596 sophisma
607 3511 758 3596 opponis:
796 3518 869 3590 [pag.
893 3515 947 3591 54]
977 3509 1018 3577 si
1048 3510 1180 3576 volente
1233 3511 1335 3579 donec
1355 3532 1469 3577 eorum
1492 3511 1570 3577 afful
1614 3520 1649 3578 at
1669 3512 1768 3597 plena
1789 3511 1946 3597 cognitio,
1976 3511 2033 3578 ubi
2056 3516 2132 3592 [pag.
2153 3517 2206 3593 ιι]

201 3598 276 3664 Βοο
298 3601 385 3678 flunt
398 3598 533 3676 omnia,
561 3597 670 3685 ipsum
699 3596 784 3662 velle
804 3597 999 3681 pugnantia,
1029 3597 1106 3680 quia
1125 3618 1180 3662 me
1232 3598 1313 3663 facie
1335 3595 1509 3664 adfaciem
1529 3533 1694 3663 viddbitur
1712 3599 1768 3689 qni
1790 3619 1879 3665 nunc
1899 3618 1968 3666 non
1988 3598 2111 3662 nisi'in
2133 3618 2206 3683 spe-

204 3683 325 3748 diaboli
347 3685 540 3769 prophetam
563 3703 636 3749 esse
658 3675 776 3759 dicitis,
800 3703 861 3767 ego
872 3702 951 3748 vero
960 3681 1091 3747 fidelem
1109 3683 1179 3749 sius
1231 3683 1305 3749 culo
1327 3683 1416 3748 cerni
1443 3691 1558 3767 potest.
1608 3683 1716 3763 Tunc,
1744 3684 1852 3768 inquit
1872 3683 2099 3772 Augustinus,
2116 3683 2139 3770 ¹)
2171 3684 2207 3749 in

203 3789 336 3835 servum
358 3791 411 3836 ms
433 3790 504 3836 esse
525 3769 662 3842 affirmo.
708 3767 780 3833 Tibi
801 3767 932 3851 ‚quidem
951 3767 1033 3834 haec
1054 3769 1179 3851 species
1230 3767 1412 3835 clarissima
1421 3768 1494 3835 luce
1505 3769 1685 3852 sapientiae
1696 3769 1861 3836 videbitur
1871 3768 1956 3852 qnod
1974 3770 2104 3853 piorum
2124 3768 2207 3834 fides

205 3856 445 3939 repugnantiae
467 3854 578 3922 oculos
595 3853 803 3953 perstringit:
826 3860 964 3920 atvero
984 3854 1077 3920 Deus
1098 3855 1179 3937 ipse,
1232 3856 1344 3934 habet,
1373 3859 1471 3938 quam
1501 3863 1590 3920 certa
1616 3863 1650 3920 et
1669 3855 1897 3935 immutabilis,
1925 3864 1960 3921 et
1981 3855 2208 3921 efficacissima

205 3939 260 4023 qui
283 3940 369 4023 apud
390 3962 425 4005 ae
447 3941 542 4006 novit
564 3939 723 4024 quomodo
744 3938 833 4004 1dem
843 3939 925 4005 velit
943 3946 976 4005 et
997 3939 1178 4020 nolitfieri,
1232 3940 1276 4006 sit
1297 3939 1452 4006 voluntas
1473 3941 1553 4018 Dei,
1587 3961 1686 4025 quam
1714 3941 1820 4006 multa
1841 3941 1946 4025 possit
1967 3948 2001 4006 et
2021 3962 2088 4006 non
2110 3940 2205 4007 velit:

203 4035 294 4090 tuam
316 4024 560 4092 hebetudinem·
577 4025 661 4091 nihil
688 4033 843 4090 moratur.
893 4023 1029 4106 Quoties
1056 4026 1178 4091 excita·
1232 4026 1318 4092 nihil
1347 4035 1457 4091 antem
1484 4025 1575 4092 velit·
1592 4027 1679 4110 qnod
1705 4049 1772 4092 non
1800 4025 1913 4110 possit.
1963 4027 2016 4092 De
2038 4027 2206 4109 praesenti

202 4111 253 4176 vit
274 4131 370 4176 veros
387 4112 576 4195 prophetas,
594 4110 700 4178 voluit
721 4119 809 4176 certe
830 4110 949 4176 acriter
971 4130 1026 4176 eos
1044 4117 1078 4176 et
1095 4119 1180 4176 stre·
1232 4120 1342 4179 autem
1368 4111 1505 4178 articulo
1538 4134 1579 4178 ex
1610 4134 1666 4179 ore
1694 4111 1838 4178 eiusdem
1870 4113 1915 4197 pii
1943 4112 2114 4195 scriptoris
2146 4112 2206 4178 tibi

203 4217 269 4263 nuc
290 4217 335 4280 pu
382 4217 439 4261 aro
460 4218 521 4280 pro
541 4195 719 4263 asserenda
745 4196 827 4281 legis
856 4195 1018 4263 doctrina:
1052 4196 1180 4263 suborti
1232 4196 1471 4283 respondeo:²)
1493 4196 1586 4265 Haec
1609 4209 1688 4264 sunt
1708 4218 1829 4283 magna
1850 4204 1953 4281 opera
1969 4196 2118 4277 Domini,
2148 4219 2205 4264 cx·

203 4292 281 4348 eunt
307 4283 324 4347 f
353 4282 381 4346 si
410 4281 604 4382 prophetae,
631 4283 688 4366 qui
717 4302 789 4348 eam
819 4291 968 4348 evertere
994 4281 1177 4348 studerent:
1232 4284 1355 4368 quisita
1375 4283 1411 4348 in
1433 4304 1546 4374 omnes
1568 4283 1755 4350 voluntates
1782 4284 1867 4363 cius,
1896 4291 2019 4349 ettam
2040 4285 2206 4366 sapienter

201 4369 389 4435 conflictum
411 4377 501 4434 anter
521 4368 610 4452 ipsos
628 4390 700 4435 esse
710 4369 870 4453 oportuit:
888 4389 954 4433 non
972 4375 1083 4434 amen
1101 4388 1178 4435 con·
1232 4369 1411 4452 exquisita,
1447 4376 1487 4433 ut
1513 4388 1619 4453 quum
1647 4370 1795 4455 angelica
1822 4379 1855 4435 et
1881 4370 2027 4435 humana
2054 4380 2206 4435 creatura

201 4540 284 4606 mihi
307 4540 377 4605 eins
395 4538 602 4613 tolerantiam
621 4538 781 4606 obtrudis:
806 4539 963 4605 reclamat
973 4548 1085 4623 aperte
1103 4538 1177 4606 nnl-
1232 4542 1378 4621 faciseet,
1406 4541 1504 4606 etiam
1533 4562 1593 4624 per
1620 4541 1758 4607 eandem
1791 4549 1962 4608 creaturae
1990 4540 2202 4619 voluntatem,

2347 4096 2368 4162 i

2323 4293 2368 4338 a

2307 4378 2368 4425 a

200 4454 289 4519 flixit
321 4473 431 4519 secum
466 4452 574 4533 Deus,
608 4454 664 4537 qui
704 4464 858 4538 utrosque
897 4454 1061 4519 excitavit.
1127 4455 1178 4519 Tu
1232 4461 1406 4539 peccasset,
1429 4453 1532 4534 idest,
1556 4477 1623 4521 non
1643 4455 1729 4540 quod
1749 4454 1813 4535 ille,
1837 4454 1895 4521 sed
1911 4454 1997 4539 quod
2017 4455 2204 4540 voluitipsa
2293 4467 2368 4515 a

2281 4556 2365 4615 ι’.)

200 4626 252 4692 los
274 4647 331 4692 sur
373 4647 410 4691 re
431 4623 750 4776 pseudoprophetas,
777 4626 841 4692 nisi
863 4646 945 4709 qnos
966 4626 1038 4710 ipse
1060 4625 1113 4691 vel
1135 4623 1175 4690 ad
1232 4647 1297 4711 qua
1318 4628 1439 4693 factum
1462 4636 1513 4692 est
1539 4626 1626 4710 quod
1653 4635 1780 4694 creator
1806 4626 1926 4705 noluit,
1954 4627 2109 4711 impleret
2133 4628 2203 4710 ipse
2264 4641 2360 4687 oo

200 4713 324 4796 proban
350 4733 403 4777 am
426 4731 561 4780 suorum
583 4711 606 4775 fi
630 4732 698 4790 em,
732 4711 786 4777 vel
812 4711 856 4777 ad
882 4710 1103 4778 excaecandos
1125 4713 1177 4776 in·
1231 4712 1318 4797 quod
1337 4712 1457 4777 voluit:
1486 4712 1569 4778 bene
1590 4721 1686 4779 utens
1708 4720 1743 4778 οι
1761 4712 1872 4791 malis,
1898 4720 2057 4795 tanquam
2079 4731 2202 4780 summe
2247 4729 2353 4775 ea

198 4796 349 4864 credulos
368 4796 519 4863 destinat.
565 4796 605 4863 si
623 4799 805 4864 surrexerit
820 4796 1104 4882 pseudopropheta
1124 4796 1176 4862 in·
1230 4798 1344 4877 bonus,
1363 4796 1409 4880 ,ad
1430 4817 1544 4864 eorum
1563 4797 1806 4864 damnationem
1824 4819 1906 4884 quos
1923 4798 2008 4864 iuste
2026 4797 2200 4884 praedesti·
2226 4796 2342 4860 -Ῑ-

199 4894 252 4949 ιοι
272 4904 342 4962 vos,
363 4883 476 4966 inquit
485 4882 606 4962 Moses,
628 4890 735 4948 tentat
755 4884 917 4950 vosDeus
934 4893 1044 4950 vester
1061 4882 1176 4968 (Dect

203 4973 253 5047 13,
283 4969 326 5054 1).
381 4970 433 5034 Τιι
467 4968 668 5036 alienissimo
699 4977 883 5036 commento
917 4969 981 5036 alio
1016 4970 1177 5035 transfers

200 5054 287 5135 qnod
308 5054 419 5121 Moses
439 5055 514 5121 Deo
541 5077 608 5121 non
639 5063 764 5121 temere
793 5054 938 5124 ascribit.
994 5055 1065 5120 Aut
1092 5075 1178 5140 nega
1300 5089 1329 5155 1)
1348 5088 1435 5143 aad.
1451 5088 1486 5144 ,d
1504 5088 1687 5154 Laumnuum,
1704 5105 1765 5159 0⁸1³·
1783 5086 1825 5142 95,

202 5143 279 5218 [pag.
297 5144 349 5218 ot]
371 5140 541 5226 proprium
563 5140 629 5207 Dei
650 5162 723 5208 esse
744 5157 880 5220 munus,
908 5141 1098 5207 examinare
1118 5162 1177 5225 po-
1299 5156 1330 5228 a)
1348 5157 1477 5213 Eiusdem
1495 5158 1541 5212 lib.
1561 5173 1619 5228 cap.
1640 5155 1698 5212 100.
