4748 5798
194 221 257 288 403
915 206 1170 276 EXPOSI'PIO.
1188 205 1458 276 IMPIETATIS
2125 212 2188 274 404

195 406 250 474 vel
281 411 377 472 extra
406 403 526 486 ipsam:
555 401 631 485 quia
661 398 733 465 ideo
755 404 849 483 pater
875 407 926 464 εει
957 403 1058 481 pater,
1091 398 1167 481 qnia
1217 397 1327 462 omnia
1355 402 1540 480 captantem
1573 396 1697 482 urget?
1731 392 1781 463 'Pu
1808 405 1877 463 stas
1906 398 1947 463 ad
1974 396 2119 463 tribunal
2142 399 2190 484 pii

194 494 301 559 Deus:
324 500 358 555 et
378 490 465 554 filius
492 498 543 552 εει
572 487 669 564 filius,
694 485 772 569 quia
797 482 899 550 Dens
941 482 1052 549 Deum
1078 484 1167 549 enim
1217 484 1444 567 magistratus,
1471 504 1547 549 rens
1575 484 1615 549 ob
1643 484 1859 550 exsecrandas
1892 483 2123 566 blasphemias:
2151 495 2189 550 ιιι

195 597 267 644 εεεε
286 584 414 661 oportet
435 574 627 657 sapientiam
648 571 739 636 illam
762 578 936 648 aeternam,
956 590 1039 653 quae
1056 569 1167 654 genita
1217 570 1425 652 teexplices,
1447 590 1508 634 nos
1518 572 1554 633 in
1565 568 1722 635 Cerdonis
1733 578 1842 652 partes
1851 571 2040 652 pertrahere
2049 571 2190 636 conaris

195 683 238 730 ex
260 662 340 726 Deo.
373 660 540 726 Deitatem
562 657 707 723 absolute
729 679 771 722 ex
793 676 828 721 se
848 657 920 739 ipsa
942 652 1073 739 quidem
1095 675 1167 720 esee
1303 655 1430 719 Eadem
1452 654 1550 719 etiam
1572 656 1752 737 petulantia
1763 657 1906 738 erumpit
1918 657 1952 719 in
1965 655 2189 723 archonticis:

196 746 347 813 dicimus:
380 746 466 811 unde
497 756 530 809 ει
559 744 675 821 filium,
706 750 867 826 quatenus
897 743 1005 819 Deus,
1039 739 1165 805 sublato
1217 741 1310 823 quasi
1330 741 1367 804 in
1388 740 1450 806 hac
1471 739 1615 818 ecclesia,
1638 742 1693 806 nbi
1710 741 1771 808 sub
1787 742 1976 824 speciccvis
1989 742 2190 826 fuistilupus

193 853 351 918 personae
372 839 531 914 respectu,
555 851 596 894 ex
618 848 653 894 se
664 829 734 913 ipso
747 849 818 894 esse
829 829 985 893 fatemur:
1007 834 1166 909 quatenns
1217 835 1251 890 ει
1272 826 1387 908 vulpes
1408 827 1516 905 simul,
1538 825 1681 892 audieris
1707 828 1841 911 angelos
1868 826 2048 910 praedicari
2075 828 2190 893 mundi

193 940 275 986 vero
296 918 385 982 filius
406 926 464 993 εει,
487 916 625 979 dicimus
647 935 717 980 esse
739 936 780 979 ex
801 920 904 997 patre.
947 912 1001 977 Ita
1024 912 1167 977 essentia
1217 922 1388 978 creatores.
1742 972 1746 980 ,

195 1006 266 1070 eius
286 1003 446 1087 principio
469 1009 571 1066 caret:
593 1021 751 1084 personae
772 1007 881 1064 autem
898 999 1095 1082 principium
1116 1007 1167 1062 εει
1301 998 1427 1063 Eodem
1439 998 1538 1062 etiam
1549 997 1634 1063 redit
1649 999 1799 1081 proxima
1810 1000 1963 1081 quaestio,
1982 1020 2067 1082 quae
2077 999 2190 1065 eadem

194 1090 264 1173 ipse
296 1087 397 1153 Deus.
448 1088 521 1152 Hoc
552 1096 590 1151 ut
619 1097 710 1152 tuam
740 1086 994 1168 quaternitatem
1022 1083 1166 1166 arripere
1217 1091 1281 1149 est:
1304 1084 1359 1147 An
1386 1092 1485 1167 neget
1511 1082 1670 1149 Calvinus
1696 1084 1828 1152 unicum
1850 1082 1960 1149 Deum
1986 1085 2091 1150 Israel
2119 1107 2190 1151 esse

195 1173 334 1251 desinas,
367 1195 487 1238 exuere
516 1170 621 1238 duces
647 1179 866 1236 commentum
893 1168 984 1248 illud,
1010 1190 1166 1252 personas
1218 1178 1344 1253 patrem
1367 1169 1467 1234 verbi.
1511 1170 1562 1233 uu
1589 1191 1666 1235 vero
1694 1169 1898 1253 sycophanta
1921 1172 2001 1235 satis
2028 1193 2191 1254 superque

195 1281 265 1328 ease
287 1260 452 1325 abstracta
472 1256 781 1341 quaedamdeitatis.
825 1255 920 1320 Adde
942 1256 1166 1338 quodveteres
1217 1265 1318 1331 tenes,
1341 1255 1418 1337 quid
1436 1255 1494 1320 tibi
1505 1257 1601 1320 etiam
1620 1276 1728 1337 nuper
1741 1256 1832 1321 nobis
1843 1255 2048 1321 audientibus
2061 1257 2190 1322 dixerit

194 1348 379 1430 quicunque
412 1343 453 1409 de
484 1344 632 1409 trinitate
664 1343 790 1425 loquuti
818 1352 904 1421 sunt,
938 1339 979 1405 ad
1011 1360 1166 1424 personas
1217 1340 1351 1406 Pridem
1373 1361 1451 1406 vero
1473 1350 1584 1405 tenero
1605 1340 1764 1406 debueras
1775 1340 1852 1424 quid
1863 1362 1972 1408 coram
1984 1351 2051 1407 toto
2067 1342 2191 1416 mundo

194 1439 324 1498 tautum
346 1430 531 1495 retulerunt
553 1429 613 1494 hcc
633 1449 762 1493 nomen.
805 1427 851 1492 Et
872 1437 960 1492 certe
980 1448 1047 1491 non
1070 1426 1166 1490 modo
1217 1427 1492 1509 praedicenteius
1514 1429 1644 1511 scripta,
1668 1427 1798 1509 etquid
1820 1427 1906 1509 apud
1930 1428 2088 1511 populum
2112 1449 2191 1511 quo·

140 1566 142 1571 -
194 1515 353 1584 absurdus
363 1524 450 1581 esset
473 1535 571 1592 error,
594 1516 629 1578 in
644 1515 790 1579 trinitate
801 1512 972 1595 complecti
982 1513 1166 1589 essentiam,
1219 1513 1296 1577 tidie
1329 1512 1450 1578 doceat.
1495 1515 1608 1596 Apage
1634 1533 1712 1596 ergo
1739 1534 1812 1578 cum
1841 1514 1906 1582 tuis
1934 1512 2190 1595 probationibus

196 1601 253 1668 sed
273 1603 371 1667 nimis
392 1621 501 1668 crassa
517 1601 676 1683 impietas.
710 1599 870 1680 Quarum,
892 1598 1034 1677 obsecro,
1056 1618 1167 1662 rerum
1219 1597 1287 1664 Sed
1308 1599 1444 1676 interea,
1467 1606 1505 1662 ut
1521 1600 1604 1664 scias
1625 1609 1658 1663 te
1680 1599 1843 1663 hominem
1867 1620 1937 1664 esse
1954 1599 2191 1683 phreneticum,

196 1688 283 1754 dices
309 1709 381 1752 esse
411 1685 611 1752 trinitatem?
650 1683 843 1768 Respondes
875 1685 939 1749 tria
965 1702 1167 1759 concurrere,
1218 1687 1284 1748 imo
1322 1683 1581 1762 daemoniacum,
1615 1686 1773 1749 memoria
1805 1694 1932 1767 repetas
1967 1685 2053 1767 quod
2088 1707 2193 1768 nuper

195 1773 380 1849 essentiam,
415 1771 529 1849 filium,
562 1780 594 1836 et
626 1772 788 1853 spiritum.
841 1771 930 1835 Hinc
962 1791 1040 1835 vero
1072 1769 1168 1853 plane
1220 1769 1376 1834 diximus:
1411 1769 1497 1850 Quia
1520 1775 1593 1850 [pag.
1613 1775 1666 1850 77]
1689 1790 1874 1853 synonyma
1901 1792 1966 1835 non
1995 1781 2074 1835 sunt
2101 1781 2193 1853 pater

194 1858 391 1941 perspicitur
412 1868 445 1922 te
473 1858 646 1922 essentiam
673 1856 732 1937 filii
764 1866 798 1920 et
824 1856 960 1938 spiritus
988 1856 1166 1927 exinanire.
1219 1855 1354 1934 Christi,
1382 1867 1415 1921 et
1436 1856 1528 1920 Deus
1550 1855 1664 1934 lsrael,
1686 1856 1880 1921 sententiam
1902 1869 1968 1921 non
1994 1878 2089 1939 posse
2116 1878 2193 1922 cou-

195 1944 326 2026 Alioqui
348 1950 456 2026 partes
476 1944 562 2012 inter
589 1963 625 2006 se
652 1942 846 2008 commixtae
873 1941 1101 2019 coinciderent,
1130 1949 1168 2004 ut
1219 1942 1314 2018 verti,
1337 1952 1375 2006 ut
1395 1941 1462 2006 filio
1484 1941 1615 2007 excluso
1637 1940 1740 2006 deitas
1767 1943 1984 2025 restringatur
2016 1942 2057 2006 ad
2086 1944 2194 2008 solum

195 2030 386 2112 loquuntur:
410 2028 497 2112 quod
525 2034 598 2108 [pag.
623 2032 675 2107 7⁵]
705 2038 755 2092 εει
780 2027 816 2091 in
842 2028 932 2091 omni
960 2024 1167 2092 distinctione
1218 2036 1352 2110 patrem.
1381 2027 1449 2093 Nec
1472 2027 1581 2092 verbis
1598 2026 1698 2110 digna
1719 2036 1771 2092 εει
1790 2027 1975 2093 illaceniua
1991 2028 2193 2110 improbitas,

195 2116 358 2180 vitiosum.
380 2113 591 2180 Concurrunt
610 2111 652 2178 ad
674 2121 827 2177 naturam
845 2122 879 2177 et
891 2121 1012 2177 statum
1026 2112 1167 2176 hominis
1217 2134 1316 2196 quum
1349 2113 1545 2195 principium
1577 2112 1659 2177 illud
1691 2113 1809 2191 sumis,
1843 2113 1952 2187 Deum
1992 2134 2060 2178 non
2099 2135 2193 2197 posse

195 2201 305 2266 anima
325 2211 359 2264 ct
380 2219 506 2282 corpus.
550 2196 588 2264 si
611 2198 721 2265 anima
741 2199 775 2261 in
798 2218 915 2282 corpus
926 2199 1090 2276 transiret,
1102 2199 1167 2261 iam
1217 2198 1366 2263 invocari
1387 2199 1458 2262 sine
1480 2198 1665 2264 mediatore.
1697 2199 1771 2264 Hoc
1792 2200 1900 2273 etiam,
1921 2200 1985 2263 nisi
2003 2200 2078 2281 plus
2096 2221 2193 2283 quam

194 2295 338 2352 cessaret
358 2305 535 2351 concursus
556 2286 626 2349 iste.
647 2282 700 2348 Ita
720 2283 785 2348 nisi
806 2284 856 2349 bis
877 2304 993 2349 caecus
1014 2306 1058 2361 es,
1082 2283 1167 2348 clare
1219 2283 1361 2366 turpiter
1381 2285 1531 2367 ingratus
1560 2305 1656 2362 cases,
1685 2283 1843 2349 debueras
1872 2294 2040 2367 acceptum
2070 2288 2194 2357 referre

194 2371 307 2437 videre
338 2383 429 2452 potes
462 2371 629 2435 confusam
660 2369 695 2433 in
728 2367 848 2434 deitate
876 2370 1056 2433 mixturam
1087 2389 1107 2432 a
1133 2380 1166 2433 ιε
1219 2368 1371 2442 Calvino,
1400 2371 1510 2434 Deum
1540 2390 1609 2435 non
1641 2369 1798 2435 exaudire
1827 2390 1939 2451 preces
1970 2379 2102 2436 nostras
2131 2372 2192 2435 nisi

194 2457 276 2534 fieri,
304 2476 369 2520 non
398 2477 490 2521 secus
518 2464 615 2538 atque
647 2456 682 2519 in
714 2453 848 2533 electro,
907 2455 1038 2519 uoniam
1070 2455 1167 2518 unius
1218 2476 1276 2538 per
1298 2455 1519 2521 mediatorem.
1542 2455 1630 2536 Quid
1652 2455 1799 2538 postulas
1820 2466 1856 2520 ut
1874 2457 1934 2525 tibi
1954 2455 2040 2520 clare
2058 2478 2192 2540 respon·

194 2541 296 2624 patris
317 2541 381 2606 erit
400 2543 556 2619 essentia,
583 2541 644 2605 filii
670 2548 704 2604 ει
731 2541 865 2622 spiritus
885 2476 1041 2606 divinitas
1063 2541 1168 2605 forma
1218 2540 1294 2606 deat
1315 2541 1377 2607 hac
1400 2540 1440 2605 de
1464 2560 1510 2618 re,
1539 2561 1637 2623 quam
1666 2542 1725 2606 toti
1757 2541 1879 2607 mundo
1908 2561 2025 2607 sonore
2054 2551 2193 2608 metatus

195 2628 258 2692 erit
278 2626 407 2709 qualem
429 2635 465 2690 tu
486 2626 687 2709 imaginaris,
709 2625 908 2690 fidesautem
923 2626 1090 2707 concipere
1100 2647 1166 2690 non
1218 2626 1288 2690 est?
1322 2627 1394 2692 Nisi
1416 2635 1448 2691 ιε
1469 2625 1650 2710 possideret
1672 2626 1895 2709 Satancerte
1916 2627 1951 2691 in
1979 2627 2079 2693 istam
2098 2638 2194 2712 petu-

194 2721 308 2795 poteet
353 2711 451 2792 Quod
468 2720 578 2776 autem
601 2710 641 2776 de
669 2731 748 2776 voce
776 2711 933 2776 trinitatis
959 2719 1028 2776 tam
1054 2720 1166 2794 aperte
1217 2712 1353 2777 lantiam
1388 2733 1453 2776 non
1491 2731 1688 2794 erumperes.
1743 2712 2061 2796 [tergiversationem
2093 2735 2194 2780 vocas

195 2799 371 2876 convictus,
404 2819 470 2862 non
501 2797 553 2861 vis
587 2805 698 2862 tamen
729 2795 852 2875 cedere,
889 2798 926 2861 in
961 2817 997 2860 re
1028 2797 1166 2877 minima
1217 2796 1304 2880 qnod
1321 2799 1505 2881 ¹scripserat
1536 2797 1696 2863 Calvinus
1720 2795 1865 2865 docendi
1902 2800 1951 2863 tui
1985 2820 2094 2877 causa.
2155 2799 2195 2866 Si

193 2881 304 2966 prodis
323 2883 500 2947 maximam
519 2881 765 2967 impudentiam.
797 2882 859 2948 Vis
879 2883 968 2948 enim
981 2883 1165 2949 totoinvito
1216 2883 1384 2966 quaeritur
1422 2904 1533 2949 annon
1569 2885 1670 2948 tutior
1704 2883 1857 2967 precandi
1889 2885 1994 2949 forma
2026 2885 2079 2960 sit,
2113 2884 2193 2966 dum

193 2968 316 3034 mundo
338 2969 517 3033 trinitatem
548 2989 620 3033 esse
647 2968 748 3032 trium
774 2968 950 3034 unitatem:
978 2970 1071 3051 quasi
1097 2988 1164 3032 non
1216 2970 1407 3036 invocamus
1439 2978 1565 3052 patrem
1598 2970 1633 3033 iu
1666 2971 1798 3034 nomine
1836 2969 1911 3034 filii:
1929 2970 2197 3052 respondemus,

192 3052 280 3119 idem
301 3054 461 3138 significet
478 3053 617 3131 Latinis,
639 3052 872 3137 quodGraecis
894 3074 1012 3118 nomen
1033 3052 1163 3137 τριάδος.
1216 3055 1300 3121 sicut
1320 3055 1386 3120 iam
1408 3054 1570 3134 diximus,
1591 3054 1677 3121 hano
1704 3076 1775 3120 esec
1800 3055 1998 3120 ordinariam
2025 3066 2060 3121 ει
2084 3058 2198 3141 magis

193 3138 262 3205 Sed
293 3139 342 3204 ita
373 3140 413 3204 de
442 3140 588 3222 reprobis
615 3147 649 3204 et
676 3139 856 3222 desperatis
883 3138 1028 3222 loquitur
1057 3141 1164 3206 Deus:
1216 3141 1425 3217 familiarem,
1441 3141 1519 3224 qnia
1540 3141 1646 3223 aptior
1663 3154 1715 3206 est
1725 3139 1861 3206 ruditati
1878 3149 2009 3206 nostrae
2023 3150 2056 3206 et
2067 3142 2196 3207 utilior.

193 3225 354 3291 Nesciunt
376 3225 575 3290 erubescere.
1217 3224 1284 3291 Sed
1307 3226 1388 3291 alias
1409 3227 1541 3304 formas,
1558 3245 1642 3309 quae
1663 3227 1762 3291 etiam
1782 3227 1818 3291 in
1836 3247 1899 3308 usu
1916 3228 2050 3291 fuerunt
2061 3236 2197 3310 aposto-

279 3308 376 3392 Quod
397 3312 526 3394 quaeris
547 3318 658 3375 utrum
682 3309 832 3388 essentia,
854 3316 957 3393 pater,
986 3317 1019 3385 et
1047 3310 1164 3376 unicus
1215 3311 1264 3389 lis,
1288 3321 1322 3377 et
1343 3332 1425 3395 quas
1447 3311 1512 3376 illis
1533 3312 1668 3394 spiritus
1692 3320 1824 3377 sanctus
1850 3310 1994 3388 dictavit,
2022 3311 2199 3391 damnare,

192 3395 248 3462 ille
269 3396 362 3462 Dans
383 3396 487 3462 Israel
508 3397 575 3462 sint
595 3417 790 3480 synonyma,
814 3417 898 3479 quae
925 3399 1053 3477 possint
1077 3397 1165 3461 inter
1216 3398 1393 3482 sacrilegae
1415 3397 1607 3462 temeritatis
1629 3407 1723 3463 esset
1767 3398 1837 3463 Noc
1858 3397 2017 3463 valetilla
2038 3399 2197 3464 obiectio:

192 3483 396 3549 seinvicem
423 3483 561 3565 supponi
588 3491 622 3547 ει
647 3479 841 3564 praedicari,
878 3482 946 3546 iam
977 3481 1052 3564 plus
1084 3482 1165 3548 satis
1215 3483 1356 3551 Frustra
1376 3484 1486 3548 Deum
1507 3483 1654 3548 invocari
1674 3483 1795 3566 absque
1816 3482 2008 3548 mediatore:
2030 3485 2112 3567 quia
2133 3487 2198 3551 etsi

192 3589 383 3652 responsum
406 3578 465 3633 cst.
510 3566 549 3633 Si
570 3567 658 3632 enim
681 3576 793 3632 essent
818 3587 1005 3651 synonyma
1025 3569 1165 3632 essentia
1215 3570 1320 3632 fixum
1347 3577 1398 3633 εει
1425 3566 1506 3632 illud
1534 3568 1739 3651 principium,
1768 3590 1834 3634 non
1861 3568 2010 3633 exaudiri
2037 3590 2101 3635 nos
2130 3571 2198 3636 nisi

193 3660 226 3717 ει
246 3662 349 3736 pater,
371 3654 485 3720 liceret
503 3653 563 3718 tibi
575 3651 711 3736 pedibus
732 3651 857 3718 calcare
870 3651 1051 3731 Christum,
1072 3655 1164 3736 quasi
1215 3655 1424 3737 pergratiam
1436 3652 1633 3733 mediatoris,
1650 3676 1717 3719 non
1728 3662 1838 3720 tamen
1849 3675 1977 3737 semper
1987 3655 2021 3718 in
2034 3665 2195 3739 promptu

193 3739 358 3804 umbram:
380 3740 456 3822 quia
476 3739 568 3804 nulla
591 3746 679 3804 esset
703 3739 739 3802 in
766 3738 837 3820 ipso
865 3737 1029 3803 divinitas.
1072 3737 1165 3805 Haec
1215 3758 1385 3805 occurrere
1407 3759 1538 3804 necesse
1558 3747 1616 3803 est.
1661 3741 1734 3804 Iam
1755 3741 1925 3823 praeteriit
1942 3761 2048 3805 annus
2070 3762 2197 3824 exquo

193 3823 282 3888 euim
317 3823 439 3890 delirae
475 3835 552 3890 tuae
592 3823 822 3907 speculationis
860 3842 988 3888 summa
1025 3831 1089 3889 est:
1125 3824 1164 3890 Si
1216 3825 1372 3908 scriptum
1395 3823 1458 3890 hoc
1478 3844 1552 3888 curn
1574 3826 1638 3891 tuis
1655 3824 1883 3909 condiscipulis
1894 3825 2016 3910 legisti:
2037 3835 2072 3890 et
2083 3826 2196 3892 adhuc

193 3911 335 3974 essentia
355 3919 406 3974 est
426 3920 527 3992 pater,
550 3917 584 3976 et
604 3918 698 3993 pater
718 3909 873 3982 essentia:
895 3911 1043 3992 sequitur
1059 3931 1164 4010 neque
1216 3910 1363 3975 discendi
1385 3908 1528 3975 studium
1550 3910 1693 3987 simulas,
1716 3913 1807 3994 quasi
1832 3910 1980 3976 diabolus
2008 3913 2041 3975 in
2062 3910 2195 3978 Christi

194 3995 367 4059 essentiam
398 4016 469 4061 esse
500 3997 565 4061 nisi
597 3996 633 4059 in
660 4002 762 4077 patre,
791 4015 896 4076 neque
922 4004 1048 4077 patrem
1075 3995 1163 4060 ahud
1216 3995 1327 4063 schola
1348 3995 1430 4062 velit
1456 3997 1622 4079 proficere.
1665 3995 1759 4063 Haec
1784 3995 1879 4063 nobis
1904 3997 2043 4062 extorsit
2069 3996 2195 4063 foetida

195 4099 265 4149 esse
294 4099 392 4162 quam
419 4081 604 4147 essentiam.
656 4080 753 4158 Item,
788 4080 816 4145 si
844 4089 938 4162 pater
965 4090 1015 4145 est
1047 4082 1163 4147 unicus
1215 4082 1273 4147 illa
1293 4089 1353 4146 tua
1374 4082 1540 4147 eructatio.
1564 4081 1637 4146 Iam
1657 4081 1718 4149 tibi
1739 4086 1813 4161 [pag.
1833 4087 1885 4162 78]
1898 4081 1938 4147 de
1951 4104 1987 4147 re
1998 4083 2197 4166 simpliciter

192 4166 286 4231 Deus
317 4163 430 4244 Israel,
464 4173 499 4230 ct
524 4167 616 4232 Dens
646 4167 764 4232 unicus
792 4164 895 4230 Israel
928 4175 978 4232 εει
1011 4171 1083 4247 [pag.
1110 4171 1164 4246 76]
1215 4166 1461 4249 respondemus:
1482 4167 1646 4232 Mediator
1667 4169 1729 4232 fuit
1739 4167 1901 4246 Christus,
1922 4176 1960 4233 ut
1971 4169 2061 4233 Deus
2083 4170 2193 4235 mani-

193 4259 301 4335 pater:
329 4271 406 4333 ergo
433 4250 584 4316 Christus
612 4272 679 4316 non
706 4252 770 4316 fuit
800 4272 954 4334 unquam,
982 4273 1086 4335 nequo
1114 4261 1166 4318 est
1215 4254 1351 4318 testatus
1378 4252 1414 4317 in
1440 4273 1548 4317 carne.
1599 4254 1714 4336 Neque
1741 4255 1829 4318 euim
1857 4253 1969 4332 homo,
1997 4255 2062 4318 nisi
2092 4255 2192 4320 simul

193 4337 285 4402 Dens
307 4335 420 4401 Israel.
455 4336 524 4400 Nos
546 4345 655 4402 autem
677 4336 830 4402 docemus
853 4349 981 4419 patrem
1002 4358 1072 4402 esse
1094 4340 1165 4402 uni·
1216 4336 1309 4403 Deus
1340 4350 1435 4416 esset,
1466 4338 1659 4423 perduceret
1689 4358 1750 4404 nos
1787 4338 1829 4403 ad
1858 4340 1976 4405 Deum.
2028 4340 2191 4406 Fatemur

193 4444 268 4489 cum
289 4420 399 4486 Deum
419 4420 532 4498 Israel,
554 4431 592 4486 ut
611 4424 736 4487 interea
757 4443 823 4488 non
848 4422 1040 4489 excludatur
1067 4424 1163 4490 filius.
1216 4422 1348 4506 quidem
1369 4422 1533 4489 humanae
1561 4433 1698 4490 naturae
1722 4433 1872 4507 respectu
1896 4423 2068 4491 Christum
2096 4425 2191 4492 nobis

280 4505 377 4588 Quod
405 4506 544 4589 quaeris,
577 4529 621 4572 an
654 4507 734 4574 deus
760 4507 843 4592 legis
870 4517 904 4573 et
930 4508 1165 4591 prophetarum
1217 4526 1287 4575 esse
1309 4509 1530 4588 mediatorem,
1552 4520 1712 4593 quatenus
1733 4510 1911 4576 advocatus
1933 4526 1983 4576 est
2006 4522 2130 4593 noster,
2156 4522 2193 4576 et

194 4595 238 4660 sit
257 4604 351 4677 pater
371 4592 473 4671 verbi,
500 4591 639 4676 improbi
665 4601 699 4658 ει
723 4594 869 4677 protervi
900 4614 1032 4660 saumae
1056 4603 1165 4677 partes
1217 4591 1303 4677 apud
1330 4604 1459 4677 patrem
1493 4616 1553 4679 pro
1585 4596 1678 4661 nobis
1710 4597 1897 4662 intercedit:
1931 4596 1988 4662 sed
2016 4608 2190 4681 utramque

193 4680 273 4764 agis.
296 4679 366 4745 Nec
387 4688 475 4744 certe
495 4676 548 4744 hic
569 4678 662 4743 uobis
685 4687 866 4762 temperare
883 4701 1064 4763 possumus,
1086 4681 1165 4762 quin
1217 4688 1371 4745 naturam
1392 4680 1625 4764 comprehendi
1646 4703 1777 4747 necesse
1798 4690 1856 4761 est,
1879 4680 1936 4746 ubi
1954 4682 1994 4747 de
2011 4683 2188 4752 mediatore

2311 4538 2373 4592 ,

2293 4719 2366 4768 ee

194 4765 311 4831 saltem
333 4786 399 4829 uno
419 4764 520 4831 verbo
542 4764 744 4828 excutiamus
765 4765 826 4830 tibi
842 4764 1186 4839 thrasonicumhuuc
1216 4767 1334 4850 agitur.
1389 4765 1533 4832 Proinde
1571 4767 1657 4850 quod
1691 4768 1811 4847 infers,
1849 4769 1941 4834 nefas
1968 4790 2039 4835 cese
2074 4789 2189 4836 vocare
2271 4802 2356 4853 α

194 4851 321 4916 fastum.
337 4852 363 4934 ¹)
394 4850 550 4916 Audesne
567 4847 751 4915 Cerdonem
770 4850 864 4915 nobis
874 4851 1021 4930 obiicere,
1036 4852 1163 4930 nebulo,
1217 4850 1386 4917 Christum
1415 4851 1641 4931 mediatorem,
1673 4863 1711 4918 ut
1740 4861 1792 4920 est
1824 4855 1931 4932 Dens,
1968 4875 2103 4937 prorsus
2138 4864 2189 4921 est
2250 4875 2346 4937 :tat

195 4943 320 5000 uttam
342 4935 465 5002 claram
486 4935 774 5014 lucemobsourea,
795 4954 877 5018 qnae
902 4945 936 5002 te
963 4938 1165 5021 subterfugia
1216 4936 1418 5004 diabolicum.
1474 4938 1581 5003 Maior
1618 4938 1718 5004 etiam
1756 4939 1924 5006 insulsitas
1960 4942 1996 5004 in
2033 4961 2072 5005 eo
2102 4939 2186 5023 quod
2240 4948 2335 5021 h}

1215 5024 1363 5106 proxime
1384 5025 1546 5106 sequitur:
1580 5021 1618 5089 Si
1639 5024 1800 5090 mediator
1821 5025 1883 5090 fnit
1907 5034 2069 5108 quatenus
2090 5026 2184 5103 tilius,
2224 5057 2317 5118 2⁸,

265 5121 294 5186 1)
313 5131 387 5179 ceste
406 5123 484 5179 fierit
502 5122 535 5180 de
553 5123 704 5194 gendame.
1216 5107 1325 5175 Deum
1336 5108 1441 5175 Israel
1458 5130 1529 5176 esee
1547 5110 1617 5176 eius
1627 5119 1757 5193 patrem
1771 5111 1842 5177 siue
1853 5132 2012 5195 personae
2028 5121 2182 5197 respectu
2205 5143 2303 5189 „4
