4776 5844
275 284 312 345 91
1039 272 1257 342 SECUNDA
1278 270 1515 340 DEFENSIO
2238 280 2280 343 92

273 472 354 532 tent.
389 466 445 532 Au
456 486 520 529 non
533 460 595 532 hoo
606 470 656 530 est
664 465 785 547 'spiritu
798 484 857 530 suo
869 463 1040 530 (lhristum
1052 463 1199 546 spoliare,
1213 468 1251 527 ιιι
1301 459 1420 612 quibus
1442 482 1478 526 se
1499 460 1670 526 Imtherus
1691 469 1724 526 et
1754 462 1878 528 similes
1898 470 1990 529 tanto
2012 463 2122 531 studio
2143 471 2281 531 eonten-

273 552 435 630 exanimis
453 549 636 614 infidelium
658 549 781 631 praeda
801 549 882 614 fiat?
916 549 1029 615 Sentit
1049 557 1159 614 antem
1181 570 1250 613 me-
1325 567 1380 613 ere
1402 545 1595 624 ostendunt,
1624 548 1702 630 quia
1721 554 1927 613 sacramenta
1952 549 1988 614 in
2010 550 2152 622 nihilum
2175 549 2280 636 redigi

272 635 325 700 dio
347 637 383 699 iu
406 643 481 700 aetu
500 656 536 699 se
559 635 705 701 defluere.
756 635 871 718 Itaque
894 634 1095 718 eomplioatis
1116 634 1248 709 aulaeis,
1302 652 1368 698 nou
1391 633 1589 709 sustineant,
1617 636 1691 711 [pag.
1713 636 1786 711 107]
1814 643 1852 698 ιιι
1880 634 1962 700 nihil
1992 635 2206 701 atheatriois
2226 636 2281 702 vel

270 720 410 786 leetores
441 720 481 784 ad
511 720 609 785 aliam
638 720 782 786 fabulam
813 721 934 798 reiioit,
966 719 1112 785 libellum
1140 720 1250 784 neseio
1302 720 1447 802 profanis
1470 719 1585 802 figuris
1613 717 1776 786 differant
1828 720 1913 790 Meis
1936 730 2045 786 autem
2069 720 2179 786 verbis
2201 721 2282 805 quid

271 827 366 888 quem
392 807 598 888 promittens:
623 807 678 871 ubi
697 821 794 888 quam
807 828 842 870 se
865 805 980 871 dextre
1002 804 1154 888 expediat
1175 825 1249 871 ues-
1302 807 1435 869 iuvatur
1456 802 1694 886 Westphalus?
1728 803 1848 886 quibus
1875 826 1943 870 nou
1966 807 2024 872 abs
2045 827 2082 871 re
2103 807 2281 890 praefatio-

179 908 182 913 '
271 893 330 970 oio,
353 912 414 957 nee
434 912 552 966 moror.
597 892 663 957 Hie
684 890 817 976 quidem
838 912 939 974 quum
957 892 1097 974 turpiter
1119 899 1249 974 tergum
1302 910 1380 955 nem
1403 888 1567 974 appinxit,
1597 895 1636 953 ut
1663 888 1727 955 hoe
1753 890 1848 972 quasi
1871 891 1935 956 veli
1958 892 2094 957 obtentu
2116 892 2282 958 fallatiam

272 978 438 1055 obvertat,
470 979 680 1060 responsione
702 977 834 1042 destitui
856 996 971 1042 omnes
993 976 1114 1040 vident.
1158 976 1251 1041 Alios
1303 997 1396 1041 suam
1425 980 1560 1059 tegeret.
1615 973 2089 1060 DixeramOeoolampadinm
2117 985 2152 1042 et
2180 978 2283 1043 Zvin·

272 1061 391 1128 deinde
412 1064 573 1136 transitus
594 1062 681 1141 fauit,
710 1065 777 1126 iam
803 1083 875 1127 esse
897 1064 1122 1139 manifestum,
1153 1081 1249 1143 quam
1303 1061 1406 1145 glium
1428 1060 1608 1126 iustissima
1629 1059 1762 1143 quidem
1783 1079 1881 1126 eausa
1900 1063 2002 1128 fuisse
2023 1062 2192 1140 addentes,
2215 1063 2282 1128 imo

271 1149 354 1213 mihi
376 1147 512 1232 pulohre
534 1150 709 1214 eonveniat
730 1152 804 1213 eum
815 1150 1012 1231 Augustana
1033 1148 1250 1212 eonfessione:
1302 1154 1431 1212 ooaetos
1454 1147 1548 1230 gravi
1570 1145 1779 1223 nenessitate,
1808 1157 1847 1211 ut
1874 1168 2021 1213 erassum
2044 1168 2203 1227 errorem,
2225 1151 2281 1231 qui

271 1232 389 1299 deiude
411 1254 510 1316 quam
532 1232 649 1299 eallide
676 1234 918 1298 coutroversiae
940 1253 1072 1315 seopum
1101 1241 1251 1314 transpo-
1301 1230 1429 1315 pridem
1459 1231 1656 1308 inoleverat,
1685 1253 1760 1297 oum
1782 1232 1883 1315 impia
1915 1232 2100 1298 idololatria
2122 1235 2282 1300 somnne·

270 1340 358 1397 nam,
382 1319 461 1383 dum
484 1327 651 1384 eertamen
679 1339 744 1384 non
773 1320 837 1383 alla
858 1318 899 1383 de
921 1340 957 1383 re
978 1319 1128 1383 liuthero
1149 1318 1249 1383 fuisse
1302 1327 1374 1382 tum
1398 1318 1594 1383 refutarent:
1628 1316 1684 1381 sed
1713 1314 1792 1381 dum
1822 1317 1864 1382 ad
1893 1319 1953 1384 hoo
1980 1340 2083 1384 uuum
2112 1319 2281 1404 agendum

270 1405 403 1482 simulo,
433 1406 498 1468 nisi
521 1413 560 1468 ut
588 1404 773 1475 ostenderet
799 1423 893 1469 saera
921 1405 1017 1487 signa
1038 1412 1072 1468 et
1090 1402 1249 1487 divinitus
1303 1403 1524 1479 suntintenti‚
1548 1409 1675 1485 partem
1688 1401 1836 1483 alteram,
1859 1405 2281 1471 utinoonoertationefieri

271 1489 422 1556 ordinata
441 1510 511 1553 ιιοιι
532 1510 654 1555 vaouas
682 1510 753 1555 esse
775 1491 973 1555 neeiuanes
995 1491 1139 1573 figuras·
1174 1494 1261 1566 [pag.
1302 1488 1393 1566 solet,
1417 1488 1574 1554 omisisse.
1607 1487 1735 1552 Loeum
1759 1487 1848 1555 hune
1870 1491 1938 1554 suis
1958 1490 2281 1558 oarbouibusWest·

151 1649 155 1653 ,
274 1580 349 1654 105]
371 1573 425 1639 De
447 1576 554 1657 priore
576 1575 719 1640 breviter
741 1583 853 1659 repeto
876 1574 1050 1658 quodiam
1073 1573 1175 1638 semel
1197 1581 1249 1638 at
1302 1573 1421 1657 phalus
1443 1572 1602 1657 denigrat,
1625 1593 1662 1638 ae
1684 1572 1714 1637 si
1735 1571 1874 1639 dixerim
1891 1575 2104 1641 eontendisse
2127 1577 2217 1658 ipsos
2240 1575 2281 1641 de

288 1662 294 1675 ‘
323 1662 386 1726 ’sse
409 1660 488 1725 satis
511 1669 597 1737 erat,
626 1661 669 1724 ιιι
682 1661 894 1738 eonfessioue,
918 1660 1023 1742 qualis
1046 1658 1248 1724 Ratisbonae
1301 1660 1414 1725 vaouis
1431 1659 1597 1744 symbolis,
1619 1678 1681 1722 neo
1702 1661 1862 1742 eogitasse
1885 1662 2055 1726 veritatem
2079 1681 2155 1726 eum
2176 1663 2281 1746 signis

316 1747 360 1811 'ta
381 1747 456 1823 fuit,
484 1745 674 1825 verbulum,
689 1766 755 1811 nou
778 1753 907 1811 exstare
930 1744 1095 1819 doetrinae
1117 1749 1249 1809 nostrae
1300 1746 1403 1810 fuisse
1421 1745 1636 1811 eoniunetam.
1680 1743 1772 1811 Haeo
1790 1745 1874 1810 ratio
1896 1755 1947 1811 est
1967 1768 2028 1813 eur
2048 1747 2183 1812 veniam
2205 1768 2281 1830 pos·

270 1832 482 1898 eontrarium.
541 1830 666 1913 Siqua
692 1833 727 1895 iu
756 1853 854 1898 sensu
887 1830 1084 1915 ambiguitas
1116 1828 1248 1907 ineidat,
1300 1830 1395 1908 tulet,
1419 1831 1447 1896 si
1469 1851 1541 1917 meo
1562 1836 1677 1894 eontra
1699 1850 1751 1893 me
1768 1832 1955 1897 testimonio
1973 1833 2087 1897 utitur.
2121 1832 2223 1913 Quod
2241 1833 2281 1901 de

271 1917 402 1982 nullum
423 1917 529 2000 magis
550 1915 705 1981 idoneum
728 1938 799 1982 esse
821 1918 1046 1999 interpretem,
1070 1936 1167 1998 quam
1191 1936 1247 1978 au-
1300 1915 1449 1988 Luthero
1460 1924 1633 1998 tantopere
1653 1925 1758 1998 urget,
1776 1917 1928 1982 omnibus
1949 1918 2005 2000 qui
2026 1918 2280 1985 substantialem

199 2040 201 2043 ·
270 2012 376 2069 torem
398 2003 521 2084 ipsum:
550 2002 602 2066 eui
626 2004 724 2067 etiam
752 2001 785 2066 id
814 2002 949 2066 honoris
970 2023 1030 2085 pro
1052 2021 1110 2066 suo
1132 2000 1249 2064 merito
1300 2003 1409 2067 earnis
1430 2000 1556 2067 Christi
1576 2003 1798 2082 praesentiam
1818 2004 1853 2066 iu
1882 2024 1982 2069 eoeua
2010 2005 2178 2088 negabant
2203 2025 2279 2087 per·
2292 2054 2308 2062 -

219 2096 223 2103 '
270 2088 364 2155 faoile
385 2087 432 2170 pii
454 2107 568 2152 omnes
588 2096 622 2152 et
643 2086 765 2152 eruditi
785 2086 942 2152 deferent.
974 2087 1026 2151 Ad
1048 2108 1126 2151 eum
1148 2087 1175 2150 si
1196 2087 1248 2150 iu·
1300 2107 1403 2169 aeque
1433 2087 1561 2151 hostem
1581 2086 1690 2163 fuisse,
1717 2088 1752 2152 iu
1775 2086 1882 2152 medio
1904 2088 2061 2172 relinquo.
2105 2088 2278 2169 Quantum

271 2173 397 2257 trepide
418 2192 568 2258 provoeo,
591 2171 671 2255 qnid
692 2182 842 2255 superest
863 2173 928 2238 nisi
950 2180 988 2237 ut
1010 2170 1125 2255 putida
1145 2173 1250 2236 iaeeat
1301 2172 1390 2236 euim
1417 2174 1487 2237 eins
1509 2171 1651 2236 hominis
1670 2171 1869 2253 praeiudicio
1896 2195 1950 2238 me
1978 2175 2144 2258 gravabit,
2180 2197 2278 2258 quem

257 2259 461 2343 -Weatphali
483 2257 684 2342 garrulitas?
730 2257 783 2323 De
805 2257 947 2324 seeundo
960 2259 1091 2339 ¹iterum
1113 2277 1248 2339 respon·
1300 2267 1424 2322 norunt
1445 2277 1558 2322 omues
1579 2256 1616 2319 in
1639 2257 1701 2322 hae
1726 2278 1825 2323 eausa
1847 2257 1974 2342 agenda
1994 2258 2069 2343 plus
2092 2282 2196 2342 aequo
2219 2281 2277 2327 ex·

270 2345 345 2424 deo,
374 2346 402 2408 si
425 2342 504 2427 quid
527 2343 616 2408 aliud
637 2342 742 2426 pluris
764 2343 913 2409 Luthero
935 2344 1006 2421 fuit,
1034 2363 1134 2426 quam
1162 2341 1246 2424 quod
1299 2342 1495 2410 studuisse?
1545 2341 1745 2424 Quanquam
1766 2345 1921 2427 privatim
1944 2366 1996 2410 me
2018 2344 2100 2411 adeo
2122 2346 2184 2412 sibi
2207 2355 2334 2413 esse‘

270 2431 301 2495 ei
323 2431 468 2495 maxime
495 2430 700 2512 propositum
729 2430 829 2494 fuisse
852 2427 937 2506 dixi,
967 2431 1023 2494 vix
1051 2428 1250 2511 aprobrosa
1300 2429 1428 2494 hostem
1448 2429 1561 2507 noluit,
1581 2436 1620 2492 ut
1635 2447 1728 2495 meae
1749 2431 1933 2495 sententiae
1948 2452 2015 2495 non
2032 2431 2178 2515 gnarus,
2202 2454 2279 2516 pro-

270 2525 351 2579 nota
371 2535 465 2597 posse
489 2535 565 2578 eum
588 2515 731 2598 purgari.
776 2514 867 2579 Nihil
890 2515 1094 2597 frequentius
1123 2516 1159 2577 ιιι
1181 2515 1249 2578 suis
1299 2515 1373 2597 pria
1395 2523 1506 2579 tamen
1533 2535 1635 2578 mann
1665 2521 1821 2597 gravatus
1851 2537 1917 2580 uon
1946 2517 1990 2581 sit
2011 2525 2204 2582 reverenter
2223 2539 2278 2582 me

270 2600 402 2683 seriptis
424 2600 576 2665 omnibus
597 2599 756 2685 iuouleat,
775 2620 874 2683 quam
896 2621 931 2665 se
952 2621 1013 2683 pro
1035 2600 1249 2665 sacramentis
1300 2600 1452 2664 salutare.
1468 2601 1490 2681 ¹)
1535 2599 1622 2663 Nam
1641 2618 1695 2665 me
1712 2600 1901 2683 Westphali
1923 2602 2116 2683 improbitas
2138 2602 2204 2668 hue
2223 2625 2279 2670 ιιι-

260 2680 433 2769 pugnare,
461 2704 504 2749 ne
534 2685 652 2750 affeetu
682 2706 741 2750 suo
764 2684 888 2751 nudata
910 2684 1050 2770 frigidae
1072 2693 1106 2750 et
1133 2685 1248 2750 inanes
1299 2706 1362 2768 que
1384 2685 1525 2770 ineptire
1546 2685 1641 2768 oogit,
1665 2692 1704 2750 ut
1724 2685 1862 2752 verbum
1885 2708 1948 2769 quo
1969 2687 2025 2751 ille
2046 2708 2126 2753 usus
2148 2696 2208 2768 est,
2227 2711 2280 2756 re·

198 2815 201 2819 =
269 2773 396 2854 figurae
424 2778 589 2835 maneant.
639 2770 756 2853 Itaque
783 2771 918 2855 spiritus
940 2771 1117 2837 effieaoiam
1139 2778 1247 2835 exter·
1299 2773 1411 2836 feram.
1457 2775 1532 2850 [pag.
1558 2775 1632 2849 1⁴08]
1655 2770 1744 2851 Quia
1771 2793 1850 2837 vero
1872 2772 2000 2839 salvum
2022 2774 2094 2838 eius
2117 2773 2279 2840 honorem

269 2858 322 2922 nis
359 2857 491 2940 organis
525 2857 733 2922 eoniunetam
772 2876 844 2922 esse
876 2873 1007 2922 summa
1038 2857 1248 2922 vehementia
1299 2857 1406 2938 eupio,
1429 2857 1551 2921 malam
1574 2856 1643 2921 eius
1668 2856 1767 2921 fidem
1783 2857 2013 2940 aWestphalo
2033 2859 2280 2927 ineensiderate

269 2941 391 3024 ubique
412 2941 588 3006 eonteudit.
622 2940 660 3006 Si
678 2941 769 3007 aliud
790 2942 957 3007 simulavit
973 2963 1072 3025 quam
1095 2963 1147 3007 res
1166 2948 1246 3018 erat,
1300 2941 1430 3007 tradnoi
1452 2941 1534 3007 mihi
1558 2949 1647 3008 eerte
1669 2941 1765 3008 dolet.
1811 2942 1924 3023 Quum
1946 2944 2120 3027 Marpnrgi
2143 2944 2281 3012 dimidia

268 3033 397 3093 tautum
420 3033 458 3091 ut
479 3028 548 3094 suis
570 3026 765 3094 adversariis
778 3027 888 3093 odium
912 3030 1077 3105 eouflaret,
1101 3028 1153 3093 eui
1171 3046 1247 3108 pro·
1298 3028 1480 3093 conciliatio
1507 3028 1595 3093 faeta
1621 3035 1722 3107 esset,
1756 3027 1798 3092 ab
1830 3050 1869 3093 eo
1896 3037 2061 3094 eonventn
2092 3028 2126 3092 di
2225 3053 2282 3098 um

268 3112 402 3180 habitur
423 3113 534 3178 fueata
555 3113 619 3195 ista
640 3113 847 3179 eriminatio?
898 3115 968 3179 Nee
990 3133 1068 3178 vero
1091 3113 1247 3194 simpliei—
1299 3114 1442 3178 affirmat
1473 3112 1587 3178 eodem
1619 3134 1683 3195 quo
1713 3122 1790 3179 ante
1822 3114 1893 3181 loeo
1921 3113 2120 3199 Oeeolampa
2146 3118 2215 3181 ‘um
2248 3125 2294 3183 et

267 3205 320 3264 ter
347 3199 467 3283 negavi
499 3197 587 3262 ultra
614 3200 682 3263 suis
709 3198 900 3286 hyperbolis
928 3204 1245 3283 progressnmesse.
1299 3199 1490 3282 Zvinglium
1502 3198 1664 3274 habuisse,
1683 3199 1842 3282 quosillio
1859 3202 2000 3265 fratrum
2021 3200 2090 3266 loeo
2108 3202 2292 3286 sibipost-

269 3283 338 3350 Sed
366 3304 425 3349 our
454 3292 523 3348 tam
556 3285 675 3349 aeriter
703 3305 836 3350 eausam
863 3283 949 3350 haue
983 3284 1172 3368 agitaverit,
1205 3304 1246 3348 ex
1299 3285 1360 3350 hae
1382 3285 1451 3348 fore
1473 3292 1585 3349 saneta
1607 3284 1771 3367 pollieitus
1789 3286 1904 3350 fuerat
1938 3286 2025 3350 Nam
2046 3306 2149 3367 quum
2172 3290 2292 3355 utrin-

269 3373 341 3436 eius
363 3370 473 3435 verbis
494 3368 636 3434 fideliter
648 3371 799 3436 retulisse
821 3368 949 3434 videor:
973 3391 1037 3453 quo
1059 3371 1169 3434 minus
1190 3391 1246 3435 ve-
1298 3391 1361 3452 que
1383 3371 1577 3452 interposita
1599 3379 1686 3435 esset
1712 3370 1901 3452 stipulatio,
1925 3378 1963 3435 ut
1983 3391 2098 3455 paoem
2121 3372 2213 3438 ultro
2235 3376 2294 3441 oi-

134 3467 142 3476 ‘
213 3461 215 3467 '
268 3458 343 3521 nias
369 3454 589 3538 Westphalus
621 3462 767 3520 meretur
800 3459 874 3534 [pag.
900 3459 974 3534 106]
1006 3456 1061 3538 qui
1094 3455 1247 3538 discipuli
1299 3464 1415 3538 troque
1437 3455 1590 3531 solerent,
1608 3456 1864 3521 velLutherum
1877 3457 2069 3522 tunefuisse
2086 3458 2292 3543 mitigatum

267 3542 364 3606 titulo
386 3561 422 3606 se
444 3539 620 3606 venditans
641 3562 708 3605 nou
730 3552 835 3623 parva
856 3539 1021 3605 duetorem
1044 3556 1140 3606 suum
1170 3561 1247 3607 oon·
1299 3548 1436 3622 oportet,
1463 3540 1516 3605 vel
1538 3562 1604 3605 non
1628 3542 1754 3606 sineere
1776 3549 1908 3625 paetum
1930 3563 2002 3607 esse
2021 3548 2156 3624 praeter
2177 3546 2289 3611 animi

170 3699 179 3709 ¹
267 3627 405 3691 tumelia
427 3627 536 3692 affieit.
588 3625 677 3706 Quin
701 3626 741 3690 de
764 3626 970 3692 substantiali
993 3627 1247 3692 manducatione
1299 3626 1507 3702 sententiam,
1529 3625 1616 3708 quod
1637 3628 1672 3691 in
1696 3634 1769 3692 aeta
1788 3628 1920 3712 publiea
1941 3628 2084 3693 relatum
2105 3628 2180 3694 fuit.

77 3732 80 3736 ⁸
196 3777 198 3780 ,
268 3732 289 3775 a
310 3712 403 3777 uobis
426 3710 628 3788 dissenserit,
652 3720 749 3795 atque
764 3712 871 3776 'etiam
892 3713 1109 3776 oonmutionis
1132 3710 1246 3776 ardore
1385 3711 1457 3776 Iam
1485 3713 1577 3794 quasi
1606 3713 1687 3776 meis
1713 3714 1910 3778 testimoniis
1931 3703 2151 3795 We'stphalus
2179 3714 2285 3801 adep-

267 3796 358 3884 ultra
385 3798 490 3863 iustae
517 3796 751 3863 moderationis
786 3804 891 3860 metas
919 3804 1053 3862 eventus
1087 3797 1246 3880 quaedam
1299 3806 1353 3861 tus
1376 3796 1420 3862 sit
1441 3795 1526 3879 quod
1547 3796 1679 3862 volebat
1711 3797 1773 3884 (sie
1795 3800 1881 3864 enim
1901 3799 2074 3882 gloriatur)
2096 3793 2215 3881 plnres
2238 3825 2278 3868 ex

267 3881 450 3964 protulerit,
473 3885 628 3965 aquibus
642 3882 807 3960 dissentio,
831 3903 952 3966 negare
974 3882 1055 3946 mihi
1079 3884 1114 3946 in
1137 3884 1247 3947 animo
1299 3881 1437 3947 diversis
1463 3882 1608 3965 Zvinglii
1641 3884 1772 3966 seriptis
1803 3884 1889 3949 looos
1921 3884 2053 3950 reoitat:
2086 3904 2129 3950 ex
2159 3888 2278 3968 quibus

193 4039 196 4044 .
268 3987 440 4049 uunquam
462 3967 532 4031 fuit.
567 3970 613 4032 Et
634 3989 790 4050 quorsum
813 3987 883 4031 rem
905 3987 926 4029 a
947 3989 1000 4031 me
1022 3967 1124 4033 libere
1146 3976 1252 4033 testa-¹
1299 3966 1432 4031 demum
1454 3967 1587 4051 eolligit,
1615 3969 1643 4034 si
1666 3970 1816 4034 doetrina
1836 3977 1949 4035 nostra
1969 3968 2125 4049 obtineat,
2150 3990 2278 4038 sauram

268 4058 336 4116 tam
356 4072 478 4134 negare
500 4052 640 4117 vellem?
690 4055 835 4119 (lantum
864 4050 904 4118 de
933 4054 1107 4137 praeeipuo
1135 4052 1246 4135 dispu-
1299 4073 1433 4118 ooenam
1455 4053 1626 4119 exinaniri.
1670 4055 1847 4120 Praefatur
1867 4063 1978 4119 autem
2000 4057 2038 4119 ιιι
2059 4055 2094 4119 in
2116 4076 2175 4122 ore
2198 4055 2303 4123 due'

268 4137 402 4202 tationis
423 4144 514 4201 statu
537 4139 654 4221 agitur,
677 4159 774 4221 quem
797 4139 1016 4220 Westphulns
1038 4140 1072 4202 in
1095 4138 1247 4203 substan·
1298 4159 1373 4202 rum
1395 4139 1529 4203 testium
1550 4158 1648 4205 eausa
1676 4142 1848 4219 eonsistat,
1877 4161 1953 4205 eum
1981 4161 2017 4205 se
2045 4141 2128 4205 mihi
2157 4141 2278 4209 addere

79 4260 81 4264 ,
170 4305 174 4310 .
268 4222 339 4288 tiali
360 4223 546 4303 praesentia
568 4225 692 4303 statuit,
715 4233 754 4288 ut
770 4225 852 4289 haee
863 4244 967 4306 parva
984 4232 1115 4288 tantum
1138 4244 1247 4290 aeees-
1294 4225 1435 4300 sosium,
1472 4224 1526 4306 qui
1565 4227 1755 4308 neutiquam
1788 4228 1831 4291 sit
1864 4225 2100 4309 aspernandus.
2159 4225 2277 4308 Quan-

267 4310 316 4374 sio
336 4309 389 4384 sit,
408 4315 612 4372 sacramenta
631 4330 698 4374 nou
720 4311 835 4374 inanes
852 4312 923 4374 esse
937 4311 1070 4394 figuras,
1093 4308 1151 4374 sed
1169 4331 1248 4375 vera
1299 4330 1399 4391 qnam
1427 4317 1539 4373 autem
1566 4310 1656 4375 insta
1682 4332 1743 4377 nee
1772 4310 1913 4376 diffieilis
1942 4318 2029 4377 esset
2050 4312 2200 4396 Zvinglii
2224 4314 2278 4387 de-

149 4440 150 4444 =
267 4392 451 4477 spiritualis
476 4393 603 4476 gratiae
631 4395 784 4478 pignora,
814 4395 954 4478 vivaque
983 4396 1119 4478 spiritus
1142 4396 1247 4460 sanati
1297 4395 1411 4472 fensio,
1434 4394 1589 4460 monendi
1602 4405 1802 4462 tamensnnt
1822 4397 1970 4475 lautores,
1993 4417 2091 4479 quam
2111 4398 2280 4466 malitiose

165 4504 170 4512 ·
203 4507 206 4513 ·
267 4499 406 4564 organa,
436 4498 520 4560 quae
541 4478 626 4542 nihil
650 4479 751 4546 oeulis
773 4481 933 4557 offerunt,
959 4480 1046 4562 quod
1070 4499 1134 4544 non
1158 4481 1247 4546 intus
1297 4479 1333 4543 in
1356 4480 1443 4544 hano
1465 4500 1601 4545 arenam
1622 4480 1806 4563 producere
1823 4503 1876 4547 me
1898 4489 2012 4547 tentet
2044 4482 2183 4549 Publius
2202 4490 2279 4551 aute

233 4564 236 4569 ’
267 4565 444 4631 effieaoiter
464 4565 557 4628 Deus
579 4573 731 4647 praestet.
776 4565 870 4631 Idem
892 4566 1017 4630 frustra
1036 4565 1173 4647 probare
1195 4565 1247 4629 ni-
1619 4572 1623 4579 '

267 4653 350 4716 titur
372 4649 617 4733 Oeeolampadii
636 4650 755 4716 verbis.
789 4648 978 4719 Prudenter
999 4649 1131 4732 quidem
1152 4669 1247 4715 sano·

135 4823 140 4830 ,
267 4744 321 4802 tus
343 4736 399 4801 ille
420 4729 474 4836 tir
496 4743 530 4801 et
551 4743 626 4820 apte
648 4755 725 4800 ⁸⁰0⁵
747 4735 953 4835 adversarios
974 4736 1122 4834 urebat,
1145 4757 1247 4836 <11¹J1131
1368 4766 1398 4829 ιι
1417 4769 1526 4826 azima
1546 4769 1584 4824 aa
1606 4771 1748 4838 spamam
1768 4769 1885 4825 ιιιιιιι
1906 4774 1981 4826 anno
2000 4769 2068 4825 nso
2086 4772 2126 4826 aa
2139 4771 2282 4829 ama

266 4841 386 4905 punem
401 4843 540 4906 slgnum
562 4842 635 4887 esse
654 4840 799 4904 eorporis
820 4839 885 4885 non
908 4820 1138 4899 admrtterent,
1161 4821 1244 4886 mhrl
1297 4837 1410 4891 ιιιιιιαιιι
1427 4839 1642 4909 Arqeatoralam
1660 4840 1709 4893 abi
1725 4844 1783 4892 tum
1800 4841 1929 4908 temporis
1941 4838 2071 4895 &doinus
2089 4840 2212 4962 degebat
2243 4842 2282 4898 Ιιι
2304 4856 2309 4864 ·

266 4907 365 4973 alind
384 4916 523 4986 restare,
557 4908 620 4973 uisi
650 4913 688 4971 ut
713 4905 975 4971 substantialiter
1003 4925 1121 4990 eorpus
1149 4915 1245 4985 esset,
1298 4921 1332 4960 ω
1354 4921 1449 4961 vm
1469 4909 1553 4975 fam
1574 4908 1615 4960 ’ὼ
1636 4908 1745 4962 smbu:
1779 4907 1853 4962 Bene
1881 4909 1942 4963 vals
1971 4916 2000 4963 et
2027 4909 2160 4964 anstais
2182 4911 2218 4964 l).
2240 4911 2282 4967 lo.

266 5012 332 5076 quo
352 4993 476 5059 seilieet
501 4994 632 5059 ineusso
654 4999 766 5057 tantae
788 4989 999 5058 absurditatis
1026 4992 1176 5072 horrore,
1206 4992 1248 5057 ad
1299 4974 1445 5096 &Pullum
1462 4984 1491 5031 “i
1503 4977 1542 5031 1⁰·
1553 4975 1692 5057 ⁰³¹Yi⁰¹¹¹l
1709 4984 1873 5058 reverenter,
1892 4993 2005 5048 quorum
2021 4977 2130 5032 libellos
2146 4994 2209 5033 oum
2226 4982 2281 5037 sits

266 5078 432 5142 saniorem
454 5079 653 5146 seutentiam
670 5098 726 5143 eos
748 5075 933 5143 addueeret.
978 5076 1046 5144 Sed
1069 5077 1248 5143 admonitio
1346 5058 1421 5165 ⁸0¹2„ss
1422 5044 1545 5168 2231}ssss
1561 5044 1639 5182 ¹4⁰&
1656 5043 2282 5187 Kffimwffl·m⁶ssmsssslgiogffi

167 5196 170 5205 ·
267 5160 551 5230 haeototills'sao
569 5172 638 5230 tam
658 5164 762 5230 serias
784 5165 1037 5230 mntestationes
1058 5184 1127 5228 uon
1150 5163 1246 5243 delet,
1301 5177 1456 5235 taddeam
1469 5183 1562 5251 suase
1579 5182 1760 5260 ιιιριιαιιιιι,
