4590 5858
218 236 278 300 tot
1029 225 1389 308 CONFESSIONES.
2074 278 2077 283 ¹
2147 233 2213 296 708

217 419 303 502 quod
326 419 470 486 heminis
487 430 538 486 est
548 418 706 495 tribuunt,
730 438 843 483 aarum
865 416 1187 484 tamenconiunctio-
1239 416 1348 483 bimus
1368 416 1440 500 ipsi,
1463 425 1497 482 et
1513 416 1593 481 alios
1610 415 1796 483 docebimus
1818 438 1861 484 ne
1882 419 2105 500 superstitiose
2123 421 2215 492 relu-

217 526 294 573 nem
315 526 398 588 quae
418 506 454 570 in
476 505 609 571 Christo
637 503 749 570 subest
776 512 869 571 tanta
894 503 1051 587 religione
1078 503 1187 586 expri·
1239 502 1339 589 giant.
1398 500 1436 568 Si
1469 504 1542 586 quis
1570 510 1680 568 autem
1705 511 1914 589 praepostera
1926 507 1951 582 ¹)
1980 504 2140 589 religione
2161 516 2214 572 te-

216 597 321 669 munt,
346 598 382 655 ut
404 613 458 656 eas
486 588 677 674 quandoque
699 591 785 654 inter
806 609 842 654 se
863 590 1116 654 communicent:
1150 597 1188 652 ut
1239 598 1370 667 neatur,
1406 589 1579 671 quominus
1608 609 1663 655 eas
1698 611 1857 673 usurpare
1896 588 2036 656 libenter
2044 594 2073 675 ¹)
2114 593 2213 671 ausit,

216 697 318 758 quum
335 678 495 760 sanguine
506 674 570 741 Dei
583 676 774 758 acquisitam
785 675 954 742 ecclesiam
967 675 1053 758 (Act.
1066 677 1117 753 20,
1130 677 1185 748 28)
1238 695 1425 757 quanquam
1448 672 1607 739 eiusmodi
1636 675 1902 758 superstitionem
1931 677 2023 742 nobis
2044 697 2113 742 nen
2135 699 2213 762 pro-

217 771 250 828 et
282 761 388 827 filium
419 762 562 827 hominis
589 763 624 825 in
656 761 745 827 coelo
778 761 878 826 fuisse
913 759 1026 826 dicunt
1055 760 1184 843 (Ioann.
1239 760 1309 824 bari
1339 767 1513 838 testamur,
1541 760 1594 825 cui
1618 760 1828 845 corrigendae
1856 761 1991 827 nonsit
2019 761 2214 829 defuturum

219 849 327 928 3,13),
345 868 409 931 quo
431 855 576 930 tempore
596 846 703 912 adhuc
724 847 760 911 in
782 847 879 912 terris
902 847 1020 934 agebat
1037 846 1185 929 (quitre
1238 854 1388 911 nostrum
1416 845 1577 911 studium:
1615 845 1691 929 quia
1723 855 1834 912 tamen
1862 868 1928 912 non
1955 845 2087 913 videtur
2116 850 2213 916 nobis

217 955 279 1018 pus
303 934 467 999 veteribus
495 931 665 1012 ἰδιωμάτων
686 941 824 995 κοινωνία
848 931 955 998 dictus
977 933 1042 1017 est)
1071 952 1186 998 verum
1238 931 1320 996 haec
1342 931 1422 997 satis
1445 933 1541 996 firma
1569 951 1681 1011 causa,
1710 953 1770 997 cur
1796 934 1848 1000 vir
1875 933 1995 1016 alioqui
2022 935 2096 1017 pius
2119 935 2213 1000 etin

218 1019 362 1084 omnium
403 1019 583 1084 clarissime
623 1038 736 1083 veram
771 1018 897 1084 Christi
929 1017 1146 1083 substantiam
1162 1016 1186 1102 ¹)
1239 1017 1376 1082 eandem
1397 1017 1589 1102 religionem
1601 1018 1694 1083 nobis
1716 1039 1814 1084 sensu
1835 1020 2041 1085 consentiens
2059 1020 2212 1104 repudie-

218 1115 374 1170 enarrant
394 1104 442 1169 illi
459 1105 532 1181 loci,
550 1103 606 1188 qui
626 1104 723 1169 simul
741 1113 913 1188 utramque
925 1112 1079 1168 naturam
1099 1122 1187 1168 ccm-
1239 1111 1304 1182 tur,
1327 1104 1396 1168 eius
1418 1103 1615 1186 imperitiam
1642 1104 1704 1169 hac
1730 1105 1765 1168 in
1786 1113 1878 1187 parte
1900 1113 2035 1170 eatenus
2056 1107 2211 1186 feremus,

218 1190 421 1274 plectuntur,
454 1190 568 1272 quales
605 1191 637 1254 in
677 1190 846 1274 evangelio
879 1190 1013 1255 Ioannis
1055 1197 1187 1254 exstant
1238 1209 1280 1253 ne
1303 1187 1491 1255 abiiciamus
1513 1190 1619 1272 ipsum
1638 1190 1678 1256 ab
1700 1189 1843 1270 eeclesia,
1867 1196 1924 1256 aut
1946 1198 2102 1274 tanquam
2124 1192 2211 1259 male

217 1276 457 1360 quamplurimi.
467 1278 495 1359 ²)
529 1275 700 1341 Christum
722 1297 799 1360 ergo
821 1296 936 1341 verum
948 1274 1058 1341 Deum
1076 1281 1108 1339 et
1128 1295 1186 1339 ve·
1239 1275 1432 1340 sentientem
1452 1273 1491 1338 de
1509 1272 1573 1339 fide
1586 1283 1745 1341 notemus.
1776 1276 1890 1359 Neque
1911 1277 2044 1341 interim
2065 1277 2211 1363 maligne

218 1384 293 1428 rum
314 1361 482 1427 hominem
504 1362 568 1427 Dei
585 1361 691 1426 filium
713 1381 784 1427 esse
805 1362 990 1440 asserimus,
1014 1361 1112 1425 etiam
1135 1381 1186 1424 se·
1239 1361 1534 1443 interpretabimur,
1558 1361 1586 1425 si
1607 1361 1787 1427 Bernensis
1810 1362 1964 1429 ecclesiae
1985 1371 2132 1446 pastores
2155 1385 2210 1430 eos

217 1447 364 1514 cundum
385 1448 640 1525 humanitatem,
670 1447 732 1512 etsi
758 1468 826 1512 non
848 1447 975 1513 ratione
996 1446 1186 1511 humanita·
1238 1445 1280 1511 ad
1303 1444 1393 1512 verbi
1405 1446 1623 1510 ministerium
1645 1446 1818 1513 admittere
1834 1468 1900 1514 non
1912 1450 2106 1529 sustineant,
2130 1471 2210 1533 quos

217 1534 270 1599 tis.
314 1533 408 1597 Istud
435 1533 523 1597 enim
552 1541 586 1597 et
612 1533 782 1615 scripturis
805 1531 925 1598 diserte
946 1532 1185 1616 consignatum,
1238 1532 1458 1616 compererint
1479 1552 1574 1598 voces
1594 1534 1673 1600 istas
1693 1534 1870 1616 aspernari.

219 1625 252 1683 et
280 1621 400 1684 veteris
426 1617 579 1683 ecclesiae
612 1638 773 1683 consensu
806 1626 974 1701 receptum
1006 1628 1063 1684 est.
1117 1617 1186 1681 Eos

219 1705 419 1786 omnesqui
443 1703 573 1769 divinae
594 1705 629 1768 in
652 1703 786 1770 Christo
813 1705 994 1770 maiestatis
1015 1705 1185 1768 veritatem

219 1800 461 1866 antevertere,
490 1801 547 1854 aut
573 1789 767 1856 imminuere
795 1805 852 1855 aut
877 1791 1050 1855 obscurare
1077 1789 1186 1853 conati

220 1882 310 1952 sunt,
346 1887 384 1939 ut
412 1875 586 1959 sacrileges
620 1875 828 1940 detestamur.
884 1876 1097 1941 Marcionitas
1129 1875 1186 1956 qui
1453 1874 1517 1938 DE
1540 1873 1743 1940 oflelsro
1765 1873 1995 1957 IEHOVA.*)

220 1971 388 2045 spectrum
409 1961 457 2024 illi
479 1982 539 2044 pro
557 1962 955 2045 corporealfingebant:¹)
977 1960 1187 2028 Manichaeos

219 2050 299 2112 item
321 2049 377 2130 qui
399 2047 529 2112 coelesti
549 2068 647 2113 carne
668 2047 852 2129 praeditum
873 2048 1088 2123 somniabant,
1112 2066 1187 2128 pro·
1326 2043 1422 2126 Quod
1444 2044 1615 2111 Christum
1635 2067 1706 2112 esse
1723 2045 1848 2113 Iehova
1857 2048 1886 2130 ¹)
1909 2049 2094 2126 asserimus,
2118 2050 2209 2132 quia

219 2133 272 2198 cul
293 2133 467 2198 reiieimus.
516 2132 585 2197 Nec
615 2132 798 2215 Apollinari
820 2133 1032 2200 assentimur.
1061 2134 1117 2214 qui
1139 2131 1188 2194 di·
1240 2152 1276 2196 se
1298 2131 1367 2214 ipso
1388 2153 1516 2214 semper
1545 2133 1661 2198 habuit
1684 2142 1720 2197 ut
1747 2143 1846 2198 esset:
1877 2155 1916 2198 ea
1937 2135 2108 2216 particula,
2131 2155 2207 2218 quo

218 2217 354 2283 midiam
373 2218 587 2284 humanitatis
608 2228 733 2299 partem
755 2219 804 2282 illi
825 2218 1026 2283 detrahebat.
1071 2218 1186 2282 Nesto·
1240 2217 1329 2281 niam
1351 2216 1498 2281 nonnihil
1521 2217 2047 2302 obscuraquibusdam·visaest,
2071 2221 2208 2303 nequis

217 2305 258 2368 rii
281 2303 421 2386 denique
443 2324 587 2368 errorem
609 2302 817 2383 damnamus,
844 2307 900 2387 qui
922 2302 964 2368 ab
984 2303 1188 2369 humanitate
1240 2300 1434 2382 offendatur,
1457 2325 1520 2386 quo
1542 2326 1671 2369 sensus
1688 2302 1780 2368 nobis
1801 2305 1905 2386 posita
1925 2305 1971 2369 sit
1991 2305 2139 2372 breviter
2160 2307 2208 2370 in-

218 2389 423 2455 divinitatem
452 2386 639 2455 distrahens
666 2387 829 2472 duplicem
851 2388 1027 2455 Christum
1055 2390 1188 2454 commi·
1240 2386 1429 2453 dicabimus.
1474 2388 1585 2469 Quum
1608 2390 1647 2455 de
1669 2390 1794 2456 Christi
1822 2389 1992 2456 divinitate
2014 2413 2123 2457 sermo
2151 2399 2208 2470 est,

218 2474 412 2541 niseebatur.
1241 2495 1323 2556 quae
1346 2475 1410 2538 Dei
1432 2476 1564 2557 propria
1585 2482 1665 2541 sunt
1685 2477 1757 2539 iure
1779 2475 1877 2540 etiam
1885 2476 1914 2560 ⁴)
1936 2477 1985 2540 illi
2007 2476 2207 2555 deferuntur,

1241 2561 1316 2641 quia
1338 2568 1408 2624 tum
1430 2561 1464 2623 in
1488 2561 1585 2626 unius
1603 2560 1666 2627 Dei
1696 2561 1873 2626 essentiam
1899 2563 2086 2645 respicitur,
2117 2584 2207 2647 prce-

1241 2645 1338 2709 terita
1360 2644 1576 2711 distinctionis
1597 2648 1777 2725 mentione,
1801 2668 1883 2729 quae
1906 2657 1955 2713 est
1972 2649 2060 2713 inter
2081 2658 2208 2733 patrem

1241 2741 1275 2795 et
1295 2731 1409 2808 filium,
1429 2734 1630 2813 quaratiene
1648 2731 1768 2819 vera⁶)
1789 2732 1907 2798 dicitur
1917 2732 2089 2800 Christum
2100 2739 2128 2818 ¹¹)
2141 2755 2209 2800 esse

218 2802 282 2867 DE
311 2796 435 2865 VOOE
462 2796 723 2864 TRINITATJS
753 2799 812 2865 ΕΤ
839 2798 903 2865 ΒΕ
933 2798 1057 2866 VOCE
1080 2799 1189 2865 PER·
1240 2816 1351 2881 Deum
1379 2817 1511 2884 unicum
1539 2828 1572 2883 et
1598 2826 1769 2883 aeternum
1797 2838 1874 2884 ase
1902 2819 1972 2902 ipso
2006 2821 2207 2886 existentem.

596 2900 759 2969 SONAE.
773 2901 805 2983 *)
1241 2902 1355 2984 Neque
1393 2903 1471 2967 huic
1516 2905 1697 2973 sententiae
1735 2905 1824 2969 istud
1863 2905 1969 2970 obstat
2008 2905 2094 2989 quod
2133 2925 2208 2971 vere

710 2994 712 3001 ⁴
808 3049 811 3055 ,
1241 3008 1368 3070 quoque
1392 2989 1432 3054 ab
1459 2989 1684 3057 ecclesiasticis
1718 2989 1931 3072 scriptoribus
1958 3000 2010 3057 cst
2036 2992 2208 3057 traditum:

305 3073 470 3156 Quoniam
497 3093 593 3139 voces
621 3077 700 3140 istas
721 3074 893 3141 Trinitatis
920 3089 954 3140 et
975 3095 1189 3159 personarum
1241 3074 1389 3140 Verbum
1413 3097 1471 3139 sou
1493 3076 1599 3140 tilium
1623 3076 1684 3142 Dei
1712 3087 1846 3158 apatre
1869 3098 1948 3155 esse,
1971 3078 2071 3141 etiam
2095 3098 2210 3143 secun-

219 3162 398 3244 plurimum
424 3160 577 3225 ecclesiae
605 3159 729 3226 Christi
756 3159 962 3226 commodare
970 3164 1000 3246 ⁴)
1032 3161 1189 3244 intelligi·
1242 3160 1318 3225 dum
1340 3170 1507 3225 aeternam
1530 3183 1623 3227 suam
1645 3163 1830 3227 essentiam.
1881 3160 1970 3243 Quin
1980 3165 2009 3246 7)
2036 3162 2117 3229 haec
2139 3184 2209 3245 per·

219 3269 308 3325 mus,
335 3261 372 3310 ut
399 3247 470 3323 eti)
500 3266 577 3310 vera
598 3247 714 3328 patris,
742 3246 803 3311 lilii
831 3254 865 3312 et
891 3248 1025 3330 spiritus
1047 3248 1189 3332 sanctifl)
1241 3267 1396 3310 sonarum
1426 3248 1548 3329 notatio
1574 3248 1682 3314 locum
1710 3248 1808 3312 habet
1835 3247 1890 3311 ubi
1920 3249 2023 3331 patris
2052 3257 2087 3313 et
2113 3246 2209 3332 fitiiss)

219 3332 388 3398 distinmm
407 3332 528 3397 clarius
545 3333 757 3414 exprimatur,
776 3340 809 3397 et
830 3333 1040 3399 contentiosis
1060 3344 1190 3397 contro·
1242 3330 1407 3397 distinctio
1433 3343 1713 3399 commemoratur.
1767 3334 1896 3406 Nomen
1905 3336 1932 3418 ¹¹)
1954 3343 2063 3400 eutem
2089 3334 2211 3400 Iehcra

219 3419 335 3484 versiis
362 3417 481 3482 melius
502 3428 708 3495 occurratur,
743 3417 784 3484 ab
810 3418 863 3484 his
890 3441 993 3502 usque
1021 3418 1101 3483 adeo
1123 3440 1189 3483 non
1242 3429 1292 3483 cst
1314 3418 1494 3483 divinitatis
1507 3420 1657 3502 elogium.
1680 3419 1765 3502 quod
1786 3440 1852 3483 non
1864 3419 1974 3485 minus
1984 3428 2123 3503 patrem,
2146 3420 2209 3503 epi-

219 3505 441 3581 abhorremus,
454 3515 492 3567 ut·
502 3501 641 3568 libenter
653 3525 709 3568 ess
721 3503 954 3586 amplexemur,
975 3505 1097 3570 siveex
1117 3505 1190 3570 aliis
1243 3504 1351 3579 ritum,
1368 3507 1408 3584 ¹⁰)
1426 3525 1522 3586 quam
1534 3506 1637 3570 filium
1653 3506 1692 3590 ¹¹)
1711 3505 1944 3588 complectitur.
1997 3503 2210 3590 SioCyrillus

220 3588 415 3667 audiendae,
444 3589 514 3654 sive
542 3610 562 3652 a
589 3589 684 3656 nobis
713 3590 922 3672 usurpandae
948 3591 1024 3655 sint.
1074 3590 1190 3673 Itaque
1242 3591 1298 3673 qui
1319 3589 1448 3672 saepius
1471 3599 1596 3672 patrem
1620 3590 1883 3675 filiiprincipium
1896 3611 2014 3656 vocare
2036 3591 2132 3667 solet,
2153 3611 2210 3673 pro

221 3673 307 3758 quod
329 3683 426 3739 antea
447 3693 467 3737 a
486 3671 618 3756 nobis⁷)
639 3676 761 3739 sactum
784 3686 843 3752 est,
866 3676 902 3740 in
924 3686 1088 3758 postorum
1109 3696 1190 3759 quo·
1242 3675 1365 3759 ingenti
1389 3685 1500 3740 tamen
1523 3674 1662 3741 absurdo
1686 3677 1776 3742 ducit
1797 3676 1924 3760 dialogo
1948 3682 1965 3739 3
1987 3675 2209 3753 deTrinitate,
2283 3736 2287 3746 .

220 3781 283 3844 que
304 3779 437 3842 operam
459 3759 604 3838 daturos,
633 3759 739 3843 quoad
768 3759 891 3839 licebit,
920 3761 1111 3844 recipimus,
1147 3785 1188 3826 ne
1242 3762 1304 3825 nisi
1328 3761 1416 3826 filius
1438 3783 1509 3827 nse
1531 3763 1602 3844 ipso
1625 3763 1725 3826 vitem
1748 3762 2071 3827 etimmcrtalitatem
2095 3763 2211 3828 habere
2254 3789 2287 3826 ε

222 3866 336 3911 earum
361 3867 441 3911 usus
462 3846 499 3909 in
526 3845 670 3911 eeclesiis
698 3847 858 3931 nostris⁸)
882 3846 1059 3913 aboleatur.
1103 3848 1189 3913 Nam
1242 3846 1402 3912 credatur.
1436 3845 1527 3912 Idem
1551 3847 1652 3926 dccet,
1674 3850 1703 3913 si
1724 3847 1880 3912 ineffabili
1895 3848 2210 3932 nataracproprium
2227 3872 2287 3912 Δ

221 3952 327 4014 neque
355 3930 395 3995 ab
425 3933 464 3995 iis
490 3932 577 3995 inter
602 3931 811 4007 scribendum
820 3934 848 4010 ¹)
872 3932 926 3999 vel
953 3934 986 3998 in
1010 3934 1190 4019 scripturae
1242 3944 1294 3997 est
1314 3942 1353 3997 ut
1374 3952 1416 3997 ex
1437 3955 1472 3998 se
1492 3935 1565 4018 ipsa
1585 3935 1644 4014 sit,
1673 3935 1709 3999 in
1730 3935 1834 3999 filium
1862 3932 1898 3998 id
1925 3935 1999 3999 iure
2020 3942 2287 4018 competere—

222 4015 490 4094 enarrationibus,
510 4017 544 4081 in
566 4018 775 4084 concionibus
796 4017 837 4083 ad
860 4018 1027 4104 populum,
1048 4019 1190 4086 abstine·
1714 4050 1716 4055 ’

222 4207 426 4219 ...-..--
1112 4224 1115 4228 ⁴
1311 4189 1341 4311 {l
1360 4189 1556 4313 ppademNortd.
1573 4189 1663 4244 iidem.

1334 4271 1341 4319 t
1370 4262 1377 4311 i
1398 4276 1443 4314 ere
1493 4299 1499 4311 .

292 4326 321 4386 1)
341 4326 484 4380 essentiam
504 4323 589 4379 Laus.
608 4327 685 4380 Ηιιιι.
1314 4328 1345 4388 *t
1365 4327 1440 4382 Βιιιι.
1462 4327 1569 4381 turrilum
1590 4329 1716 4393 ιαοιιιιιι
1740 4326 1816 4396 Quod
1840 4327 1966 4382 Calvinus
1989 4328 2015 4382 in
2039 4327 2269 4382 confession<

291 4393 321 4460 2)
339 4395 446 4463 plurimi
464 4392 497 4446 Β.
1246 4398 1336 4453 oblata
1355 4396 1515 4450 Leusonnae
1539 4396 1672 4451 Christum
1690 4396 1791 4450 lehara
1814 4396 1959 4465 appellarit
1981 4396 2144 4452 declaratur.
2176 4393 2261 4448 Β

292 4461 322 4526 3)
339 4460 493 4531 affigebant.
1244 4466 1443 4533 earrnptartter
1461 4467 1656 4533 ιιιιιιιιιιμιιι
1672 4482 1758 4535 arque
1776 4466 1819 4520 hie
1836 4481 1921 4534 neque
1939 4480 2026 4534 supro
2043 4465 2102 4519 alla
2117 4461 2254 4532 praefi

290 4532 320 4595 ι’)
342 4529 419 4600 Qrtae
435 4545 463 4584 se
499 4537 584 4586 untur
601 4530 880 4588 decederlceationer
897 4532 1023 4602 tepenter
1039 4532 1192 4600 s’antsto·
1243 4543 1319 4605 prtem
1336 4535 1487 4600 ιἰιιτιμιιω.
1557 4595 1558 4599 ¹

222 4601 260 4657 lis
279 4600 397 4656 Calvisi.
467 4602 562 4668 arpini
583 4600 765 4656 adscribimus
787 4602 944 4655 vertentem
967 4602 1090 4656 ectasis
1108 4617 1191 4656 caena
1313 4601 1343 4658 dt
1363 4601 1416 4655 Βιι
1434 4603 1536 4656 sereser
1558 4602 1593 4655 N.
1611 4602 1670 4656 scil.
1686 4603 1758 4658 debr.
1777 4608 1803 4657 er
1820 4602 1866 4656 lat.

216 4672 341 4738 plorimi·
362 4685 447 4722 manu
467 4672 631 4736 scriptorum
655 4669 817 4737 Ramesses,
841 4669 1036 4726 Neocomeasis
1058 4679 1083 4724 et
1115 4669 1194 4724 Turi·
1314 4671 1344 4732 4)
1365 4673 1452 4724 omitia
1471 4671 1505 4723 Β.
1528 4672 1561 4725 Ν.
1589 4671 1616 4724 Τ.

223 4742 318 4794 matis.
1313 4740 1344 4793 bt
1363 4756 1425 4794 vere
1446 4739 1480 4792 N.
1500 4741 1587 4794 Arest.

291 4805 321 4871 4)
340 4803 495 4861 commodas
514 4822 573 4861 esse
592 4805 627 4861 Β.
1140 4866 1142 4869 ,
1314 4808 1344 4866 6)
1364 4825 1426 4861 vere
1445 4809 1501 4861 ortt
1533 4809 1567 4861 N.

291 4875 321 4941 5)
340 4891 393 4944 quo
413 4874 449 4927 N.
468 4890 521 4942 quc
540 4881 568 4927 et
592 4873 619 4926 T.
638 4872 672 4926 Β.
1315 4877 1344 4931 tt
1364 4878 1488 4946 qtrrmiam
1514 4878 1546 4929 N.
1572 4877 1598 4930 T.

291 4942 321 5010 6)
341 4944 426 4998 tancti
443 4958 493 4996 om.
514 4943 550 4996 N.
571 4943 600 4994 B.
1133 4969 1135 4972 ⁴
1314 4947 1345 5002 8)
1366 4947 1412 4998 tilii
1431 4965 1447 4998 ιι
1466 4955 1542 5011 patre
1564 4946 1595 4998 Β.
1620 4947 1653 5000 Ν.
1678 4945 1708 4999 Τ.

291 5010 321 5077 7)
343 5011 413 5065 Acta.
431 5027 538 5078 semper
555 5011 590 5064 Β.
608 5011 645 5066 N.
669 5010 699 5065 Τ.
1314 5016 1331 5068 9
1363 5014 1431 5068 lllml
1451 5027 1539 5066 simun
1558 5015 1703 5070 rlrsinitatis
1719 5015 1808 5069 erdem.

292 5080 322 5147 8)
341 5081 368 5133 in
386 5081 503 5135 ecclesia
519 5087 614 5134 nostm
631 5079 667 5134 Β.
683 5082 712 5135 in
730 5080 845 5136 ecclesia
862 5080 901 5137 N.
925 5082 954 5137 Τ.
1301 5085 1345 5140 ιιι)
1365 5093 1392 5136 et
1409 5084 1529 5148 spiritum
1549 5082 1583 5136 B.
1610 5083 1635 5136 Τ.

294 5148 323 5215 9)
341 5150 367 5201 in
386 5148 494 5217 seriptis
512 5148 546 5202 Β.
567 5148 604 5202 Ν.
627 5147 656 5203 Τ.
1301 5153 1345 5205 11ι
1366 5165 1393 5205 rt
1411 5150 1493 5204 fllium
1512 5171 1591 5219 qurum
1610 5157 1732 5221 spiritum
1753 5153 1788 5207 N.
