4620 5828
108 247 169 310 ιιι
808 245 874 311 AD
891 243 1122 313 BALDUINI
1144 244 1378 313 OONVIOIA.
1586 240 1589 244 ’
1646 256 1649 257 f
2039 266 2101 326 ιιι

105 434 189 498 mihi
210 456 284 500 cum
306 436 475 519 propheta,
498 444 536 500 ut
557 434 707 514 arbitror,
730 434 853 502 licebit:
877 433 1076 516 Quodpcrit,
1126 429 1218 494 mine
1238 428 1336 529 louge
1352 434 1481 500 futurus
1499 446 1585 501 esset
1606 442 1763 522 superior,
1775 444 1943 530 mitigavi.
1984 447 2104 515 Sciunt

105 526 225 603 pomp,
465 585 470 596 ι
1128 515 1285 597 permulti
1310 538 1407 600 quam
1433 520 1563 586 fidelem
1600 544 1731 607 operam
1769 529 1914 596 dederim
1949 533 2103 601 sedandis

190 607 293 671 Porro
310 627 408 689 quam
430 627 498 672 non
519 608 773 690 praecipitanter
793 608 827 672 in
852 608 960 689 ipsum
982 605 1077 670 effer·
1129 602 1332 703 quorundam
1353 606 1480 702 animis,
1503 609 1556 689 qui
1580 608 1799 680 abeoiniuste
1820 620 1997 701 provocati,
2008 643 2103 705 mag-

106 692 241 765 breem.
264 693 360 757 multi
383 704 460 758 sunt
481 692 590 758 idonei
612 701 721 769 testes,
741 693 858 776 quibas
876 700 1079 756 notaeerant
1129 709 1199 767 nas,
1222 710 1286 754 ms1
1308 690 1438 755 obvram
1465 692 1614 772 ivissem,
1644 699 1756 765 turbas
1784 702 1957 768 dedissent.
2003 707 2102 773 Certe

105 778 290 861 praeclarae
323 779 393 844 eius
420 780 571 844 actiones.
615 780 669 845 Ex
702 779 793 845 brevi
826 790 935 842 tamen
959 796 1077 841 *narra
1129 794 1197 839 non
1218 775 1353 859 negabit
1374 776 1421 841 sio
1437 798 1491 842 me
1513 780 1612 845 fuisse
1636 784 1793 864 medium,
1823 802 1871 853 nt·
1888 790 1958 854 cius
1986 793 2101 859 existi·

104 863 194 928 tione
215 863 370 930 iudicium
392 866 514 930 famant
534 868 606 930 sani
628 877 662 930 et
683 865 802 949 integri
826 864 962 929 lectores
979 884 1076 945 quam
1129 861 1267 924 mationi
1284 861 1388 943 quoad
1400 865 1489 944 potui
1508 867 1734 934 consuluerim.
1763 871 1825 938 cui
1838 886 1905 939 tam
1923 876 2102 943 clementer

106 949 291 1017 humaniter
323 972 397 1016 eum
430 951 647 1016 toleraverim.
702 951 755 1014 Ex
790 971 853 1032 quo
892 949 989 1013 fidem
1023 948 1077 1014 hic
1128 948 1268 1029 peperci,
1291 957 1324 1011 et
1345 968 1441 1029 quom
1464 953 1604 1015 sustinui
1626 965 1718 1019 tanta
1739 960 1908 1041 patientia,
1932 961 2038 1028 adhuc
2060 963 2101 1029 de

104 1056 197 1101 suam
230 1037 393 1119 professus
425 1046 511 1113 erat,
542 1039 577 1100 in
606 1035 750 1102 Galliam
779 1034 947 1102 discedens
979 1035 1078 1107 (sicut
1128 1051 1203 1096 mea
1224 1032 1465 1098 inhumanitate
1485 1040 1706 1118 conqueritur.

104 1120 192 1186 aliud
215 1143 344 1205 semper
363 1122 477 1206 lingua
494 1143 572 1205 prae
595 1143 630 1186 se
651 1123 737 1199 tulit,
755 1142 854 1204 quam
877 1121 1012 1185 haberet
1041 1121 1076 1184 in
1214 1116 1323 1196 Quam
1346 1138 1422 1182 vero
1444 1120 1614 1204 indignam
1635 1129 1816 1193 mercedem
1838 1134 1996 1209 retulerit,
2024 1156 2099 1218 par-

104 1208 209 1273 cordis
236 1215 381 1283 recessu)
408 1209 492 1272 dixit
521 1208 562 1273 ad
591 1208 793 1290 expedienda
825 1206 986 1289 quaedam
1018 1225 1074 1269 ne-
1128 1203 1189 1300 tim
1210 1209 1283 1281 [pag.
1298 1210 1360 1302 ab]
1384 1202 1527 1302 breviter
1548 1212 1694 1291 exposui,
1716 1217 1836 1296 partim
1855 1217 2033 1298 dissimulo,
2056 1243 2098 1286 ne

104 1294 193 1376 gotia
214 1294 333 1377 exiguo
353 1303 483 1358 tantum
503 1298 658 1377 temporis
686 1294 790 1376 spatio
819 1313 900 1377 opus
929 1312 1013 1357 esse:
1044 1304 1076 1354 et
1127 1305 1274 1371 privatas
1296 1310 1431 1354 mrurras
1452 1297 1603 1376 persequi
1625 1296 1746 1363 videar.
1790 1301 1888 1368 Certe
1910 1319 1948 1369 nt
1974 1318 2006 1371 st
2030 1306 2098 1371 lum

103 1381 180 1464 quia
200 1380 303 1462 ipsius
325 1380 430 1464 magis
448 1401 546 1463 quam
575 1402 648 1444 mea
676 1381 848 1456 intererat,
875 1380 982 1461 ipsum
1011 1377 1076 1442 cito
1127 1377 1162 1438 iu
1184 1394 1260 1438 eum
1278 1376 1474 1474 stringerem
1496 1399 1665 1465 nunquam
1691 1384 1849 1453 adductus
1879 1412 1966 1466 sum,
1997 1329 2099 1457 dyonea

103 1464 210 1529 redire
232 1465 313 1529 mihi
336 1467 505 1548 persuasit.
535 1467 654 1532 Derisa
675 1475 726 1532 est
747 1465 787 1530 ab
808 1465 849 1530 iis
871 1463 1076 1547 quipropius
1127 1481 1162 1525 se
1184 1461 1405 1559 voluntarium
1427 1463 1553 1530 obtulit
1598 1468 1682 1532 Nam
1711 1492 1810 1554 quum
1841 1476 1924 1540 male
1951 1492 2098 1561 satagere

103 1552 173 1616 eius
194 1572 301 1616 mores
324 1562 484 1616 noverant
501 1573 574 1616 mea
594 1552 778 1617 credulitas.
805 1552 851 1615 Et
873 1562 958 1616 certe
976 1569 1075 1632 expe·
1127 1567 1192 1610 nou
1215 1546 1394 1626 desisteret,
1417 1549 1457 1612 ab
1480 1569 1518 1613 eo
1541 1565 1652 1616 tamen
1673 1557 1831 1623 abstinui:
1860 1558 1989 1627 tantum
2008 1565 2099 1629 abest

104 1637 219 1701 rientia
261 1637 383 1715 docuit,
428 1640 504 1721 quia
546 1649 676 1703 nostrae
709 1638 878 1701 tenuitatis
912 1657 985 1700 eum
1026 1636 1075 1717 pi·
1126 1647 1163 1696 ut
1184 1652 1337 1697 securum
1358 1645 1392 1697 et
1412 1632 1643 1731 dormientem,
1671 1653 1710 1705 ut
1736 1648 1908 1725 mentitur,
1936 1651 2099 1734 configere

103 1724 210 1806 gebat,
233 1720 435 1789 conditiones
448 1724 523 1788 alibi
546 1725 670 1806 opimas
691 1732 723 1787 et
745 1722 932 1805 splendidas
951 1721 1073 1787 venari.
1127 1719 1161 1782 in
1199 1720 1309 1816 auimo
1343 1721 1451 1783 luent.
1474 1766 1477 1772 -
1503 1720 1579 1801 Quo
1606 1729 1727 1793 maiore
1753 1728 1892 1796 ludibrio
1920 1733 2019 1819 digna
2050 1747 2100 1801 est

103 1808 214 1888 Quum
238 1808 483 1891 tergiversando
506 1810 587 1874 arliae
617 1830 657 1873 cx
685 1809 757 1873 aliis
786 1828 894 1872 moras
921 1815 1074 1883 necteret,
1127 1805 1216 1867 fatua
1237 1824 1307 1867 erus
1329 1808 1502 1886 protervia,
1526 1810 1580 1873 ubi
1593 1832 1692 1894 prope
1714 1817 1923 1895 parricidium
1942 1822 2097 1899 nominat,

103 1894 268 1977 displicuit
289 1894 419 1976 quidem
441 1895 522 1959 mihi
533 1893 706 1960 calliditas:
729 1914 834 1977 neque
851 1905 962 1958 tamen
973 1894 1073 1959 offen·
1127 1890 1212 1972 quod
1234 1910 1310 1953 eum
1332 1912 1397 1972 qua
1425 1890 1544 1975 dignus
1575 1909 1646 1960 erat
1672 1899 1895 1984 obiurgatione
1923 1906 2098 1972 verberare

102 1982 202 2046 sionis
222 1981 352 2064 signum
376 1980 459 2058 dedi,
484 1981 534 2045 vel
553 1982 652 2045 etiam
672 1981 804 2064 gravius
827 1980 970 2044 offensus
992 2000 1073 2055 sum,
1127 1995 1226 2040 ausus
1243 1977 1370 2040 fuerim.
1415 1980 1464 2043 Ac
1493 2000 1535 2044 ne
1562 1982 1621 2046 aeli
1650 1989 1891 2053 excusationem
1914 1990 2098 2072 obtendam,

103 2066 205 2132 donec
227 2067 314 2150 apud
332 2068 502 2150 Bituriges
535 2088 666 2131 rursum
698 2066 900 2130 idololatriae
927 2063 1075 2128 sordibus
1127 2064 1215 2144 prior
1236 2078 1380 2143 occupat,
1403 2075 1437 2127 et
1459 2063 1554 2148 longe
1577 2090 1596 2131 a
1617 2069 1956 2158 aelo‘distareexcipit
1973 2077 2098 2142 rabiem

102 2175 137 2217 sc
165 2153 289 2235 polluit.
326 2152 543 2235 Quamquam
572 2163 644 2234 post
670 2159 741 2231 [pag.
768 2155 822 2230 23]
853 2152 918 2215 tale
948 2169 1075 2232 quoque
1128 2147 1279 2211 dentibus
1302 2148 1468 2213 hominem
1489 2153 1661 2218 innoxium
1680 2154 1866 2237 laniantem.
1903 2162 2010 2228 Audio
2028 2185 2098 2229 ma·

102 2238 290 2304 delectionis
312 2240 482 2322 flagitium,
507 2248 600 2303 tanta
622 2240 683 2302 luit
704 2260 782 2322 erga
805 2259 879 2302 cum
903 2258 977 2301 mea
999 2236 1076 2301 laci·
1128 2231 1293 2311 ledictum,
1317 2231 1403 2331 quod
1424 2235 1507 2300 liber
1528 2238 1655 2322 dequo
1677 2244 1786 2327 agitur
1808 2267 1860 2310 me
1882 2259 2009 2315 tacente
2031 2250 2098 2316 dis·

103 2324 187 2403 litas,
211 2337 248 2388 ut
269 2346 303 2389 se
321 2325 404 2389 mihi
418 2323 650 2390 reconciliaret.
695 2324 810 2405 Itaque
830 2344 931 2407 quum
950 2321 1076 2386 illaBi-
1128 2320 1236 2384 cutiet.
1282 2322 1477 2386 Carnificem
1507 2324 1632 2391 interea
1661 2349 1696 2392 se
1719 2331 1839 2412 prodit,
1865 2337 1919 2416 qui
1951 2336 2099 2402 lanienas

104 2411 276 2476 turicensis
303 2411 443 2476 conditio
471 2432 546 2474 eum
575 2419 728 2493 gravaret
760 2409 948 2493 (ostentatio
977 2409 1074 2486 enim,
1127 2414 1197 2469 tam
1219 2403 1358 2469 libenter
1378 2419 1499 2489 crepat
1543 2411 1629 2476 Nam
1652 2417 1736 2496 quod
1766 2416 1873 2482 odiose
1900 2441 1959 2485 nos
1987 2422 2099 2487 zelotis

102 2517 166 2578 qua
188 2497 258 2561 sola
277 2498 386 2579 pollet,
405 2508 591 2572 evanuerat,
615 2506 653 2558 ut
676 2497 743 2578 spei
771 2505 804 2559 ct
828 2497 912 2559 votis
940 2494 1074 2558 minime
1126 2503 1307 2573 comparat,
1340 2493 1396 2573 qui
1417 2513 1477 2575 per
1504 2498 1618 2562 caedes
1652 2514 1685 2565 et
1717 2503 1888 2569 latrocinia
1919 2506 2099 2590 massada

102 2584 318 2661 satisfaceret)
341 2605 405 2647 non
425 2581 586 2647 dubitavit
609 2582 673 2646 huc
695 2604 729 2646 se
753 2584 910 2663 recipere:
934 2591 1073 2661 etquum
1126 2576 1285 2642 Iudaeam
1313 2580 1432 2642 misere
1459 2580 1687 2663 perdiderunt,
1722 2610 1787 2653 non
1821 2592 1929 2657 miuus
1957 2593 2099 2659 insulsae

103 2669 245 2751 undique
268 2667 378 2733 liberis
401 2690 475 2732 cum
498 2669 651 2732 conviciis
674 2670 880 2752 exagitarent
905 2668 960 2749 qui
983 2665 1074 2748 prius
1127 2661 1307 2727 dicacitatis
1345 2679 1410 2742 est,
1447 2686 1544 2747 quam
1582 2670 1728 2752 perditae
1768 2675 1930 2744 audaciae.
1985 2679 2099 2762 Neque
2137 2708 2139 2715 ¹

98 2754 196 2820 'amici
219 2755 359 2830 fuerant,
381 2753 569 2818 humaniter
591 2776 611 2818 a
632 2774 685 2817 me
703 2755 878 2836 impetrata
900 2754 996 2818 venia
1018 2751 1074 2815 ad·
1126 2750 1215 2813 enim
1237 2768 1331 2813 secus
1353 2770 1390 2814 ac
1412 2750 1608 2833 gladiatores
1630 2759 1666 2821 in
1688 2760 1820 2824 caedem
1841 2776 1951 2841 ruunt,
1975 2764 2028 2829 hic
2050 2766 2098 2830 fa·

100 2841 223 2906 missus
249 2840 321 2904 fuit.
364 2832 443 2904 Ileci
470 2839 600 2923 quidem
633 2839 717 2921 quod
752 2859 884 2905 necesse
918 2848 1001 2903 crat:
1037 2845 1075 2901 ut
1126 2840 1218 2899 cetus
1240 2853 1353 2932 scurra
1380 2855 1535 2920 praeceps
1564 2840 1604 2905 ad
1633 2846 1884 2912 conviciandum
1912 2850 2032 2915 fertur:
2061 2860 2101 2915 ut

100 2947 216 2992 severa
236 2923 461 3010 obiurgatione
483 2936 647 2992 correctus
669 2927 779 3009 lapsus
808 2926 859 2991 sui
887 2924 1072 2989 foeditatem
1126 2940 1191 2985 nou
1213 2928 1367 3018 stigmate
1389 2923 1494 3002 modo,
1521 2925 1578 2990 sed
1605 2929 1777 2997 suffixione
1807 2954 1887 3016 opus
1916 2936 1974 3012 sit,
2003 2937 2030 3001 si
2059 2936 2099 3000 de

101 3019 300 3096 agnosceret.
346 3009 521 3077 Serviliter
549 3033 701 3076 assensus
730 3022 793 3090 est,
826 3022 859 3075 et
894 3009 1073 3075 adulatorie
1126 3010 1324 3088 neqmssimo
1347 3006 1582 3076 calumniatore
1603 3027 1709 3096 poena
1731 3039 1789 3101 pro
1810 3020 1928 3084 merito
1941 3030 2100 3086 sumatur.

101 3099 182 3162 meis
210 3118 244 3162 se
271 3097 415 3164 consiliis
444 3097 624 3181 regendum
653 3099 810 3181 permisit.
855 3097 1074 3180 Argentinam
1127 3095 1195 3170 [pag
1216 3097 1270 3170 26]
1298 3091 1477 3191 Plaasibile
1505 3096 1626 3162 dictum
1659 3122 1729 3167 esse
1761 3114 1857 3187 putat
1888 3106 2031 3171 alienum
2064 3127 2100 3172 se

100 3184 265 3267 profectus
292 3204 412 3247 nomen
443 3183 533 3248 dcdit
563 3184 647 3266 apud
677 3194 839 3266 pastorem
868 3193 902 3246 et
931 3184 1074 3248 seniores
1126 3184 1247 3243 iactare
1281 3199 1300 3241 a
1332 3198 1413 3244 mers
1446 3182 1655 3265 factionibus,
1689 3189 1741 3252 ab'
1762 3211 1874 3255 eorum
1906 3192 2008 3256 intem
2033 3193 2100 3256 eris

155 3268 280 3335 licanae
298 3269 461 3335 ecclesiae.
491 3270 595 3334 Porro
615 3271 692 3352 quia
711 3269 797 3353 apud
816 3269 985 3352 Bituriges
996 3287 1075 3331 mor
1126 3262 1543 3362 vehementeruabhorrere,
1562 3271 1618 3353 qui
1631 3273 1859 3341 tumultuando
1870 3215 2100 3361 augentclissi·

122 3355 235 3420 eeius
258 3355 403 3421 discessu
423 3357 519 3439 fugae
541 3357 638 3421 simili
660 3356 784 3420 sinistri
807 3375 953 3419 rumores
975 3353 1074 3436 vulgo
1127 3349 1181 3412 d1a
1202 3349 1380 3447 religiosus,
1414 3361 1448 3416 et
1479 3354 1619 3420 oderunt
1647 3379 1761 3424 omnes
1788 3362 1862 3446 piae
1891 3374 1926 3426 et
1952 3363 2100 3446 placidae

99 3443 206 3524 sparsi
229 3452 320 3506 sunt:
354 3461 418 3525 quo
446 3441 532 3507 hanc
561 3450 672 3506 notam
706 3442 845 3520 elueret,
879 3442 1075 3505 Duarenum
1126 3435 1361 3500 conciliatroms
1394 3440 1543 3535 rationes.
1599 3442 1689 3528 Ergo
1722 3448 1841 3513 nebulo
1879 3451 1987 3518 nescio
2025 3449 2099 3532 quis

100 3528 265 3611 insignem
288 3527 565 3605 iurisconsultum‚
584 3549 679 3611 quem
701 3529 771 3610 ipse
789 3530 824 3592 in
836 3526 960 3594 coelum
973 3545 1076 3606 usque
1126 3540 1226 3586 coeno
1248 3540 1419 3605 emergens
1440 3525 1569 3609 impura
1587 3549 1648 3594 sua
1664 3535 1859 3612 procacitate
1871 3534 1930 3600 soli
1949 3533 2100 3599 tenebras

101 3614 279 3691 extulerat,
316 3625 577 3697 aggressusest.
623 3613 730 3695 Quam
760 3615 843 3681 acris
872 3613 971 3677 fuerit
998 3630 1075 3673 con-
1127 3606 1273 3704 obducet.
1316 3606 1445 3705 liempe
1467 3614 1514 3676 sic
1536 3614 1689 3681 factiosus
1710 3617 1772 3682 fuit
1794 3620 1966 3695 Ieremias,
1996 3641 2097 3703 quum

103 3701 213 3776 tentio,
236 3721 276 3764 cx
287 3700 379 3764 libris
391 3700 476 3764 ultro
487 3701 632 3783 citroque
650 3701 745 3768 editis
757 3701 830 3783 plns
840 3698 920 3765 satis
938 3705 1073 3762 constat.
1126 3697 1544 3790 pcrversrs1mpcstoribus
1566 3700 1693 3765 larvam
1721 3702 1915 3770 detraheret.
1962 3704 2018 3771 Sic
2047 3714 2098 3770 tu·

100 3786 140 3851 In
165 3808 204 3851 ea
226 3806 336 3869 pugna
359 3807 458 3868 quum
484 3788 568 3850 veris
597 3788 697 3850 armis
723 3786 857 3850 destitui
885 3806 920 3849 se
948 3781 1076 3848 videret
1127 3777 1282 3877 multuatr
1300 3789 1514 3878 suntuomnes
1537 3787 1740 3872 prophetac,'
1760 3812 1862 3872 quum
1891 3794 1923 3856 in
1954 3793 2099 3876 genuino

100 3871 294 3948 Balduinus‚
316 3870 358 3936 ad
379 3871 554 3936 illiberales
576 3872 711 3938 insidias
733 3869 910 3947 descendit,
929 3880 962 3934 et
982 3870 1075 3933 Dua·
1126 3864 1190 3928 Der
1213 3864 1305 3928 cultu
1320 3866 1623 3963 ‘nrhdumntandum
1641 3873 1829 3941 clamarent.
1867 3875 1923 3943 Sic
1945 3879 2099 3944 Christus

101 3979 180 4023 reno
203 3979 243 4023 ex
266 3979 367 4041 purae
390 3968 423 4022 et
436 3957 636 4022 orthodoxae
647 3957 723 4022 fidei
744 3957 976 4041 approbatione
988 3954 1074 4017 invi-
1127 3961 1161 4016 et
1193 3949 1329 4031 apostoli
1362 3952 1402 4049 ab
1440 3956 1548 4036 impiis
1579 3955 1643 4020 Dei
1682 3964 1957 4046 contemptoribus
1995 3984 2100 4051 novae

101 4042 187 4108 diam
201 4048 275 4122 [pag.
295 4047 348 4122 24]
359 4043 529 4110 conflando
542 4045 732 4111 carnificum
742 4043 843 4108 furori
855 4064 929 4107 eam
948 4041 1073 4106 obiecit
1127 4042 1234 4134 sectae
1265 4045 1372 4135 vocati
1404 4048 1483 4103 suut
1512 4040 1619 4106 duces.
1664 4042 1721 4111 Sic
1755 4047 1794 4113 ab
1822 4050 1990 4131 Epicureis
2019 4049 2098 4113 Bal·

101 4129 265 4214 Oapitale,
300 4139 337 4192 ut
364 4129 481 4206 scitur,
515 4130 550 4193 in
579 4131 688 4196 Gallia
723 4140 808 4207 erat,
842 4147 908 4193 non
944 4137 1073 4192 tantum
1127 4122 1219 4218 dmm
1244 4121 1406 4219 srmdrbus
1439 4125 1517 4190 olim
1552 4128 1723 4194 turbarum
1762 4136 1908 4199 omnium
1942 4136 2037 4217 culpa
2063 4134 2097 4198 in

101 4215 406 4284 doctrinacnostrae
419 4217 632 4298 subscribere,
651 4219 707 4285 sed
726 4215 1073 4282 librosetiamnostros
1127 4207 1334 4306 llhnstrauos
1357 4211 1503 4276 coniecta
1524 4217 1593 4278 l'uit.
1637 4216 1743 4282 Porro
1771 4242 1869 4302 quum
1894 4243 1955 4286 sua
1982 4222 2098 4302 cuique

100 4303 212 4367 furtim
248 4303 364 4389 legere.
409 4304 524 4371 Bonus
558 4306 612 4370 hic
646 4305 776 4389 pietatis
807 4311 960 4375 sectator,
995 4299 1072 4365 dum
1127 4304 1171 4359 ιιι
1200 4294 1311 4371 faeno,
1346 4317 1502 4377 quorsum
1533 4302 1651 4364 attinet
1686 4305 1808 4370 multas
1851 4307 1885 4370 in
1931 4327 1982 4369 me
2022 4326 2097 4369 con·

99 4388 271 4462 ostendere
299 4400 437 4457 conatur
465 4393 659 4460 Duarenum
688 4412 728 4456 01
762 4411 813 4454 mg
840 4386 1006 4459 (mississe,
1041 4397 1075 4450 et
1126 4376 1262 4463 gerere?
1292 4378 1487 4460 »Quaenam
1522 4397 1632 4450 tamen
1670 4391 1751 4455 isbal}
1791 4392 1856 4456 Sint
1897 4401 1947 4455 bOb
1988 4390 2096 4454 faoblo·

100 4497 142 4540 ex
164 4477 245 4540 meis
267 4479 364 4547 libris'
383 4498 454 4542 esse
476 4489 662 4544 mutuatum
681 4472 837 4561 quidquid
859 4475 894 4538 in
916 4474 998 4540 libro
1021 4475 1073 4538 De
1126 4485 1187 4530 11⁰⁸
1214 4465 1378 4531 θῦῑθῦὼῑῖῑ
1409 4472 1498 4549 Ρῑῑθῑῦ
1525 4484 1558 4537 0⁸
1590 4475 1781 4541 0⁰11001’di20
1803 4477 1928 4541 110⁸th
1951 4496 2098 4540 measse

100 4562 290 4634 sacerdotiis
305 4566 449 4648 probeat
469 4564 771 4635 sinceredocuerat
794 4582 860 4626 non
873 4560 1072 4644 aliospccta-
1127 4550 1257 4651 probet,
1292 4565 1364 4616 tum
1399 4555 1520 4652 ahquid
1553 4557 1677 4626 fatebor
1708 4585 1779 4628 esse
1812 4563 1852 4627 ab
1886 4582 1924 4626 co
1963 4561 2096 4625 dictum.

108 4647 151 4711 ,it
172 4669 268 4731 quam
287 4662 325 4719 ut
346 4651 476 4716 furiosis
498 4650 652 4716 000103539
674 4646 824 4714 hostibus
868 4645 992 4710 ludium
1015 4646 1073 4710 110.
1127 4642 1229 4719 Atqui
1251 4637 1349 4721 longe
1371 4639 1508 4722 fallitur,
1531 4644 1654 4725 siquid
1678 4649 1766 4714 aliud
1790 4649 1917 4731 assequi
1941 4667 1975 4711 se
1998 4647 2097 4711 confi·

103 4734 183 4800 mini
205 4737 383 4824 iugulando
406 4738 596 4821 porrigeret.
641 4736 678 4802 Si
692 4734 832 4800 barbara
880 4753 936 4797 aco
957 4733 1074 4797 imma·
1127 4722 1184 4803 dit,
1208 4744 1306 4805 quam
1321 4741 1360 4787 ut
1376 4726 1588 4794 intolerabilis
1601 4731 1835 4819 eiussuperbia
1857 4733 2009 4797 omnibus
2031 4732 2096 4796 foe

100 4820 188 4886 nitas
210 4825 293 4889 mihi
316 4823 533 4905 displicuerit,
559 4822 641 4887 nihil
670 4823 799 4886 mirum.
846 4817 934 4899 Quin
966 4818 1074 4901 potius
1127 4821 1202 4874 teat.
1659 4834 1660 4837 ¹
2008 4909 2010 4913 Ι

100 4895 162 4971 hoc
183 4931 250 4975 uno
272 4919 506 4993 stratagemate
529 4906 752 4972 detestabilem
772 4926 806 4970 se
835 4905 897 4988 piis
925 4903 1074 4969 omnibus
1188 4982 1190 4989 Α
1212 4895 1310 4978 Quod
1330 4899 1449 4985 'lugere
1479 4923 1513 4967 se
1543 4902 1638 4985 lingit
1666 4904 1819 4971 ecclesiae
1841 4901 2097 4986 dissipationem,

97 4991 249 5063 reddidit.
294 4998 340 5062 Iit
362 5005 472 5060 tamen
495 4993 594 5078 quum
618 4992 658 5057 de
680 5014 718 5059 ea
739 5016 798 5078 per
820 4995 944 5068 literas,
968 4999 1001 5055 et
1021 5010 1073 5054 co·
1127 4984 1279 5049 cumulus
1317 4997 1366 5051 est
1395 4988 1530 5054 stolidae
1557 4991 1738 5055 iactantiae.
1782 4988 1954 5054 Interdum
1985 5001 2097 5053 tamen

96 5104 170 5147 ram
195 5092 392 5167 conquestus
427 5086 476 5145 est
509 5081 702 5156 Duarenus,
734 5080 900 5145 hominem
931 5077 1074 5162 ingenio,
1126 5069 1305 5157 scurrando
1327 5075 1478 5153 mitescit,
1500 5097 1587 5141 nunc
1610 5076 1743 5160 Virgilii
1765 5075 1908 5140 carmina
1929 5095 2097 5153 resonans,

94 5168 254 5236 facundia
276 5158 521 5250 eruditioneque
543 5168 590 5231 sic
608 5168 816 5245 instructum,
840 5178 879 5231 ut
906 5166 941 5228 in
970 5173 1074 5227 certa·
1126 5163 1198 5236 [pag.
1223 5159 1276 5235 27]
1300 5172 1338 5224 ut
1360 5183 1401 5225 ex
1423 5161 1549 5245 tripode
1571 5162 1743 5226 vaticinari
1755 5160 1851 5238 (haas,
1864 5180 1952 5225 nunc
1962 5158 2099 5245 frigidos
