4574 5902
199 297 263 360 559
674 285 936 354 Rnsrortfflo
955 285 1019 352 AD
1041 286 1376 356 VERSIPELLEM
1398 286 1723 355 memnonem.
2140 293 2205 356 560

200 480 311 547 nanda
332 486 382 544 est
408 479 511 563 igitur
538 476 709 543 hominum
733 475 884 554 laseivia,
911 496 954 540 ne
981 475 1055 558 plus
1075 496 1172 559 quem
1311 473 1458 561 Spatisri
1479 497 1555 541 eum
1577 477 1614 541 in
1635 477 1715 543 loeis
1725 476 1964 555 eommunibus
1986 477 2085 543 etde
2106 499 2202 561 prae-

200 568 251 633 tes
279 572 329 632 est
355 564 437 630 seire
466 570 630 647 appetant
688 559 958 627 commendanda
990 560 1091 626 etiem
1123 569 1174 626 est
1224 563 1362 645 pesteris
1391 561 1544 627 remediis
1574 564 1729 645 conqueri
1757 568 1831 642 [pag.
1853 567 1926 643 148]
1956 563 2050 631 fenile
2085 564 2202 646 patiar,

200 650 295 718 dueta
315 650 517 734 ignorantia,
546 647 625 714 dum
647 668 713 712 non
744 644 877 712 aliunde
905 646 1052 730 sapimus
1095 667 1174 712 uam
1224 646 1319 712 medo
1342 669 1385 713 ne
1407 668 1466 730 per
1486 649 1649 713 flexuosos
1673 649 1828 714 eireuitus
1855 647 2011 714 oberrans
2038 671 2108 714 non
2131 661 2205 714 tan·

200 759 243 803 ex
270 735 335 802 Dei
361 736 477 812 verbo,
505 742 538 800 et
563 740 753 800 reverenter
782 733 942 797 miramur
969 753 1051 815 quae
1114 753 1174 797 eus
1225 741 1298 798 tum
1320 755 1381 798 sua
1402 733 1468 798 tela
1490 732 1595 798 vibret
1618 732 1776 800 adversus
1797 733 1992 815 immeritos,
2020 733 2079 800 sed
2101 756 2203 801 vene-

200 822 308 889 veluit
336 841 406 887 esse
435 819 633 886 abseondita.
683 816 751 884 Sed
772 839 838 883 non
865 817 938 883 ideo
959 823 1034 897 [pag.
1059 822 1174 898 1421a
1224 840 1304 884 num
1327 840 1454 902 quoque
1476 840 1573 884 suum
1600 819 1740 886 instillet
1767 819 1808 884 ad
1836 818 2093 904 eorrumpendes
2121 822 2203 885 sim-

200 907 386 976 sobrietatis
413 905 528 991 regula
555 902 749 982 distentu,
778 903 834 969 ubi
861 901 991 968 eerdate
1012 903 1174 969 refellitur
1224 903 1358 986 plinium
1381 904 1519 981 animos,
1551 912 1584 969 et
1605 903 1816 971 clandestinis
1838 905 2013 972 obstaculis
2034 906 2203 991 evangelii

201 1010 321 1061 eanum
341 992 491 1071 unates,
513 990 569 1075 qui
591 1011 652 1057 sua
672 988 920 1074 importunitate
941 988 976 1053 id
998 1009 1094 1073 saepe
1116 1011 1173 1054 ex·
1225 1010 1359 1057 eureum
1380 998 1536 1055 moretur.
1569 990 1724 1056 Dieerem
1734 991 1834 1056 latere
1855 992 2002 1070 insidias,
2024 991 2083 1058 ubi
2100 992 2204 1057 deflet

202 1087 364 1163 torquent.
409 1077 478 1143 Nee
500 1099 577 1142 vero
594 1075 810 1160 Augustinus,
828 1075 979 1158 quamvis
1000 1073 1175 1140 admoneat
1226 1076 1320 1141 triste
1343 1077 1437 1160 regni
1459 1074 1589 1142 Galliae
1611 1076 1812 1160 exemplum,
1841 1078 1906 1142 nisi
1933 1099 1968 1144 se
1990 1087 2104 1161 sperte
2124 1099 2202 1161 pro-

201 1165 418 1231 Valentinum
449 1173 482 1228 et
513 1162 671 1246 reliquos,
707 1181 749 1225 ne
782 1181 838 1226 eos
874 1159 1044 1242 perturbet
1076 1160 1174 1225 huius
1208 1161 1319 1226 'deret
1347 1182 1449 1246 prava
1477 1162 1547 1227 eius
1574 1162 1764 1246 malignitas
1792 1160 1872 1227 dum
1901 1163 1993 1228 nulla
2025 1185 2062 1228 re
2094 1164 2203 1247 magis

91 1275 96 1287 ·
201 1249 400 1335 quaestionis
421 1249 610 1325 obseuritas,
633 1245 814 1330 parendum
825 1267 896 1312 esse
907 1246 1004 1313 Pauli
1026 1245 1170 1324 oonsilio,
1225 1248 1344 1325 uritur,
1367 1268 1466 1330 quem
1487 1247 1574 1313 felini
1595 1249 1690 1332 regni
1712 1247 1838 1314 Obristi
1860 1269 2044 1334 progressu.
2090 1248 2202 1314 Inter·

200 1344 240 1402 ut
258 1334 347 1401 idem
368 1335 548 1400 sentiamus
575 1353 702 1411 omnes,
732 1341 766 1396 et
791 1340 1016 1416 exspeetemus
1048 1333 1173 1398 revele-
1225 1333 1274 1397 im
1308 1353 1374 1398 non
1403 1333 1461 1399 ebs
1494 1353 1530 1396 re
1557 1331 1636 1399 dieit
1668 1333 1779 1399 odium
1808 1333 1870 1399 sibi
1896 1335 2032 1401 eonflari
2065 1335 2203 1402 obiectis

202 1423 300 1486 tionis
321 1418 423 1493 diem.
452 1418 578 1504 siquid
601 1418 697 1482 aliter
724 1416 903 1495 sentimus,
929 1417 1002 1482 ideo
1023 1418 1174 1502 protinus
1226 1417 1370 1484 levitatis
1392 1427 1426 1483 et
1447 1416 1633 1483 timiditatis
1654 1418 1859 1484 criminibus:
1888 1421 1966 1504 quia
1987 1420 2085 1487 toties
2106 1441 2203 1505 apes·

202 1506 385 1574 doctrinam
411 1505 543 1588 sepelit,
578 1512 636 1570 eut
663 1503 812 1568 emittere
841 1503 895 1568 vel
923 1503 1037 1587 fugere
1068 1503 1172 1569 iubet:
1226 1512 1296 1568 tata
1313 1503 1415 1569 nihile
1436 1504 1511 1587 plus
1533 1514 1677 1570 meretur
1694 1504 1780 1580 fidei,
1801 1526 1900 1587 quem
1921 1506 2012 1572 oanis
2035 1514 2071 1571 et
2092 1507 2202 1571 inimi-

202 1592 283 1677 quin
299 1592 407 1674 potius
425 1592 480 1657 ubi
496 1590 656 1657 lentorum
668 1587 1054 1654 animosaddoeilitatem
1071 1589 1173 1667 flexit,
1226 1610 1284 1655 eus
1302 1591 1407 1656 orueis
1429 1588 1563 1669 Obristi,
1587 1611 1721 1673 eamque
1749 1591 1894 1674 fugitans
1917 1596 1992 1671 [pag.
2014 1596 2090 1670 144]
2112 1592 2201 1658 laute

202 1678 305 1830 Ιὶδξὶξ
326 1685 359 1743 et
378 1678 504 1742 fortiter
525 1676 667 1759 explieat
693 1696 776 1758 quae
805 1674 897 1757 prius
919 1675 1086 1757 imperitos
1108 1684 1173 1740 ter·
1227 1686 1260 1740 et
1282 1672 1417 1742 delieate
1437 1676 1473 1740 in
1494 1676 1560 1741 otio
1584 1676 1695 1741 vivere
1717 1676 1857 1742 affectet

203 1785 240 1830 re
306 1762 506 1849 tmysteria
