4776 5844
54 201 119 264 259
935 197 1201 267 RESPONSIO

54 408 176 471 operae
206 388 349 471 pretium
378 387 451 456 crit.
502 386 553 452 Ac
579 386 657 470 quia
684 387 889 473 propositum
918 388 948 453 ci
978 397 1037 468 est,
1088 386 1294 455 ledictioncs:
1328 389 1419 472 quia,
1452 388 1517 454 nisi
1551 391 1623 456 Dec
1654 388 1816 456 maleficia
1847 388 2068 472 displicerent,

55 474 214 558 abrogare
225 473 298 538 Deo
318 494 484 538 summum
505 471 681 556 imperium
704 482 738 538 ιι
759 473 947 558 petulanter
964 495 1038 543 scn-
1089 474 1174 540 sicut
1195 475 1360 540 contraria
1381 483 1459 540 sunt
1479 477 1551 541 eius
1572 484 1719 554 naturae,
1742 496 1863 559 poenas
1883 496 1990 558 neque
2011 475 2068 541 de-

56 560 194 626 tentiam
217 558 304 625 banc
324 559 515 644 proscindit,
538 559 711 625 consilium
722 560 786 625 Dei
804 561 944 643 primam
967 580 1039 626 esse
1090 560 1262 626 nunciaret
1281 581 1387 643 neque
1409 561 1564 645 exigeret.
1599 560 1732 645 itaque
1754 581 1995 645 supervacuum
2018 568 2070 627 cst

54 666 168 711 rerum
192 645 341 711 omnium
367 663 514 711 causam:
546 645 693 711 breviter
720 666 801 728 quas
827 646 864 710 in
891 644 1037 711 medium
1089 644 1245 729 quidquid
1267 654 1438 712 coacervat
1455 646 1583 724 nebulo,
1606 656 1645 713 ιιι
1666 668 1743 713 eum
1764 648 1805 713 ab
1826 647 2007 731 ignominia
2027 647 2069 712 li-

57 731 191 798 adducit
230 732 374 796 rationes
412 731 644 819 perstringam.
705 731 881 796 Platonem
915 733 1037 797 rectius
1089 732 1196 809 beret,
1227 732 1291 815 qua
1323 733 1431 815 ipsum
1460 733 1631 817 suggillat,
1664 734 1762 798 anxie
1789 734 1882 816 quasi
1910 734 1947 798 in
1969 753 2070 800 causa

57 818 198 884 sensisse
220 817 313 896 dicit,
364 817 400 881 ui
428 837 496 882 non
525 818 651 901 patitur
671 817 780 883 Deum
803 818 915 883 vocari
935 816 1037 882 malo·
1089 816 1189 883 dubia
1210 817 1372 896 laborans,
1395 828 1432 882 ut
1454 818 1562 883 Deum
1585 819 1736 884 ostendat
1756 817 1878 884 bonum
1900 841 1980 884 csse.

56 926 133 969 rum
155 911 311 969 autorem.
343 838 435 984 Quid
452 903 576 968 sentiat
597 902 649 969 vel
670 902 824 985 loquatur
834 903 932 968 Plato
952 925 1037 968 nun·
1175 904 1354 985 Postquam
1378 902 1577 986 aliquamdiu
1586 926 1663 969 suas
1680 904 1860 970 calumnias
1883 904 2068 984 blateravit,

57 1011 156 1074 quam
175 990 229 1057 bic
251 988 368 1055 nebulo
390 988 556 1073 cognovit
590 988 684 1054 Adeo
706 990 794 1054 enim
817 1010 837 1053 a
859 988 938 1054 mali
959 1011 1038 1055 voce
1088 989 1224 1072 propius
1253 989 1473 1073 congreditur,
1504 988 1661 1073 quosdam
1690 990 1742 1056 his
1770 990 1961 1073 periculosis
1983 1001 2069 1056 tem-

59 1075 214 1142 abhcrret
236 1076 392 1159 profanus
413 1075 471 1140 illc
492 1074 641 1157 scriptor,
664 1082 703 1139 ut
725 1074 846 1140 diserte
867 1083 966 1159 neget
986 1075 1037 1139 in·
1089 1075 1236 1158 poribus,
1267 1075 1416 1158 quamvis
1443 1096 1508 1140 non
1530 1075 1673 1140 audeant
1695 1086 1806 1159 aperte
1829 1077 1944 1142 docere
1965 1077 2070 1141 malo·

58 1161 237 1237 commoda,
265 1160 384 1244 quibus
406 1181 522 1226 sumus
544 1159 689 1239 obnoxii,
718 1181 738 1224 a
758 1161 830 1226 Deo
852 1161 1036 1243 provenire.
1089 1181 1163 1224 mm
1185 1181 1317 1226 causam
1335 1181 1406 1226 esse
1417 1161 1535 1238 Deum,
1557 1160 1795 1227 ideminnucre
1817 1162 1890 1227 aliis
1911 1161 2069 1246 loquendi

59 1246 156 1329 Quod
181 1246 265 1312 nihil
293 1245 382 1312 aliud
411 1253 475 1323 est,
502 1267 601 1330 quam
622 1246 733 1311 Deum
761 1245 892 1329 privare
920 1244 1037 1312 iudicis
1087 1245 1210 1324 formis,
1233 1244 1318 1329 quod
1336 1246 1444 1311 Adam
1465 1248 1537 1312 Dec
1558 1247 1690 1312 volente
1712 1249 1902 1330 peccaverit,
1923 1260 1957 1312 ιι
1973 1248 2070 1331 impii

57 1334 172 1398 officio.
217 1329 357 1398 Calvino
384 1341 512 1412 autem,
539 1339 673 1397 etanta
701 1352 776 1397 eum
804 1333 970 1412 Luthero,
999 1352 1037 1396 ac
1089 1353 1157 1396 non
1179 1330 1284 1397 solum
1306 1332 1370 1397 Dei
1392 1334 1571 1415 permissu,
1600 1332 1780 1398 sedetiam
1802 1333 1947 1416 impulsu
1966 1334 2069 1398 male·

57 1419 198 1497 Bueero,
218 1417 357 1502 pridem·
371 1419 480 1495 etiam
493 1418 699 1506 Augustino,
720 1418 855 1501 aliisque
877 1418 942 1502 piis
960 1417 1038 1484 doc·
1080 1419 1163 1498 ,ficia
1185 1420 1296 1484 omnia
1317 1427 1516 1503 perpetrent
1561 1419 1714 1496 Hiccum
1736 1418 1957 1506 deploratione
1979 1420 2069 1486 cxci·

57 1505 185 1570 toribus
200 1505 290 1592 ¹nihil
313 1505 427 1586 minus
443 1523 591 1587 unquam
609 1504 644 1567 in
658 1509 809 1587 'mentem
833 1505 935 1582 venit,
959 1503 1037 1569 dum
1090 1502 1139 1585 pit
1155 1502 1263 1569 bonus
1287 1503 1412 1570 rhetor:
1443 1501 1472 1572 0
1501 1502 1746 1589 miserhomo!
1776 1505 1832 1588 qui
1860 1505 1932 1570 fieri
1961 1505 2070 1589 potuit

57 1590 222 1656 summam
237 1592 390 1655 omnium
413 1591 552 1673 quaein
574 1584 698 1655 mundo
720 1597 879 1673 aguntur,
903 1609 1035 1655 causam
1090 1588 1274 1655 Dcumhcc
1296 1589 1445 1669 voluisse,
1464 1590 1519 1672 qui
1543 1594 1617 1669 [pag.
1639 1595 1691 1669 ιι]
1714 1590 1755 1654 ad
1772 1591 1951 1674 imaginem
1974 1612 2070 1657 suam

57 1698 129 1743 esse
147 1677 337 1760 praedicant
346 1673 412 1741 Dei
433 1676 650 1755 voluntatem,
674 1679 749 1754 [pag.
762 1678 795 1754 8]
818 1696 917 1758 quam
929 1677 1037 1743 Deum
1089 1673 1198 1741 Adam
1220 1675 1410 1741 creaverat?
1456 1674 1560 1756 Quasi
1581 1697 1659 1742 vero
1677 1696 1788 1741 meum
1805 1678 1849 1740 sit
1871 1675 1910 1741 de
1931 1677 2069 1743 abscon·

56 1760 235 1847 illaqueare
257 1763 366 1845 aliqua
387 1762 493 1846 culpa.
536 1761 667 1827 Passim
689 1758 850 1826 Calvinus
872 1783 1037 1828 commen·
1090 1761 1167 1826 ditis
1190 1761 1255 1826 Dei
1283 1759 1412 1826 iudiciis
1440 1770 1590 1827 exactam
1619 1762 1780 1826 rationem
1802 1760 1943 1828 reddere
1966 1774 2005 1828 ut
2026 1761 2069 1828 ad

56 1856 128 1916 tum
150 1848 190 1915 de
213 1848 362 1915 absoluta
386 1848 450 1913 Dei
471 1848 634 1931 potentia,
664 1845 750 1929 quod
770 1847 806 1911 in
828 1846 947 1913 scholis
970 1848 1038 1914 suis
1090 1867 1236 1930 unguem
1265 1856 1399 1912 teneant
1432 1847 1584 1912 mortales
1612 1848 1784 1913 coelestem
1819 1847 1908 1913 illam
1936 1849 2069 1932 sapien·

57 1936 221 2002 ventilant
242 1933 424 2018 sophistae,
453 1933 574 1999 acdter
596 1931 761 2081 ragadiat,
789 1939 824 1996 et
845 1932 1038 1999 detestabile
1090 1932 1184 2024 tiam,
1215 1933 1308 1999 cuius
1335 1932 1541 1998 altitudinem
1569 1934 1734 2017 suspicere
1761 1932 1925 1999 iubentur.
1977 1933 2068 2015 Quin

56 2042 128 2088 esse
150 2021 281 2087 asserit:
305 2020 382 2103 quia
402 2020 444 2085 ab
465 2026 600 2084 aeterna
655 2018 686 2082 ci
708 2017 870 2101 sapientia
886 2027 920 2084 et
940 2018 1037 2085 iusti·
1089 2018 1198 2100 potius
1220 2018 1355 2084 stultam
1378 2019 1464 2084 hanc
1486 2017 1715 2103 garrulitatem
1743 2020 1887 2102 praeciso
1910 2040 2068 2103 responso

56 2109 104 2173 tia
124 2108 269 2192 separari
292 2125 358 2171 non
380 2103 498 2170 debeat
519 2112 671 2188 potestas.
716 2103 791 2186 Quo
813 2104 894 2170 satis
915 2105 1037 2170 refelli·
1089 2102 1266 2186 abrumpat
1288 2104 1418 2182 Moses,
1448 2125 1550 2187 quum
1577 2103 1669 2170 dicit:
1693 2104 1894 2170 Abscondita
1916 2128 1977 2170 sua
2001 2106 2068 2170 sint

54 2202 110 2260 tur
138 2193 259 2277 impuri
287 2191 388 2257 huius
418 2192 509 2272 canis
536 2190 714 2274 protervia,
749 2188 827 2253 dum
878 2189 972 2256 robos
1004 2201 1037 2257 et
1088 2187 1170 2254 Dec'
1184 2195 1312 2255 nostro:
1335 2191 1417 2256 haec
1438 2200 1548 2256 autem
1577 2211 1660 2274 quae
1683 2190 1784 2268 trado,
1808 2191 1900 2256 vobis
1921 2191 2069 2257 revelata

51 2280 137 2348 'fidos
160 2278 315 2346 ecclesiae
332 2277 480 2343 doctores
497 2276 698 2360 blasphema,
720 2274 840 2341 horren
865 2297 885 2340 a
906 2276 1036 2342 inaudi-
1089 2283 1166 2340 sunt
1195 2273 1309 2358 (Dent.
1330 2279 1381 2352 29,
1401 2279 1464 2352 29).
1515 2275 1677 2341 Videmus
1704 2286 1742 2341 ut
1770 2276 1879 2342 Moses
1909 2277 2068 2361 populum

54 2375 153 2449 taque
173 2365 275 2432 verba
297 2363 428 2428 effirtire
450 2360 543 2439 dicit,
573 2380 656 2444 qnae
678 2382 745 2426 ncn
767 2362 877 2427 minus
899 2363 1037 2428 futiliter
1089 2360 1171 2443 legis
1189 2360 1537 2427 doctrinacontentum
1560 2382 1631 2428 esso
1653 2362 1777 2440 iubetis,
1799 2362 1933 2427 interim
1948 2362 2069 2429 admo-

58 2471 156 2535 quam
179 2450 323 2533 maligne
344 2470 387 2513 ex
408 2468 471 2513 sua
492 2446 594 2530 ipsius
615 2447 746 2513 officina
766 2448 899 2530 profert.
930 2449 1036 2514 Porro
1088 2455 1165 2511 neat
1186 2467 1253 2512 suav
1268 2447 1340 2511 Deo
1362 2468 1497 2512 manere
1517 2446 1675 2528 consilia,
1703 2470 1786 2530 quae
1815 2447 1968 2529 adorare,
1999 2470 2067 2514 non

54 2558 120 2603 non
143 2559 214 2603 esse
236 2537 345 2600 Deum
368 2534 529 2598 malorum
551 2534 684 2599 oausam
703 2532 810 2616 primo
828 2534 959 2618 exlege
977 2556 1036 2600 na·
1088 2533 1260 2615 exquirere
1275 2534 1298 2614 ¹)
1321 2541 1478 2617 oporteat.

57 2631 150 2688 turae
179 2622 307 2706 probat,
337 2627 370 2685 ct
398 2619 520 2699 divini,
548 2625 586 2684 ut
607 2620 678 2702 ipsc
699 2619 856 2702 loquitur,
884 2619 1036 2685 Platonis
1174 2617 1246 2682 lam
1268 2618 1347 2701 quia
1368 2618 1459 2684 videt
1478 2640 1571 2684 suam
1589 2620 1692 2686 aciem
1703 2620 1736 2684 in
1751 2619 1918 2704 hacpartc
1936 2619 2068 2685 retundi

57 2709 248 2787 autoritate,
280 2706 366 2788 apud
401 2725 498 2789 quem
531 2711 669 2771 vocatur
694 2706 787 2771 Deus
818 2705 896 2771 boni
927 2726 1035 2772 causa.
1087 2702 1142 2768 vel
1170 2702 1354 2782 hebescere,
1365 2705 1394 2790 ²)
1427 2705 1552 2789 stylum
1580 2727 1694 2771 rursus
1725 2706 1760 2770 in
1789 2727 1844 2771 eos
1873 2707 1977 2785 acuit,
2012 2706 2069 2790 qui

57 2794 187 2862 Salutio
211 2793 316 2860 facilis
338 2798 398 2870 est,
420 2792 455 2856 ln
477 2791 596 2857 notitia
625 2791 699 2870 boni
729 2796 762 2857 ιι
783 2790 862 2858 mali
883 2812 963 2857 vere
984 2793 1036 2857 in·
1087 2789 1159 2854 Deo
1181 2810 1248 2854 non
1269 2790 1377 2855 solum
1394 2790 1534 2869 volente,
1558 2789 1615 2857 sed
1626 2791 1726 2857 etiam
1736 2790 1927 2877 impellente
1945 2792 2069 2859 scelera

56 2881 218 2964 sculptam
241 2900 313 2945 esse
333 2877 514 2961 imaginem
535 2875 611 2942 cius·
629 2873 851 2954 rectitudinis,
879 2877 1035 2961 quamin
1088 2877 1270 2958 perpetrari
1304 2875 1425 2942 dicunt.
1476 2877 1542 2943 Hic
1567 2898 1645 2942 vero
1672 2878 1765 2961 quasi
1796 2878 1832 2941 in
1864 2877 2069 2961 amplissimo

53 2968 218 3034 Decesse
240 2967 382 3035 fatemur
402 2983 525 3028 omnes.
575 2963 687 3046 Atque
715 2962 910 3046 utquisque
931 2965 1036 3029 vitam
1088 2982 1203 3044 campo
1215 2962 1370 3041 exsultat,
1393 2961 1477 3027 nihil
1490 2978 1630 3047 prorsus
1641 2962 1889 3029 maledicentiae
1910 2964 2069 3030 omittens

55 3075 149 3120 suam
173 3053 293 3117 format
315 3049 356 3116 ad
379 3049 486 3133 legem
508 3054 654 3126 naturae,
677 3048 724 3113 ita
745 3048 868 3113 referre
889 3049 953 3114 Dei
975 3071 1035 3114 na·
1088 3046 1128 3111 ad
1151 3045 1336 3132 gravandos
1357 3049 1427 3132 pios
1439 3047 1595 3126 doctores,
1617 3069 1756 3133 quorum
1774 3050 1903 3114 utinam
1924 3049 2069 3115 virtutes

54 3147 173 3206 turam.
193 3141 222 3217 1)1
260 3136 333 3202 Deo
361 3136 450 3201 enim
483 3134 591 3217 placet
614 3134 754 3212 iustitia,
784 3133 881 3200 sicuti
910 3138 984 3213 [pag.
1003 3139 1036 3215 9]
1087 3132 1141 3198 vel
1164 3134 1342 3199 centesima
1359 3155 1401 3198 ex
1422 3143 1516 3217 parte
1533 3134 1729 3200 imitaretur.
1764 3136 2070 3220 [pag.12]Acpri·

53 3223 288 3292 abominationi
311 3230 362 3288 est
382 3220 548 3304 iniquitas.
583 3218 753 3301 Quomodo
775 3227 886 3285 antem
909 3220 1036 3287 occulto
1087 3239 1180 3282 mum
1201 3239 1256 3284 eos
1278 3220 1393 3286 miscet
1413 3219 1610 3300 Libertinis,
1628 3220 1833 3304 quibuscum
1855 3221 1884 3286 s'i
1906 3220 2070 3305 discepta-

52 3310 174 3378 indicio
195 3306 385 3375 moderetur
404 3324 636 3391 quaecunque
661 3310 809 3390 erperam
831 3305 871 3371 ab
894 3305 1035 3371 homini·
1087 3304 1134 3369 tio
1154 3305 1185 3371 ei
1207 3304 1299 3385 foret,
1322 3307 1481 3390 optimam
1502 3327 1634 3372 causam
1646 3305 1797 3389 perderet
1812 3326 1872 3391 pro
1892 3327 1954 3371 sna
1969 3307 2076 3374 insci·

52 3398 114 3463 bus
136 3399 232 3474 fiunt,
254 3403 407 3460 nostrum
428 3412 495 3458 non
517 3400 569 3458 est
589 3328 739 3471 dellbire,
773 3391 839 3477 ¹nisi
861 3390 946 3474 quod
968 3391 1035 3459 sta·
1087 3390 1158 3455 tia.
1187 3390 1260 3455 Iam
1282 3413 1384 3474 quum
1406 3400 1515 3458 exstet
1534 3391 1666 3459 (lalvini
1687 3390 1770 3457 liber
1789 3400 1904 3458 contra
1922 3392 2078 3458 Liberti·

51 3491 146 3549 tuere
167 3488 307 3566 oportet,
329 3476 487 3563 quidquid
509 3485 602 3564 agat,
624 3497 709 3543 'eum
726 3497 895 3562 nunquam
917 3476 1034 3545 deflec-
1086 3490 1162 3555 nos,
1190 3498 1257 3563 non
1279 3479 1389 3544 nrinns
1409 3477 1538 3543 fortiter
1559 3499 1657 3560 quam
1684 3477 1799 3543 dextre
1820 3476 1885 3543 Dei
1903 3477 2082 3545 iustitiam

53 3581 123 3634 tere
145 3589 165 3632 a
185 3588 245 3633 sua
265 3566 400 3632 iustitia.
692 3594 695 3600 ·
818 3592 819 3595 ¹
1087 3581 1251 3628 asserens:
1274 3562 1367 3629 cuius
1388 3563 1506 3629 frontis
1527 3571 1577 3629 est
1599 3563 1675 3628 utili
1695 3569 1872 3646 sanctoque
1883 3563 2080 3631 laboritam

139 3651 231 3718 Idem
270 3650 453 3736 respondeo
491 3649 534 3715 ad
572 3643 754 3716 secundum
793 3656 1033 3733 argumentum.
1086 3645 1258 3748 indignam
1279 3648 1465 3714 mercedem
1486 3648 1633 3715 referre?
1685 3647 1863 3714 Contendit
1883 3649 2014 3729 Deum,
2045 3644 2093 3718 εἴ

54 3737 194 3820 Quaerit
214 3737 318 3804 bonus
338 3736 394 3803 hic
415 3736 481 3802 Dei
502 3733 669 3820 patronus,
691 3735 719 3798 si
733 3732 827 3824 Deus
848 3742 943 3801 autor
959 3754 1033 3819 pec-
1088 3732 1236 3798 homines
1258 3734 1299 3798 ad
1321 3733 1524 3818 peccandum
1545 3734 1709 3818 impellat,
1738 3734 1864 3800 diabolo
1886 3736 1957 3802 iore
1979 3737 2085 3820 peio-

55 3824 121 3892 cati
136 3830 199 3901 cst,
221 3823 445 3907 curprohibet
455 3843 498 3888 ne
520 3823 587 3899 liat,
610 3829 643 3885 et
659 3818 849 3886 hominibus
866 3841 934 3886 non
944 3821 1036 3887 laxat
1087 3839 1171 3884 rem:
1200 3817 1247 3886 Ut
1268 3819 1329 3886 hoc
1346 3819 1530 3900 concedam,
1552 3820 1631 3905 quid
1650 3820 1691 3885 ad
1703 3819 1830 3886 Christi
1847 3841 1972 3900 servos,
1998 3825 2088 3907 qui·

53 3909 222 3975 habenas?
266 3910 398 3987 Primo,
413 3928 477 3992 quo
541 3908 643 3973 rtidet
663 3905 726 3971 iste
747 3906 897 3984 latratus,
924 3907 1035 3973 Deum
1087 3905 1148 3970 bus
1169 3905 1329 3971 furiosum
1352 3905 1475 3972 bellum
1495 3906 1634 3973 indicit?
1668 3905 1858 3971 Videndum
1869 3915 1986 3973 tamen
1998 3910 2083 3993 qui-

53 3995 126 4061 fieri
145 3994 268 4077 pcccati
290 3993 461 4060 autorem?
535 3999 650 4058 onstra
671 3991 761 4056 onim
783 3991 845 4056 sibi
867 3992 937 4075 ipse
958 4013 1035 4058 con·
1088 3989 1148 4055 bus
1176 3990 1358 4058 rationibus
1385 3984 1519 4057 nitatur.
1569 3993 1701 4070 Faciat,
1734 3991 1857 4076 inquit,
1891 4002 1926 4057 ιι
1958 4003 2093 4067 tentet,
2186 3985 2216 4042 -³·
2293 4021 2295 4033 ²

2196 4073 2215 4109 1

53 4081 161 4165 lingit,
184 4081 376 4231 quilbuscam
399 4079 574 4230 depggnet.
618 4076 758 4157 Deinde,
781 4076 859 4160 quid
880 4079 908 4143 si
929 4088 1035 4144 retor-
1088 4072 1193 4142 Satan
1215 4074 1371 4162 quidquid
1393 4078 1545 4163 potuerit,
1568 4078 1927 4143 hominisvoluntatem
1949 4099 2086 4167 eogere

75 4188 173 4232 neam
196 4167 274 4238 (ιό
295 4173 407 4230 tamen
426 4170 457 4230 m
502 4184 522 4232 o

54 4189 316 4319 descendenti
338 4247 593 4334 omnipotentia:
618 4249 743 4337 Sinon
765 4249 1036 4317 vultfieriDeus
1088 4248 1152 4329 bet,
1175 4249 1379 4315 voluntatem
1401 4258 1511 4334 potest
1534 4270 1659 4335 cogere.
1709 4250 1800 4334 Ergo
1828 4250 1855 4314 si
1877 4249 1920 4313 ad
1940 4253 2086 4320 malum
2182 4244 2215 4289 Δ
2269 4254 2274 4308 i

54 4360 138 4422 quae
159 4339 253 4412 fiunt,
276 4356 336 4403 cur
352 4333 422 4401 'non
444 4336 590 4420 impedit,
612 4335 669 4403 sed
690 4334 837 4401 habenas
846 4334 1036 4403 bominibus
1088 4355 1204 4419 cogere
1226 4334 1314 4414 velit,
1337 4335 1423 4401 illud'
1442 4335 1548 4414 iaciat,
1572 4335 1653 4402 velis
1670 4336 1765 4401 nolis.
1798 4335 1957 4401 Hievero
1968 4359 2088 4422 quarn
2170 4330 2213 4377 ³
2259 4347 2265 4419 i

54 4423 168 4491 laxat?
229 4421 296 4511 Sed
333 4442 374 4486 ex
409 4421 472 4488 hac
505 4421 614 4506 specie
646 4420 885 4508 repugnantiae
918 4422 1036 4488 elicere
1088 4418 1197 4486 audax
1226 4420 1270 4486 sit
1289 4421 1474 4505 imperitia,
1511 4426 1667 4505 apparet.
1704 4421 1797 4486 Inter
1822 4442 1936 4487 omncs
1967 4442 2086 4491 sanae
2167 4414 2210 4499 Ξ
2248 4449 2257 4531 Ῑ

54 4519 244 4594 promptam
266 4517 315 4574 est
338 4506 429 4591 quod*
448 4506 527 4575 dicit
548 4508 772 4593 Augustinus,
798 4507 909 4572 Deum
931 4506 1036 4572 admi·
1088 4507 1207 4571 mentis
1229 4507 1350 4589 optime
1371 4508 1534 4586 convenit,
1563 4514 1732 4591 peecatum
1753 4506 1882 4572 nullum
1905 4528 1982 4574 esse
2006 4508 2117 4593 nisi¹
2153 4502 2207 4576 ¹.
2244 4535 2249 4563 ³

54 4595 149 4662 rabili
171 4594 361 4678 occultoque
381 4591 478 4658 modo
498 4594 584 4658 iuste
601 4594 689 4659 velle
705 4594 787 4671 lieri,
809 4615 893 4677 quae
913 4593 1035 4659 iniuste
1087 4591 1318 4678 voluntarium.
1363 4593 1491 4660 Invitos
1518 4593 1573 4677 qui
1594 4612 1728 4676 peccare
1751 4592 1852 4671 dicat,
1878 4614 1948 4659 non
1974 4616 2081 4681 repe·
2142 4605 2203 4679 ‘‚
2229 4558 2246 4673 ,l

56 4683 150 4761 fiant,
173 4681 211 4747 ut
233 4684 308 4760 [pag.
330 4679 440 4759 10]‘in
457 4679 530 4763 lege
550 4699 630 4745 vere
652 4699 807 4763 expressa
828 4679 871 4744 sit
888 4680 959 4745 cius
975 4700 1035 4748 vo-
1086 4678 1199 4744 rietur.
1244 4676 1301 4745 Sic
1323 4691 1435 4746 autem
1456 4700 1498 4745 ex
1518 4679 1621 4746 verbo
1642 4678 1708 4744 Dei
1730 4677 1889 4744 Calvinus
1914 4684 1994 4762 [pag.
2018 4683 2088 4759 ιι]7
2130 4662 2196 4745 Ι
2228 4676 2236 4751 l

55 4767 176 4846 luntas,
198 4767 272 4834 odio
284 4764 405 4832 habeat
414 4764 635 4849 iniquitatem,
656 4765 887 4833 rectitudinem
908 4766 1034 4849 probet.
1086 4763 1188 4843 dccet,
1211 4764 1437 4849 Augustinum
1458 4764 1591 4848 piosque
1609 4766 1691 4831 alios
1700 4766 1875 4848 scriptores
1892 4777 2072 4850 sequutus,
2111 4797 2182 4830 a
2218 4769 2228 4861 l

55 4852 110 4918 Ex
128 4853 190 4920 hoc
211 4854 301 4944 iontc
321 4861 463 4918 manant
478 4871 562 4935 quae
583 4850 651 4935 legi
670 4850 843 4920 adiunctae
865 4858 943 4918 sunt
964 4873 1035 4918 ma·
1086 4870 1187 4934 quum
1208 4859 1325 4934 sponte
1347 4850 1497 4917 homines
1517 4858 1662 4935 peccent,
1689 4852 1799 4917 Deum
1819 4859 1934 4917 tamen
1956 4855 2068 4922 effica-
2096 4865 2217 4971 ‘q

248 5079 251 5090 =
271 5064 272 5069 ’
1156 5055 1186 5123 1)
1204 5073 1259 5112 non
1276 5072 1328 5126 pas
1345 5054 1488 5125 esplucber
1504 5071 1539 5112 nc
1556 5056 1741 5113 contrcrcller.
2189 5008 2206 5128 ,l

128 5122 157 5190 1)
175 5126 275 5181 retient
291 5132 320 5183 et
335 5132 496 5196 represents
512 5125 539 5181 lc
556 5124 665 5180 natural
682 5123 716 5180 dc
734 5124 811 5180 Dion
1155 5124 1186 5193 2)
1205 5138 1241 5182 ou
1258 5122 1356 5194 qu’elle
1373 5124 1533 5181 rebourobe.
1865 5211 1867 5216 Ι
2189 5118 2196 5191 l

2175 5209 2187 5333 ll

2159 5336 2176 5439 J

2149 5441 2167 5557 J

523 4163 645 4248 lquod
668 4163 828 4230 veredici
851 4167 1035 4249 potestprc
1088 4183 1155 4227 non
1172 4171 1296 4247 potest:
1319 4163 1420 4243 Deus,
1443 4165 1500 4248 qui
1511 4183 1568 4230 cor
1584 4163 1727 4229 hominis
1747 4165 1781 4228 in
1803 4185 1903 4228 manu
1926 4185 1993 4231 sua
2014 4168 2086 4234 ha-
2176 4163 2215 4184 “
2279 4141 2285 4198 f

2289 4049 2293 4088 l
