4724 5886
970 298 1338 371 PROLEGOMENA,
1356 305 1358 308 ’
2045 306 2153 373 XVII

152 491 297 574 ineptias
350 489 453 557 Unum
474 493 503 553 te
523 508 591 567 oro,
617 489 663 552 mi
682 487 795 569 frater,
822 492 857 552 at
880 487 910 552 si
935 489 1120 571 impendam
1140 491 1320 571 perrexeris
1349 491 1537 574 Westpleoto,
1569 514 1607 559 ea
1628 515 1692 576 qua
1710 493 1781 575 nere·
1798 499 1898 578 potest
1918 496 2153 562 manamudine

153 604 267 670 rotaria
312 604 364 667 De
386 601 486 684 ipsius
507 599 693 683 Bullingeri
714 599 915 683 Apotopetica
936 601 1133 681 expositione,
1155 601 1196 667 ad
1219 622 1317 685 quam
1338 602 1392 670 hic
1414 603 1540 685 alludit,
1562 626 1664 688 supra
1684 606 1751 671 iam
1774 607 1925 673 diximus.

310 715 468 780 Nostrum
499 720 648 777 nonest
679 710 814 777 definire
847 731 955 776 annon
988 713 1176 779 consultius.
1199 715 1321 798 egisset
1351 713 1512 782 calvinus
1543 716 1572 782 si
1605 717 1755 801 deinceps
1781 719 1893 802 155555
1919 718 2024 783 indies
2051 718 2154 784 latius

154 829 320 914 palantem
342 825 471 892 silentio
493 825 701 908 exstinguere
722 829 893 900 tentasset,
914 844 1014 905 quum
1034 823 1171 889 minime
1192 823 1376 891 timendum
1397 835 1484 892 esset
1504 847 1547 892 ne
1568 827 1748 895 helvetieae
1765 830 1919 895 ecclesiae
1936 831 1971 894 in
1989 830 2154 894 Luthera-

154 961 274 1008 norum
295 947 402 1005 castra
424 936 611 1014 transirent,
633 955 738 1017 neque
761 935 864 1018 magis
886 933 1084 1017 sperandum
1107 935 1174 1000 fore
1196 945 1234 1001 ut
1254 936 1290 1001 hi
1312 938 1415 1021 ipsius
1437 940 1639 1023 argumentis
1661 939 1780 1006 deviati
1801 942 1942 1024 pristine
1958 940 2023 1006 fide
2041 940 2155 1007 relicta

154 1073 276 1137 novam
305 1061 339 1116 et
360 1049 500 1114 alienam
523 1047 805 1130 amplecterentur.
861 1045 959 1111 Certe
986 1044 1068 1110 nihil
1099 1047 1206 1112 effecit
1232 1047 1338 1113 denuo
1368 1050 1436 1115 acie
1461 1050 1623 1117 instructa
1644 1064 1677 1116 et
1696 1051 1890 1121 violentiora
1910 1053 2011 1117 etiam
2029 1054 2156 1134 impetn

155 1166 190 1230 iu
213 1164 339 1229 hostem
362 1138 455 1238 facto,
477 1160 534 1242 qui
554 1159 684 1242 longius
703 1156 845 1222 distabat
861 1177 959 1239 quam
976 1165 1013 1220 ut
1031 1157 1089 1221 tali
1106 1158 1172 1223 telo
1189 1161 1303 1226 confici
1320 1162 1485 1243 potuisset
1531 1161 1698 1246 Quidquid
1716 1165 1767 1243 sit,
1789 1174 1948 1248 vergente
1966 1184 2051 1228 anno
2072 1168 2153 1226 1555

156 1274 334 1344 secundum
357 1279 391 1338 55
412 1272 576 1355 aliquanto
597 1270 789 1352 ampliorem
815 1268 961 1334 libellum
982 1270 1173 1353 conseripsit
1193 1272 1228 1335 in
1250 1272 1342 1336 cuius
1362 1273 1457 1338 titulo
1478 1273 1545 1338 iam
1566 1275 1760 1343 nominatim
1780 1274 2016 1358 Westphalum
2038 1295 2161 1357 provo-v

155 1389 244 1454 cavit
265 1394 302 1451 ut
322 1384 606 1461 calumniatorem,
635 1390 802 1463 atquem,
831 1401 918 1445 vana
940 1400 1018 1445 sane
1039 1380 1191 1464 opinione
1214 1381 1360 1459 delusus,
1389 1384 1468 1467 ipsis
1490 1383 1654 1451 dedicavit
1686 1386 1836 1452 Omnibus
1859 1385 1979 1451 Christi
1997 1385 2156 1451 ministris

154 1500 212 1582 qui
240 1517 359 1581 perram
389 1495 539 1578 eoanpdii
572 1493 744 1559 doarinom
775 1493 809 1557 in
835 1494 994 1558 sanemus
1021 1493 1156 1558 entesiis
1182 1498 1210 1558 et
1240 1493 1414 1560 Germania
1434 1496 1585 1577 inferiore
1606 1497 1708 1562 cotum
1728 1502 1956 1580 assonantur.
2002 1495 2153 1578 Quorum

154 1610 280 1676 seilicet
301 1627 476 1672 numerum
493 1613 525 1671 et
545 1605 716 1690 παρῤησίαν
742 1603 846 1668 multo
872 1605 1028 1668 maiorem
1051 1605 1114 1669 sibi
1136 1605 1234 1669 finxit
1255 1627 1352 1689 quam
1374 1628 1492 1672 revera
1514 1609 1585 1673 fuit.
1630 1608 1920 1674 Melanehthonem
1942 1606 2073 1691 quidem
2094 1606 2157 1673 sibi

154 1723 320 1788 faventem
342 1717 492 1796 habebat,
514 1738 631 1783 verum
651 1716 722 1798 ipse
744 1715 874 1797 saepius
897 1714 936 1780 de
958 1715 1103 1780 eiusdem
1124 1716 1300 1782 timiditate
1321 1726 1519 1801 conquestus
1540 1719 1655 1798 fuerat,
1680 1741 1786 1802 neque
1808 1730 1879 1785 erat
1900 1719 1987 1803 quod
2010 1726 2158 1802 speraret

155 1834 247 1898 hunc
274 1830 373 1895 talem
401 1831 523 1905 virum,
546 1826 662 1893 mediis
689 1828 723 1892 in
750 1824 855 1891 turbis
882 1835 1084 1906 versantem,
1111 1835 1146 1892 et
1172 1828 1345 1893 turbarum
1373 1830 1555 1895 fautoribus
1580 1832 1724 1896 maxime
1752 1841 1954 1915 suspectum,
1986 1831 2095 1915 palam
2124 1838 2158 1896 et

154 1944 257 2011 libere
289 1942 518 2008 Helvetiorum
551 1938 723 2004 formulam
756 1938 976 2021 professurum
1010 1960 1088 2004 esse.
1133 1940 1217 2004 Eius
1248 1961 1328 2005 vero
1362 1941 1538 2024 discipulos
1567 1948 1601 2007 et
1628 1943 1782 2022 asseclas,
1816 1949 1908 2007 tanto
1941 1943 2157 2026 antesignano

154 2055 311 2141 lacrymis
332 2053 440 2137 potius
462 2072 560 2135 quam
581 2049 777 2134 quibuslibet
798 2050 898 2114 armis
921 2048 1117 2129 decertante,
1140 2053 1262 2116 maiore
1284 2051 1400 2118 ardore
1421 2053 1635 2120 fanaticorum
1657 2054 1765 2118 zelum
1787 2054 1961 2119 retundere
1984 2062 2157 2120 conaturos

155 2189 238 2245 esse,
260 2187 323 2250 quo
344 2172 439 2249 pacto
460 2164 530 2242 hoo,
554 2182 682 2245 quaeso,
706 2161 768 2226 sibi
789 2159 985 2244 persuadere
1007 2161 1157 2244 poterat?

311 2276 440 2360 Operae
466 2276 609 2358 pretium
636 2272 752 2339 facturi
779 2272 872 2338 nobis
900 2272 1052 2338 videmur
1078 2273 1106 2338 si
1127 2273 1230 2356 ipsius
1251 2275 1375 2341 autoris
1397 2274 1552 2340 iudicium
1575 2274 1615 2340 de
1636 2296 1696 2341 sue
1717 2277 1838 2359 scripto
1860 2275 1913 2342 hio
1936 2296 2156 2341 memoremus

158 2411 201 2455 ex
226 2388 363 2473 epistola
390 2387 431 2452 ad
458 2387 688 2470 Bullingerum
714 2383 743 2449 d.
768 2388 818 2447 26.
842 2385 1034 2465 Decembris
1053 2383 1128 2448 data
1149 2383 1355 2468 desumptum
1386 2376 1631 2464 (Arch.'Turic.
1659 2387 1747 2453 Plut.
1771 2389 1831 2453 VI.
1861 2389 1924 2455 vel.
1950 2393 2008 2451 156
2037 2387 2090 2452 fol.
2115 2391 2153 2452 21

156 2503 313 2585 autogr.):
338 2499 497 2581 Refatatio
525 2495 696 2576 Westptoti
717 2516 798 2561 nunc
818 2497 984 2562 macene
1004 2501 1033 2561 et
1053 2495 1137 2561 breui
1158 2498 1193 2561 in
1214 2497 1311 2562 baem
1332 2498 1426 2563 eribit
1548 2497 1659 2563 Artem
1680 2498 1811 2564 5555555
1832 2505 1866 2563 ut
1882 2520 1976 2580 quam
1988 2499 2152 2581 pannosi·

154 2631 223 2679 mos
244 2613 432 2694 offendnem
477 2609 530 2674 Ea
550 2608 672 2675 15551555
691 2609 784 2691 facite
805 2609 862 2674 tibi
877 2608 995 2690 patebit
1015 2613 1166 2690 quartem
1191 2628 1300 2690 operae
1320 2610 1355 2673 in
1376 2608 1558 2688 detntenda
1580 2630 1686 2676 eornm
1707 2612 1762 2692 qui
1783 2611 1978 2677 5555551555
1998 2611 2155 2677 sanabiles

153 2725 296 2804 invidio,
324 2744 361 2790 ac
388 2725 481 2788 etiam
509 2720 1090 2804 monmorenciacensem
1110 2719 1160 2784 sit.
1205 2719 1372 2785 Hominem
1393 2721 1500 2802 ipsum
1516 2722 1617 2802 panto
1639 2724 1785 2804 asperius
1805 2743 1861 2801 me,
1884 2742 1978 2804 qaam
1994 2722 2157 2804 putabam

152 2840 305 2902 manasse
324 2856 406 2901 nunc
426 2833 623 2917 deprehende.
670 2831 731 2898 Sed
758 2833 835 2915 qnia
861 2832 978 2913 fratres
1004 2831 1135 2911 eonem
1156 2832 1218 2896 sibi
1243 2832 1441 2898 immodicam
1461 2833 1679 2899 achemeniam
1699 2833 1801 2898 uideri
1822 2839 1989 2916 naporum,
2014 2855 2063 2899 me
2078 2855 2155 2917 per-

153 2949 285 3014 suaderi
306 2968 366 3012 non
387 2967 477 3030 aepre
493 2964 612 3027 passm
632 2963 711 3009 sum.
758 2942 804 3008 Si
816 2948 935 3026 tempus
956 2942 1083 3021 tulisset,
1106 2947 1259 3023 optassem
1280 2944 1424 3024 1515511555,
1446 2949 1611 3027 animuum
1632 2945 1778 3023 canam,
1800 2944 1855 3010 abs
1877 2950 1905 3009 te
1927 2946 2045 3011 ledum
2092 2944 2156 3010 aee

152 3063 243 3125 tanta
271 3059 334 3140 fait
358 3058 516 3141 festinatio
543 3061 578 3119 ut
604 3056 784 3120 didaoerim
810 3058 945 3134 5555555,
976 3054 1063 3119 alias
1087 3053 1239 3138 relegerit,
1266 3055 1339 3120 inde
1359 3055 1449 3137 prelo
1476 3076 1548 3122 mon
1574 3056 1786 3121 annuerim.
1833 3055 1931 3137 Spero
1952 3061 2054 3122 tamen
2072 3055 2154 3122 nitri

152 3167 703 3254 mmmmmm
1603 3148 1614 3175 ·

309 3281 438 3348 Prodiit
468 3278 662 3362 opuseulum
694 3297 807 3342 mense
839 3278 994 3343 Ianuario
1023 3298 1051 3342 a
1078 3282 1158 3341 1556
1191 3280 1324 3361 eiusque
1356 3279 1524 3362 exemplar
1556 3300 1632 3345 eum
1664 3279 1767 3344 literis
1795 3279 1987 3364 Bullingero
2018 3281 2153 3344 mittens

154 3415 287 3460 rursum
298 3393 338 3459 de
350 3392 463 3457 eodem
473 3391 542 3474 ipse
555 3398 649 3455 autor
659 3389 706 3455 sie
717 3389 830 3456 scribit
852 3388 897 3471 (d.
911 3389 1043 3454 25155.
1057 3388 1158 3455 Arcb.
1171 3390 1283 3474 'ligur
1295 3388 1371 3455 ibid.
1384 3391 1437 3456 fol.
1451 3394 1490 3454 25
1503 3390 1659 3478 autogr.):
1693 3391 1744 3456 De
1774 3390 1945 3472 Westpdati
1970 3391 2155 3473 refutatione

154 3505 232 3589 prid
259 3506 378 3571 satias
404 3506 485 3586 ipse,
513 3507 542 3567 et
566 3503 658 3583 quale
683 3503 726 3566 sit
750 3501 887 3566 aenam
912 3501 984 3566 istic
1008 3500 1177 3580 iudicium,
1204 3502 1294 3567 aeide
1320 3502 1401 3567 scire
1430 3507 1543 3583 expeto.
1597 3501 1699 3568 Ponto
1720 3502 1966 3567 cetenentiorem
1986 3520 2035 3566 me
2054 3501 2157 3582 faisse

154 3617 246 3682 rideo
264 3636 361 3698 qnam
380 3617 414 3680 in
435 3616 541 3680 animo
560 3614 673 3695 fuerat.
717 3611 780 3678 Sed
800 3614 900 3678 aneio
921 3612 1069 3695 paeonio
1087 3613 1168 3678 inter
1189 3614 1369 3679 5555555555
1385 3613 1466 3678 mitn
1487 3615 1615 3695 etopsses
1635 3633 1715 3678 5555.
1763 3612 1800 3677 Si
1817 3614 2051 3694 conplacuerit
2068 3612 2153 3692 tiber,

154 3728 265 3794 enen
285 3727 394 3792 sotem
414 3726 514 3791 licebit
533 3746 594 3790 non
614 3723 715 3805 fuisse
737 3746 757 3788 a
778 3744 826 3789 me
846 3725 995 3807 scriptum
1017 3724 1068 3810 (t).
1117 3723 1178 3790 Sed
1197 3725 1312 3809 absque
1332 3726 1408 3801 ioco,
1430 3726 1478 3789 ito
1496 3727 1564 3808 fore
1586 3725 1642 3790 tibi
1663 3730 1692 3789 et
1710 3725 1844 3805 reliquis
1858 3723 2014 3806 fratribus
2028 3728 2157 3807 9555555

153 3861 261 3924 spero,
286 3844 322 3905 nt
350 3839 507 3905 excusatio
533 3837 710 3918 555555ιᾶ5
738 3856 799 3900 non
826 3837 877 3902 sit.
942 3836 1161 3901 Praelationis
1188 3836 1383 3920 subscriptio
1411 3837 1513 3902 refert
1534 3837 1645 3902 Nonas
1662 3835 1833 3901 Ianuarias
1855 3855 1882 3899 5.
1910 3840 2016 3910 1556.
2045 3835 2155 3918 Ipsius
2185 3921 2188 3926 1

153 3951 231 4017 libri
253 3951 369 4016 titulus
389 3949 444 4014 hie
464 3949 541 4014 fuit:

310 4071 478 4128 saeuum
506 4054 511 4158 1
539 4044 845 4130 DEFENSIO
873 4045 879 4149 l
906 4058 1016 4124 Plan
1038 4058 1098 4124 ΕΤ
1120 4056 1445 4127 OR'uHODOXAE
1472 4068 1477 4135 l
1501 4068 1552 4123 on
1574 4055 1829 4122 5555555555·
1851 4055 2018 4143 1555551
2039 4057 2154 4124 mnae

155 4173 311 4240 Ioutbt‘mt'
339 4172 512 4254 Westpitali
532 4171 716 4250 calamiae,
734 4176 739 4244 Ι
758 4180 899 4235 IOANNE
922 4178 1081 4251 CALVINO
1104 4180 1283 4236 svenosa
1313 4171 1318 4259 Ι
1346 4178 1512 4246 (anolino)
1540 4176 1546 4245 Ι
1575 4177 1627 4232 Ex
1647 4177 1820 4233 eumelus
1844 4171 2148 4253 TYPOGRAPHIGAl

152 4295 304 4352 5555555
322 4294 485 4363 emerim,
510 4292 515 4360 l
540 4281 587 4348 51
610 4281 653 4347 D.
676 4281 770 4347 LVI.

308 4396 482 4462 Emblema
513 4405 563 4488 555
595 4393 739 4476 Orispini
774 4391 926 4458 SAORA
960 4391 1197 4459 ANOHORA.
1260 4393 1383 4458 llorma
1403 4391 1527 4457 'eadem
1559 4411 1597 4456 55
1629 4392 1754 4473 primae
1784 4392 2001 4457 Defensianis.
2063 4391 2150 4477 [l'ypi

152 4509 297 4575 maiores
317 4508 455 4583 cursivi;
477 4505 547 4572 sola
567 4506 725 4589 praelatio
747 4504 927 4569 minoribus
948 4506 1091 4571 55555515
1112 4505 1168 4588 qui
1186 4503 1339 4569 (11555555
1349 4504 1518 4586 'exscripta
1534 4508 1593 4568 est.
1637 4501 1880 4584 Quateruiones
1901 4511 1980 4567 sunt
1995 4501 2149 4569 undecim

154 4623 240 4706 (a-
254 4620 289 4698 1),
311 4618 450 4703 paginae
472 4624 661 4683 numeratae
686 4620 755 4682 172.
798 4615 961 4683 Ultimum
990 4616 1103 4682 folium
1135 4638 1285 4682 vacuum.
1335 4612 1522 4680 Penultimo
1546 4615 1749 4697 ‘impressum
1786 4622 1837 4679 est
1867 4612 1955 4677 idem
1989 4612 2149 4678 emblema

152 4729 354 4817 typographi
382 4729 484 4795 multo
507 4729 640 4794 maioris
662 4726 786 4793 moduli
808 4748 882 4793 eum
906 4728 1154 4811 subscriptione:
1178 4725 1336 4792 MENSE
1354 4725 1594 4793 IANVARIO.
1617 4725 1663 4792 M.
1677 4725 1718 4790 D.
1731 4725 1822 4789 LVI.
1867 4722 2028 4789 Editionis
2051 4723 2148 4788 huius

151 4843 312 4929 principis
332 4840 500 4924 exemplar
519 4840 583 4923 ipsi
603 4838 814 4924 possidemus.
859 4839 910 4904 De
932 4838 1126 4905 editionibus
1146 4838 1379 4906 55555515τὶ555
1401 4837 1545 4904 dicemus
1566 4838 1662 4903 infra.
1772 4878 1774 4884 ,

311 4951 472 5019 Addimus
499 4974 541 5017 er
568 4952 682 5018 multis
703 4951 775 5017 aliis
795 4949 950 5016 selectum
971 4950 1098 5016 Halleri
1120 4951 1161 5017 de
1181 4953 1243 5018 hoc
1263 4950 1345 5016 libro
1365 4951 1598 5016 testimonium.
1642 4947 1710 5030 Qui
1730 4946 1844 5013 Idibus
1862 4944 1992 5011 Martiis
2012 4963 2040 5008 a
2067 4947 2148 5010 1556

151 5066 194 5134 ad
217 5064 449 5149 Bullingerum
470 5064 551 5129 haee
570 5063 671 5129 habet
692 5063 808 5147 (Areh.
829 5063 940 5146 Tigur.
963 5062 1051 5127 Plat.
1076 5062 1135 5128 VI.
1158 5071 1234 5127 tom.
1264 5068 1331 5142 115,
1355 5062 1408 5128 151.
1431 5065 1515 5127 2955
1538 5067 1694 5144 autogr.):
1718 5057 1844 5125 0515151
1864 5056 2031 5121 secundm
2048 5057 2150 5140 defen

149 5179 272 5246 sionem
298 5175 359 5259 topi
386 5176 443 5256 ani
469 5195 543 5241 suos
569 5194 688 5257 seraper
714 5173 801 5241 tabet
829 5175 974 5257 loquendi
1000 5174 1113 5239 modes.
1158 5172 1283 5239 Interea
1309 5178 1412 5241 tomen
1438 5173 1575 5240 medatis
1599 5171 1740 5238 omnbus
1766 5190 1800 5236 se
1826 5170 1931 5250 ipsum
1965 5169 2149 5250 capticando

259 5302 476 5374 0515555555
514 5302 572 5359 Vol.
590 5301 645 5356 IX.
1922 5293 1943 5352 C
