4776 5844
160 240 204 301 ι
623 188 631 195 ’
819 289 820 293 ι
897 236 1085 304 course
1107 234 1450 303 wnsrrninun.
2133 243 2175 304 re

171 425 249 504 eius,
272 424 331 491 vel
354 426 417 491 erit
438 425 623 505 descensus,
645 445 742 509 quam
764 424 866 490 fallax
888 431 923 491 et
943 425 1042 495 inane
1059 445 1150 507 speo-
1202 445 1300 491 earne
1321 423 1554 507 inspirandam.
1567 425 1592 509 ¹)
1642 425 1726 492 Uter
1753 426 1804 491 de«v
1821 424 1956 492 Christo
1982 427 2088 512 magis
2115 429 2176 497 ho-

170 509 284 576 trum?
330 512 380 576 Et
406 512 434 576 si
454 510 529 576 tam
557 513 760 595 propinquus
782 511 876 576 nobis
897 520 949 577 ιιι
970 511 1149 577 secundum
1201 510 1335 576 norifioe
1362 511 1510 593 loquitur
1540 533 1577 578 ao
1605 512 1717 592 sentit,
1746 532 1865 596 egone,
1894 512 1949 594 qni
1972 512 2038 577 fide
2065 517 2177 584 omnia

168 618 296 680 eorpus,
320 617 431 662 noune
452 606 701 681 praeposterum
723 601 797 678 [pag.
811 602 865 675 71]
883 596 1149 679 fuitooelosape·
1200 594 1438 678 impedimenta
1459 597 1690 674 transscendo,
1713 607 1750 663 ιι
1776 608 1866 663 certo
1888 607 2032 663 statuam
2040 602 2068 680 ²)
2102 624 2176 668 eoe-

168 683 238 760 riri,
261 693 300 747 ut
321 704 398 748 enm
411 680 601 765 Stephanus
619 684 656 747 in
677 682 782 767 gloria
804 703 864 747 sua
885 682 1055 747 sedentem
1073 703 1149 747 oon-
1200 682 1276 748 lesti
1288 680 1415 747 Christi
1432 684 1578 766 potentia
1590 685 1690 749 vitam
1704 704 1745 748 ex
1757 686 1829 748 eius
1851 702 1951 749 carne
1972 684 2008 747 in
2030 686 2175 754 animam

169 769 311 851 spiceret
340 771 428 847 (Aet
452 775 481 846 7,
502 767 580 853 56)?
631 767 708 835 seio
734 768 813 852 quid
840 768 989 834 cavillari
1011 768 1148 846 soleant,
1200 787 1308 833 meam
1331 767 1489 834 defluere:
1513 768 1793 852 anWestphalus,
1815 770 1868 834 oui
1889 770 2018 836 vivifiea
2041 791 2106 836 non
2123 780 2175 838 est

169 853 333 920 coelorum
367 855 499 920 nomine
533 855 617 919 nihil
649 875 747 937 qnam
781 854 978 919 immensam
1011 853 1149 936 gloriam
1202 852 1326 918 Christi
1349 874 1434 933 earo,
1463 854 1526 919 nisi
1555 863 1716 937 quatenus
1737 855 1773 919 in
1795 876 1831 919 os
1853 863 1886 919 et
1907 866 2058 921 ventrem
2079 858 2174 941 inge-

167 942 286 1005 notari.
330 938 458 1004 Verum
481 941 510 1004 si
532 941 679 1007 consulto
700 939 849 1006 sublatus
871 946 922 1005 ιιι
944 960 963 1004 a
984 946 1087 1016 terra,
1116 945 1150 1002 et
1199 937 1307 1002 ritur?
1357 940 1520 1022 Perplexa
1546 940 1599 1005 hio
1627 962 1695 1005 non
1721 961 1797 1024 ago:
1832 942 1860 1006 si
1887 941 2013 1007 Christi
2040 962 2174 1007 carnem

164 1024 275 1091 nubes
295 1026 490 1108 interposite
516 1026 594 1104 fuit,
626 1034 665 1090 ut
692 1047 727 1090 se
755 1027 829 1108 piae
857 1034 985 1090 mentes
1018 1034 1149 1089 sursum
1201 1022 1383 1106 dispensari
1411 1025 1499 1103 vult,
1533 1026 1707 1091 assentior:
1742 1025 1830 1091 modi
1865 1034 1994 1092 tantum
2029 1025 2175 1094 definitio

166 1111 338 1192 attollant,
365 1131 537 1194 perperam
569 1110 742 1176 invisibilis
765 1110 924 1175 habitatio
951 1109 1147 1188 obtruditur,
1199 1110 1381 1191 quaeritur,
1410 1131 1508 1192 quam
1530 1131 1590 1194 ego
1618 1111 1723 1176 oeulis
1744 1112 1895 1191 subiieio,
1922 1113 1993 1194 ipse
2020 1133 2174 1194 perverse

165 1214 252 1279 quae
273 1196 348 1262 fidei
369 1217 538 1262 assensum
560 1199 731 1262 reflectens
753 1196 921 1262 subsidere
932 1215 991 1260 nos
1013 1196 1048 1258 in
1060 1206 1149 1259 terra
1200 1194 1392 1278 ambagibus
1417 1196 1566 1262 involvit.
1622 1196 1696 1262 Hoo
1723 1197 1750 1263 si
1773 1199 1931 1263 memoria
1952 1205 2087 1262 teneant
2108 1200 2174 1267 lec·

167 1290 273 1366 oogat
307 1281 420 1362 Quare
436 1282 602 1360 iudicium,
625 1283 710 1366 quod
729 1281 884 1348 ecclesiae
901 1281 1034 1345 nomine
1052 1301 1146 1346 eruc·
1199 1290 1295 1359 tores,
1318 1281 1454 1363 posthae
1476 1281 1568 1346 nullo
1591 1284 1735 1364 profectu
1757 1283 1935 1348 mentietur
1945 1283 2172 1367 Westphalus,

166 1367 455 1451 tatWestphalus,
478 1366 508 1434 ei
531 1366 765 1433 resorbendum
787 1375 847 1445 est,
871 1366 1002 1432 deviare
1020 1388 1040 1431 a
1057 1373 1146 1432 recta
1199 1366 1239 1431 de
1267 1365 1375 1433 carnis
1405 1367 1533 1432 Christi
1558 1369 1806 1453 participatione
1840 1368 1935 1434 nobis
1957 1368 2058 1434 litem
2091 1391 2171 1436 esse.

164 1453 242 1533 fide,
266 1454 322 1537 qui
332 1452 504 1518 Christum
524 1474 658 1536 corpore
680 1454 716 1517 in
728 1473 829 1517 coena
850 1460 1056 1535 praesentem
1075 1472 1145 1517 esse
1196 1450 1267 1517 Nec
1288 1472 1366 1516 vero
1387 1452 1517 1517 inscitia
1541 1453 1608 1518 labi
1636 1456 1757 1536 potuit,
1787 1462 1855 1519 tam
1884 1454 2060 1539 diligenter
2080 1475 2100 1519 a
2120 1477 2173 1521 me

162 1561 234 1604 non
256 1538 448 1604 concedunt
492 1540 600 1604 Nemo
622 1541 710 1604 enim
732 1560 832 1604 sanae
855 1539 976 1602 mentis
1000 1546 1039 1601 ut
1060 1535 1144 1602 iudi·
1198 1536 1400 1602 admonitus:
1423 1537 1481 1602 sed
1502 1546 1541 1602 ut
1561 1539 1734 1605 victoriam
1746 1538 1832 1623 apud
1849 1540 2018 1624 imperitos
2035 1547 2171 1619 teneret,

163 1626 214 1691 eis
240 1625 322 1690 solio
344 1623 440 1689 nihili
469 1625 636 1690 hominem
663 1627 822 1707 imponat,
856 1624 1082 1707 Augustinum
1105 1624 1146 1688 ab
1196 1644 1267 1687 rem
1287 1623 1523 1689 lucidissimam
1546 1633 1617 1689 atro
1639 1626 1779 1691 carbone
1807 1636 1922 1692 notare
1944 1625 2037 1691 nulla
2057 1626 2173 1710 religio

163 1710 305 1775 eeclesia
327 1710 442 1776 eiiciet.
475 1710 578 1794 Atqui
590 1709 761 1777 nobiseum
783 1709 839 1774 ille
857 1710 944 1775 clare
963 1709 1106 1773 affirmat
1120 1711 1145 1793 ¹)
1196 1729 1234 1775 ao
1256 1709 1369 1774 nullus
1401 1708 1505 1792 pudor
1537 1711 1609 1776 fuit.
1659 1711 1802 1777 Perinde
1830 1712 1980 1795 putidum
2009 1719 2060 1776 ιιι
2086 1711 2173 1795 quod

163 1795 348 1861 secundnm
369 1797 589 1878 praesentiam
617 1796 800 1861 maiestatis
823 1794 992 1860 Christum
1015 1816 1146 1877 semper
1197 1793 1328 1860 subiicit
1355 1796 1567 1879 figmentum,
1601 1818 1667 1861 non
1694 1796 1828 1862 eredere
1859 1820 1918 1862 nos
1952 1797 2024 1861 dari
2056 1818 2173 1863 verum

160 1881 320 1947 fidelibus
341 1881 470 1947 adesse:
491 1880 1034 1964 seeundumpraesentiamoarnis,
1056 1889 1146 1945 recte
1195 1901 1321 1964 eorpus,
1344 1881 1408 1946 nisi
1429 1900 1602 1946 cernemus
1624 1882 1860 1966 palpemusque
1878 1904 2010 1948 carnem
2033 1888 2067 1947 et
2088 1905 2171 1949 ossa

164 1966 335 2050 discipulis
349 1987 421 2032 esse
434 1965 571 2032 dictum:
594 1967 730 2031 Menon
748 1965 1059 2050 semperhabcbitis.
1093 1967 1144 2032 Ao
1196 1965 1285 2047 Quin
1308 1967 1416 2049 potius
1444 1987 1562 2049 corpus
1584 1987 1603 2030 ι
1625 1967 1712 2033 coelo
1736 1972 1809 2046 [pag.
1830 1973 1884 2047 74]
1907 1988 1974 2032 non
1995 1968 2172 2033 detrahen-

162 2073 208 2117 ne
229 2054 265 2117 in
288 2053 486 2118 vooeoamis
503 2053 662 2136 effugium
684 2054 808 2117 frustra
829 2060 987 2134 captetur,
1011 2073 1144 2116 sensum
1197 2059 1262 2125 tes,
1293 2052 1386 2116 nobie
1414 2060 1526 2116 tamen
1552 2051 1623 2115 dari
1645 2052 1821 2131 credimus,
1849 2065 1887 2118 ιι
1908 2055 1943 2118 in
1966 2054 2171 2136 spiritualem

163 2159 264 2203 suum
286 2138 390 2203 firsius
402 2139 546 2221 exponit,
565 2137 652 2221 quod
674 2158 791 2220 eorpus
814 2137 1005 2202 crucifixum
1017 2138 1053 2201 in
1071 2157 1143 2202 eoe-
1195 2137 1297 2201 vitam
1320 2158 1396 2202 vere
1419 2137 1547 2201 animas
1568 2144 1697 2203 nostras
1719 2139 1785 2202 alat
1804 2160 1841 2205 ae
1865 2148 2002 2222 vegetet.
2047 2140 2171 2205 Iamsi

158 2223 213 2289 ]οι
235 2223 415 2302 sustulerit,
437 2223 576 2307 ideoque
597 2225 763 2289 internos
783 2243 849 2289 non
872 2231 1029 2288 versetur.
1074 2221 1143 2288 Cb·
1195 2243 1272 2287 suas
1299 2222 1373 2286 illas
1402 2223 1611 2305 exceptiones
1639 2223 1784 2307 ingerat,
1817 2227 1853 2290 in
1890 2223 2047 2289 tradendo
2074 2222 2171 2288 modo

160 2310 235 2376 iioit
255 2329 391 2374 rursum
413 2309 645 2392 Westphalus,
673 2309 852 2384 ecelesiam,
874 2308 1012 2372 verbum
1035 2316 1070 2373 ιι
1091 2330 1143 2373 sa·
1194 2308 1401 2390 geometricis
1423 2308 1604 2373 rationibus
1626 2330 1816 2375 noscoenae
1839 2310 2033 2395 mysterium
2051 2311 2172 2390 metiri,

159 2401 335 2461 eramenta
356 2417 377 2459 a
397 2394 516 2477 spiritu
538 2395 662 2460 Christi
690 2396 726 2459 in
752 2395 848 2460 nobis
877 2392 1054 2458 habitantis
1082 2415 1143 2459 ιιι
1194 2393 1298 2458 facilis
1317 2400 1350 2458 ιι
1370 2403 1520 2477 prompta
1538 2395 1706 2459 excusatio
1724 2404 1782 2474 est,
1805 2397 2006 2479 patefactum
2028 2415 2099 2460 esse
2117 2396 2170 2461 vel

162 2501 328 2564 separare.
372 2479 532 2546 Discedat
548 2480 652 2564 igitur
672 2481 743 2563 ipse
761 2481 802 2545 ab
823 2480 968 2557 ecclesia,
992 2484 1066 2558 [pag.
1087 2485 1141 2559 72]
1194 2479 1264 2561 eius
1287 2480 1487 2558 testimonio,
1516 2500 1576 2543 nos
1598 2482 1707 2562 potius
1729 2501 1770 2544 ex
1793 2481 1919 2546 Christi
1940 2501 1996 2545 ore
2018 2478 2172 2561 pendere,

160 2567 257 2631 ouius
286 2565 388 2631 fidem
414 2565 525 2632 verbis
551 2567 633 2632 meis
660 2569 844 2650 profitetur.
898 2564 1043 2630 Coenam
1065 2564 1141 2648 plus
1195 2564 1274 2628 dum
1297 2565 1368 2630 eius
1390 2564 1492 2630 verba
1513 2586 1573 2629 nos
1591 2574 1746 2648 torquere
1767 2567 1927 2631 clamitat:
1969 2566 2108 2648 Palpate
2139 2574 2173 2630 ιι

158 2651 289 2717 centies
323 2649 392 2715 dixi
424 2673 555 2718 sacrum
594 2673 666 2717 esse
699 2651 869 2718 vinculum
901 2661 1032 2716 nostrae
1057 2672 1141 2716 eum
1193 2649 1319 2729 videte;
1342 2651 1477 2731 spiritus
1495 2672 1627 2716 carnem
1650 2658 1684 2716 ιι
1702 2672 1776 2717 ossa
1796 2674 1864 2717 non
1885 2652 1983 2718 habet
2003 2652 2099 2733 (Luc.
2120 2655 2170 2730 24,

157 2735 299 2802 Christo
327 2737 473 2803 unitatis.
527 2738 645 2803 Palam
677 2738 714 2802 in
741 2737 930 2802 defensione
952 2735 1141 2802 Conseusus
1195 2734 1261 2818 39).
1317 2733 1408 2815 Quid
1436 2734 1476 2801 de
1504 2735 1628 2802 Christi
1657 2758 1792 2821 corpore
1824 2736 1919 2803 nobis
1952 2735 2170 2815 sentiendum,

156 2842 289 2898 assero,
318 2822 494 2888 efficaciter
520 2822 583 2887 hoo
610 2842 734 2906 organo
757 2822 928 2887 Christum
951 2821 1015 2897 uti,
1046 2828 1084 2886 ut
1104 2823 1140 2887 in
1193 2820 1256 2885 nisi
1280 2821 1366 2903 quod
1387 2823 1457 2903 ipse
1474 2822 1692 2903 pronunciat?
1742 2824 1811 2889 Nos
1833 2823 2007 2889 Euclidem
2028 2822 2082 2886 hio
2103 2845 2171 2887 non
2238 2903 2240 2905 μ

157 2906 259 2972 nobis
281 2906 417 2972 habitet.
461 2906 574 2973 Verba
599 2927 689 2984 mea,
716 2906 836 2989 quibus
865 2907 1019 2972 ecelesiae
1040 2906 1140 2972 fidem
1193 2906 1382 2971 asciscimus
1410 2906 1505 2971 nobis
1532 2917 1720 2989 patronum:
1749 2908 1805 2974 sed
1828 2910 2062 2990 acquiescimus
2090 2907 2171 2973 Filii

155 3000 319 3074 exponat,
343 2992 423 3057 dnm
444 2999 616 3058 mutuatur
637 2992 870 3075 Westphalus,
899 2991 1016 3057 saltem
1045 2993 1080 3056 in
1102 3013 1141 3057 ea
1192 2991 1257 3056 Dei
1279 2993 1477 3071 sententiae,
1508 3014 1548 3057 ex
1577 3014 1641 3076 quo
1669 2995 1790 3075 optime
1818 2993 1980 3058 discemus
2009 3013 2171 3074 quaenam

151 3078 245 3142 mihi
279 3078 387 3143 locum
416 3078 560 3162 aliquem
588 3078 710 3143 tribuit
762 3077 858 3158 Quod
884 3078 987 3161 igitur
1015 3098 1139 3143 novum
1193 3077 1238 3141 sit
1257 3080 1484 3159 corporiseius
1502 3087 1629 3143 natura.
1663 3078 1776 3158 Quum
1790 3079 1845 3144 hic
1857 3077 1938 3143 nihil
1951 3086 2096 3143 torturae
2119 3101 2171 3144 os·

152 3163 224 3228 sihi
245 3163 377 3248 asylum
386 3163 416 3246 ²)
437 3163 593 3246 quaeret?
638 3164 725 3228 Nam
743 3164 828 3245 quod
851 3164 956 3228 assuit
974 3182 1139 3228 commen·
1192 3162 1327 3227 tendere
1348 3163 1688 3247 possitWestphalus,
1709 3173 1892 3229 tortuosum
1913 3166 1982 3246 ipso
2005 3184 2170 3229 commen-
2230 3163 2232 3166 ’

149 3255 234 3313 tum
257 3248 298 3313 de
316 3270 428 3314 crassa
445 3251 589 3334 oorporis
599 3250 859 3332 participatione,
882 3248 1139 3331 quotusquisque
1192 3255 1265 3311 tum
1287 3250 1467 3332 excogitat,
1495 3250 1557 3315 hoo
1586 3249 1707 3313 dixisse
1730 3249 1901 3314 Christum
1930 3248 1971 3314 ad
1995 3250 2169 3313 veritatem

149 3334 191 3398 ei
213 3333 394 3400 concedet?
445 3335 606 3401 Fatemur
632 3335 764 3417 quidem
793 3342 827 3398 et
848 3355 923 3410 nos,
953 3334 1140 3416 quicunque
1192 3334 1442 3398 resurrectionis
1468 3332 1685 3417 probandam:
1714 3334 1816 3398 alium
1844 3355 1922 3398 vero
1950 3354 2068 3398 coenae
2097 3354 2168 3398 esse

147 3420 270 3486 carnis
292 3419 420 3485 Christi
441 3421 724 3505 participationem
747 3428 917 3502 respuunt,
951 3420 1021 3484 eius
1044 3420 1139 3502 spiri-
1192 3418 1303 3482 finem
1353 3419 1426 3502 Ego
1453 3427 1565 3483 autem
1593 3419 1736 3502 excipio,
1766 3421 1827 3485 etsi
1849 3419 1913 3483 alio
1935 3418 2068 3484 oonsilio
2096 3440 2168 3483 eoe-

146 3513 232 3570 tum
255 3526 275 3569 a
297 3525 333 3569 ιι
354 3505 435 3587 ipsis
457 3526 578 3572 arcere.
630 3506 673 3569 In
700 3526 738 3569 eo
761 3513 890 3569 tantum
913 3506 1059 3587 quaestio
1081 3526 1140 3569 no·
1192 3523 1268 3567 nam
1291 3524 1384 3568 suam
1407 3504 1550 3569 instituit
1571 3505 1751 3581 Dominus,
1780 3525 1915 3569 manere
1943 3513 2055 3567 tamen
2084 3503 2168 3569 illud

144 3587 211 3655 bis
233 3590 385 3668 vertitur,
409 3592 593 3657 carnalisne
616 3592 658 3655 sit
680 3592 813 3672 spiritus
835 3590 1062 3673 participatio?
1192 3590 1311 3667 fixum,
1340 3589 1425 3672 quod
1453 3589 1554 3654 semel
1576 3591 1714 3672 protulit
1735 3590 1775 3655 de
1798 3591 1942 3673 eorporis
1965 3589 2015 3653 sui
2037 3598 2167 3654 natura.

246 3677 351 3741 Porro
373 3677 409 3740 in
431 3687 548 3759 quarto
570 3678 676 3758 capite
695 3686 808 3759 aperte
829 3676 939 3760 prodit
961 3676 1139 3758 Westpha·
1191 3674 1243 3739 Ne
1266 3674 1444 3740 absurdum
1464 3673 1615 3740 videatur
1637 3676 1724 3758 quod
1747 3676 1883 3741 tradunt
1905 3673 2067 3739 invisibile
2097 3697 2167 3739 cor-

144 3756 223 3840 ]ιι,
245 3761 373 3826 nnllam
396 3782 432 3827 se
449 3763 514 3828 nisi
525 3761 690 3827 carnalem
708 3764 817 3827 carnis
838 3762 1059 3845 praesentiam
1082 3784 1141 3846 ag·
1191 3780 1253 3842 pus
1275 3761 1396 3844 ubique
1419 3782 1499 3838 esse,
1529 3761 1615 3843 quod
1637 3764 1758 3828 scimus
1780 3763 1880 3826 fuisse
1899 3759 2050 3843 Virginis
2072 3769 2167 3826 utero

138 3863 304 3911 noscere.
337 3846 520 3913 Facessant
537 3855 667 3912 tantum
690 3848 845 3925 convicia,
868 3846 985 3930 quibus
1006 3868 1139 3913 oausam
1190 3845 1363 3924 inclusum,
1389 3868 1584 3930 suspensum
1605 3849 1641 3910 in
1664 3869 1775 3924 cruce,
1805 3856 1838 3911 et
1858 3847 1894 3910 in
1917 3845 2067 3928 sepulcro
2088 3868 2167 3911 eon·

138 3931 299 3996 obruere
320 3941 467 3997 conatur.
499 3932 599 3997 Initio
621 3953 721 3998 vocor
743 3933 1025 4008 sacramentarius,
1049 3933 1139 3999 dicor
1191 3930 1304 4009 ditum,
1324 3933 1524 4015 respondent
1544 3934 1808 4010 immensitatem,
1832 3931 1872 3996 de
1893 3953 1958 4014 qua
1976 3930 2165 4012 loquuntur,

140 4014 321 4082 infamare
343 4037 408 4095 eos,
431 4018 488 4100 qui
510 4017 692 4100 dispensari
713 4018 750 4082 in
766 4039 972 4084 sacraooena
993 4019 1139 4083 latentur
1190 4017 1226 4080 in
1248 4021 1323 4095 [pag.
1345 4021 1398 4095 75]
1422 4018 1561 4083 coeleste
1583 4038 1700 4100 eorpus
1722 4027 1754 4081 et
1773 4017 1950 4100 gloriosum
1972 4024 2166 4100 competere.

135 4117 274 4168 weram
283 4101 410 4167 Christi
422 4123 562 4168 carnem.
598 4102 700 4183 Quasi
712 4124 792 4168 vero
804 4114 869 4169 non
892 4103 1012 4184 ubique
1035 4103 1137 4167 diser·
1190 4102 1312 4166 Parata
1330 4101 1422 4168 nobis
1443 4104 1581 4169 obiectio
1603 4113 1662 4180 ιιι,
1685 4103 1861 4186 gloriosum
1883 4102 1948 4166 iam
1972 4103 2072 4167 fuisse
2095 4125 2165 4168 cor-

137 4187 202 4252 tls
223 4188 335 4253 verbis
357 4208 512 4267 asseram,
535 4211 577 4254 ex
598 4208 679 4255 vera
696 4187 821 4254 Christi
843 4210 941 4254 earne
962 4188 1056 4253 nobis
1078 4190 1136 4253 ali·
1189 4207 1258 4268 pus,
1282 4195 1318 4251 ut
1340 4188 1519 4253 videndum
1541 4199 1575 4253 et
1595 4187 1795 4271 palpandum
1818 4187 1973 4253 Christus
1996 4187 2166 4270 discipulis

134 4281 309 4338 :neutum
340 4275 390 4353 in,
406 4294 507 4340 coena
535 4275 668 4358 porrigi.
719 4272 809 4354 Quid
831 4295 910 4358 ergo
931 4277 1024 4338 iuvat
1044 4296 1135 4339 men·
1188 4270 1372 4354 praebebat.
1418 4273 1516 4340 Certe
1542 4272 1577 4338 id
1606 4273 1648 4337 ad
1670 4295 1803 4339 eausam
1825 4275 1973 4357 apposite
1994 4274 2090 4338 citari
2112 4295 2164 4338 ar·

140 4355 326 4424 deciorum
348 4359 479 4425 nebulis
501 4358 660 4426 obducere
683 4358 805 4425 claram
832 4359 954 4438 lucem,
982 4381 1065 4442 quae
1087 4370 1135 4425 ιι-
1188 4357 1298 4422 bitror.
1345 4357 1458 4438 Quare
1479 4381 1545 4424 non
1568 4367 1618 4423 est
1638 4358 1723 4441 quod
1744 4358 1969 4443 philosophiae
1986 4367 2020 4422 et
2041 4357 2165 4422 theolo-

137 4444 224 4509 tiue
261 4464 379 4510 causae
417 4445 541 4511 nodum
580 4443 744 4528 explicat?
805 4444 948 4509 Carnem
983 4451 1055 4525 [pag.
1080 4446 1133 4528 73]
1187 4442 1261 4524 giae
1283 4444 1469 4508 conflictum
1492 4444 1662 4509 ebuccinet
1683 4444 1908 4528 Westphalus.
1942 4444 2057 4526 Neque
2074 4443 2163 4507 enim

139 4525 283 4594 (lhristi
313 4530 406 4595 nobis
434 4531 597 4598 edendam
624 4529 762 4613 proponi
790 4529 918 4612 siquis
946 4530 1073 4595 sineere
1102 4540 1136 4596 ιι
1187 4527 1393 4611 philosophia
1414 4530 1509 4595 nobis
1531 4528 1640 4605 dictat,
1668 4529 1723 4594 vel
1744 4531 1906 4613 spirituali
1923 4531 2046 4594 virtute
2067 4549 2164 4611 prae-

141 4605 325 4680 lneulente
346 4615 459 4696 tradit,
482 4638 542 4701 ego
563 4636 650 4680 ιιιι
672 4636 745 4681 sum
764 4636 804 4679 ex
827 4634 979 4680 numero:
1000 4616 1134 4681 modum
1187 4610 1373 4678 ditamesse
1387 4613 1567 4680 humanam
1588 4635 1731 4693 earnem,
1748 4617 1922 4680 utanimas
1935 4615 2087 4692 vivificet,
2109 4613 2163 4678 vel

141 4700 287 4765 tantum
319 4700 450 4781 definio,
479 4700 565 4784 quod
588 4702 725 4784 spiritus
759 4701 820 4765 sui
833 4701 957 4766 virtute
980 4700 1134 4767 Christus
1187 4697 1273 4763 hano
1286 4699 1386 4763 vitam
1407 4702 1531 4767 eeoelo
1543 4701 1679 4784 spirare,
1703 4701 1755 4766 vel
1768 4702 1942 4768 efficaciter
1953 4699 2014 4763 sub
2025 4707 2164 4762 externo

140 4773 302 4850 locorum
330 4785 521 4852 distantiam
549 4794 694 4869 superet,
724 4785 891 4852 advitam
919 4786 1012 4852 nobis
1034 4807 1052 4851 e
1073 4808 1135 4852 sua
1188 4785 1284 4864 panis
1306 4785 1454 4868 symbolo
1476 4787 1591 4852 eadem
1615 4808 1673 4852 uos
1691 4788 1760 4853 vita
1781 4787 1890 4869 potiri:
1915 4782 1998 4847 nihil
2020 4782 2085 4847 tale
2108 4783 2163 4868 vel
2267 4806 2269 4808 ’
2353 4851 2360 4870 .

145 4943 363 4970 8——

227 5071 255 5138 1)
273 5073 306 5129 In
323 5075 456 5132 Ioannem
473 5081 592 5130 ιιιιιιι
609 5073 651 5129 50.
1255 5072 1285 5137 1)
1304 5090 1374 5142 pour
1390 5074 1458 5130 loire
1475 5074 1604 5130 deeouler
1620 5081 1667 5130 elo.

225 5139 253 5208 2)
270 5144 397 5200 retreitts
413 5160 485 5214 pour
502 5151 575 5200 esus
594 5159 627 5200 en
645 5143 789 5199 franchise.
1254 5139 1285 5208 2)
1306 5141 1361 5197 etin
1379 5143 1413 5199 de
1430 5160 1473 5198 ms
1490 5144 1620 5200 resoudre
1639 5148 1830 5198 asseurement.
