4724 5886
224 303 292 372 XL
834 296 1105 369 mesenus
1122 295 1420 369 'monemur
1438 300 1659 372 annonae.

378 492 471 559 Haec
493 492 570 557 licet
590 493 721 557 brevior
743 489 917 558 colladoni
937 491 1061 567 notitia,
1084 489 1137 556 cui
1156 498 1267 555 tamon
1289 490 1377 573 quod
1398 488 1558 557 addamus
1577 491 1636 557 vix
1656 491 1822 571 habemus,
1848 493 1950 560 libelli
1970 493 2104 577 quidem
2129 514 2226 564 ocea-

225 605 352 672 siouem
374 604 455 670 satis
480 611 601 688 aperto,
623 608 854 688 argumentum
883 621 963 668 cero
988 601 1090 685 paulo
1114 600 1283 668 obscurius
1300 601 1370 667 tibi
1398 600 1549 669 declarat
1594 603 1647 668 Dc
1670 624 1733 687 quo
1754 603 1832 670 audi
1851 605 1898 671 ιιι
1917 605 2027 690 ipsum
2055 610 2221 674 automm:

224 716 337 798 Quum
358 716 447 781 inter
467 714 601 780 exordia
621 734 806 798 pugnarum
830 711 981 793 Lutheri,
1002 712 1119 797 inquit,
1142 712 1296 780 viderent
1315 734 1420 798 papae
1441 714 1599 780 satellites
1624 715 1660 779 in
1680 715 1812 800 Anglia,
1841 737 1878 783 se
1903 717 2087 784 rationibus
2115 719 2220 800 obrui,

223 848 310 895 nova
330 826 371 892 ab
392 827 458 892 illis
480 827 664 910 excogitata
687 826 750 890 fuit
778 827 862 890 ratio
889 833 927 889 ut
954 824 1101 908 opposito
1129 825 1242 911 clypeo
1269 827 1456 892 autoritatis
1483 823 1589 892 videri
1615 833 1750 909 possent
1775 828 1967 911 superiores.
2011 829 2115 896 Iribcr
2140 850 2221 916 orgo

159 984 162 989 Δ
223 939 468 1007 ιοιιιιιιιιιιι
490 944 540 1002 est
568 959 588 1002 a
614 935 783 1003 monachis
811 944 845 1001 et
872 934 1030 1001 eiusmodi
1056 935 1189 1016 rabulis,
1217 938 1271 1002 cui
1298 959 1358 1003 rex
1385 958 1405 1003 a
1431 938 1526 1004 malis
1552 937 1748 1004 consiliariis
1774 959 1949 1022 persuasus
1974 960 2097 1007 nomen
2123 961 2222 1008 suum

223 1049 356 1118 inscribi
378 1070 492 1133 passus
514 1057 572 1114 cst.
617 1046 707 1129 ‚Quia
727 1067 805 1115 vero
826 1045 1058 1114 inconsiderati
1079 1048 1218 1114 fervoris
1245 1055 1359 1133 postea
1387 1069 1463 1115 eum
1490 1051 1658 1133 poenituit,
1686 1057 1721 1123 ct
1747 1048 1820 1133 ipsa
1845 1050 2016 1118 insulsitas
2043 1052 2152 1136 operis
2179 1051 2222 1117 ad

222 1163 416 1230 memoriam
436 1159 629 1226 abolendam
651 1160 731 1225 satis
753 1166 832 1238 erat,
855 1158 993 1242 triginta
1013 1158 1110 1223 annis
1131 1158 1199 1225 alto
1221 1160 1352 1228 silentio
1373 1160 1539 1245 sepultum
1560 1148 1630 1225 luit
1673 1160 1771 1227 Nunc
1791 1181 1891 1243 quum
1912 1160 2067 1246 liguritor
2089 1162 2222 1247 quidam

222 1293 357 1360 mensae
371 1271 536 1338 Gabrielis
557 1270 597 1336 dc
615 1269 777 1355 Saconay,
798 1270 982 1353 presbyteri
1004 1278 1038 1334 et
1058 1272 1278 1365 praecentoris
1297 1272 1451 1339 eeclesiae
1467 1270 1712 1356 Lugdunensis,
1734 1272 1871 1338 iactaret
1890 1273 1952 1339 sibi
1973 1295 2046 1340 cssc
2066 1275 2102 1340 in
2119 1296 2222 1342 mauu

223 1384 410 1469 praeclaras
432 1383 631 1467 rhapsodias
646 1403 729 1465 quae
751 1402 882 1447 causam
905 1387 1052 1447 nostram
1073 1403 1140 1447 non
1160 1371 1279 1478 parum
1300 1383 1476 1463 laederent,
1498 1382 1646 1467 quaesita
1668 1390 1718 1448 est
1739 1382 1921 1467 plausibilis
1942 1383 2059 1451 edendi
2085 1386 2220 1461 occasio.

222 1498 354 1564 Placuit
374 1496 477 1581 igitur
497 1495 585 1580 regis
606 1493 749 1578 Angliae
769 1493 901 1572 librum,
923 1493 978 1576 qui
1001 1493 1128 1577 pridem
1150 1495 1312 1567 obsoletus
1334 1502 1414 1575 erat,
1437 1515 1552 1560 rursus
1573 1493 1742 1560 excudere.
1777 1494 1928 1568 Laudem
1948 1517 2028 1563 vero
2048 1497 2221 1581 praelatio-

222 1610 284 1688 nis,
306 1628 406 1692 quam
428 1606 644 1674 conductitius
665 1604 721 1670 ille
743 1605 856 1671 rhetor
877 1605 1076 1689 resignabat,
1098 1605 1216 1691 cupide
1236 1607 1375 1691 arripuit
1399 1606 1545 1687 Gabriel,
1567 1626 1605 1671 ac
1625 1605 1687 1671 sibi
1710 1605 1865 1673 dimidius
1886 1629 1945 1673 rex
1966 1609 2036 1675 fore
2057 1609 2149 1675 visus
2170 1616 2223 1676 est

222 1721 252 1788 si
272 1721 363 1804 regio
385 1719 510 1784 nomini
533 1738 631 1783 snum
652 1717 814 1785 misceret.
850 1717 943 1786 Haec
960 1719 1126 1786 Calvinus.
1163 1717 1241 1800 Qui,
1263 1725 1301 1783 ut
1321 1716 1423 1798 vidos,
1441 1740 1512 1785 uon
1535 1717 1642 1783 solum
1663 1717 1805 1802 superbo
1821 1717 2068 1786 Britanniae'
2030 1718 2223 1806 αιιιιρᾶιιρι

222 1832 281 1899 sod
302 1838 336 1898 et
357 1832 476 1896 misero
498 1829 717 1914 Lugdunensi
739 1830 930 1910 sacrificulo,
954 1839 987 1896 et
1008 1830 1085 1898 huic
1106 1829 1237 1914 quidum
1259 1831 1404 1896 fortasse
1415 1830 1540 1896 maiore
1561 1816 1643 1906 iure,
1666 1850 1749 1912 quae
1770 1849 1813 1895 ex
1834 1829 1900 1895 stili
1923 1830 2087 1898 exercitiis
2108 1832 2144 1897 in
2165 1852 2222 1900 aas

221 1943 405 2010 redundare
426 1947 579 2027 poterant
565 1941 712 2006 tlaudes
734 1940 881 2039 denegat

376 2053 551 2119 Caeterum
574 2053 733 2140 scriptum
755 2052 817 2119 hoe
839 2073 961 2138 magna
982 2075 1024 2118 ex
1045 2062 1140 2138 parte
1161 2000 1400 2138 apologeticum
1422 2059 1482 2133 est,
1504 2051 1552 2117 ita
1572 2060 1611 2118 ut
1631 2072 1671 2118 ca
1690 2053 1759 2117 fere
1780 2052 1888 2135 capita
1908 2058 2036 2121 tractet
2047 2050 2223 2137 dequibus

221 2158 379 2252 pontificii
401 2165 597 2230 reformatae
618 2163 773 2230 ecelesiae
794 2164 926 2232 asseclis
946 2163 1106 2231 invidiam
1128 2167 1270 2232 conflare
1292 2163 1451 2243 solebant,
1473 2164 1529 2230 ubi
1553 2164 1678 2230 scilicet
1701 2165 1811 2229 minus
1840 2164 1994 2230 scientiae
2020 2163 2225 2250 theologicae

221 2275 323 2362 adyta
344 2298 383 2341 ea
404 2298 470 2360 qna
491 2258 585 2341 decet
606 2276 769 2359 gravitate
790 2275 1001 2365 perlustrare,
1023 2297 1122 2360 quam
1144 2278 1180 2342 ιι
1204 2277 1397 2360 angiportus
1420 2275 1559 2359 egressis
1584 2281 1830 2358 praetereuntes
1857 2275 2043 2342 trivialibus
2069 2274 2224 2351 conviciis

220 2408 438 2472 conspurcare
460 2387 539 2470 ipsis
561 2387 760 2469 propositum
784 2395 864 2453 orat
907 2387 1034 2454 Verum
1056 2388 1112 2454 hic
1133 2371 1377 2472 pauperrimum
1398 2393 1647 2471 praecentorem
1670 2388 1755 2451 ratio
1776 2385 1893 2452 fefellit
1919 2393 1953 2452 et
1980 2388 2139 2453 virtutem
2164 2407 2224 2454 ex·

220 2507 354 2587 portum
375 2497 555 2564 adversarii
577 2497 747 2564 classicum
771 2498 926 2565 cecinisse
953 2521 1027 2565 sero
1053 2499 1223 2584 poenituit,
1252 2499 1315 2564 nisi
1342 2498 1425 2564 forte
1450 2497 1586 2588 strigilis
1611 2496 1714 2564 aciem
1741 2495 1894 2582 valgiter.
1911 2496 2023 2582 ipsum
2050 2497 2224 2564 tricenteni

220 2611 343 2678 callosa
362 2591 478 2675 beluae
499 2607 688 2706 παχιιιρμιι
711 2610 795 2676 cutis
816 2609 1029 2677 hebetaverit
1073 2610 1166 2676 Adeo
1188 2632 1262 2676 eum
1284 2610 1405 2676 Noster
1426 2608 1623 2693 exprobrata
1644 2629 1774 2674 morum
1797 2607 2001 2692 turpitudine
2022 2607 2224 2691 detectisque

221 2722 329 2791 omnis
350 2721 480 2807 generis
500 2721 648 2806 flagitiis
656 2718 761 2805 probe
779 2720 941 2804 depexum
963 2722 1108 2788 dimittit.

374 2832 523 2900 Unicum
554 2829 640 2917 quod
671 2831 764 2899 nobis
801 2833 947 2899 innotuit
979 2834 1148 2920 archetypi
1181 2833 1350 2918 exemplar
1380 2838 1571 2900 asservatur
1608 2835 1645 2898 iu
1676 2790 1873 2899 bibliotheca
1904 2831 2007 2899 civica
2041 2828 2225 2899 Τιιιιιιιιι

220 2913 346 3011 Forma
367 2949 419 3010 est
439 2945 606 3010 octonaria
625 2945 742 3025 minor,
765 2945 1015 3028 quaternionum
1048 2965 1206 3012 numcms
1227 2945 1329 3011 trium
1350 2966 1427 3012 eum
1448 2943 1582 3011 dimidio
1603 2941 1753 3031 (a-D),
1774 2942 1971 3028 pagiuamm
1991 2964 2071 3012 uero
2093 2945 2143 3008 bd.
2180 2940 2227 3007 In

221 3058 287 3124 fine
308 3056 446 3141 legitur:
469 3055 661 3124 mesces.
689 3055 871 3121 XXVIII.
916 3055 977 3122 Ver
997 3055 1165 3124 ιιιιιιοιιι
1183 3056 1344 3136 committit
1367 3058 1485 3122 amicos
1500 3075 1671 3140 ριιιιιιιι
1691 3053 1881 3122 moesus
1894 3055 2087 3124 alumniam
2110 3051 2226 3122 atrae

220 3168 352 3234 Titulus
374 3175 440 3234 est:

376 3335 697 3421 GRATULA-
724 3336 731 3442 Ι
758 3337 819 3418 tio
856 3336 911 3418 ad
951 3335 1237 3420 venerabilem
1272 3364 1392 3489 pres-
1418 3333 1426 3438 Ι
1452 3338 1669 3447 byterum,
1708 3334 1928 3419 domiuum
1962 3333 2052 3418 Ga-
2077 3339 2086 3444 Ι
2112 3332 2227 3419 bric·¹

222 3476 310 3558 lem
340 3474 394 3557 de
425 3471 630 3585 Saeonay,
657 3470 666 3574 l
690 3471 1019 3555 Praecentorem
1047 3471 1200 3556 Eccle-
1226 3472 1347 3581 leisc
1383 3471 1699 3584 [lugdumensis
1737 3471 1791 3555 dc
1818 3468 1826 3575 Ι
1851 3470 2032 3584 pulchra
2060 3481 2107 3554 et
2135 3470 2226 3555 ele-

221 3612 344 3725 ganti
375 3610 487 3695 Prae
515 3616 523 3722 Ι
549 3608 707 3693 satione
739 3636 868 3720 quam
896 3607 1007 3692 libro
1037 3608 1124 3692 Re·
1154 3605 1256 3722 igis
1287 3608 1475 3722 Angliae
1506 3608 1731 3754 inscripsit
1758 3608 1780 3710 Ι
1792 3608 1852 3692 Μ.
1884 3607 1937 3692 D.
1969 3605 2090 3692 LXI.
2222 3624 2224 3639 ³

286 3838 288 3845 ,
374 3785 509 3852 Vides
500 3807 536 3850 ιιι
557 3785 654 3851 titulo
675 3804 795 3850 nomen
817 3784 943 3850 autoris
964 3785 1076 3858 taceri.
1121 3782 1188 3865 Qui
1212 3795 1257 3850 ιι
1272 3784 1310 3849 in
1338 3791 1430 3850 textu
1459 3805 1540 3863 suae
1559 3741 1813 3857 declamationis
1840 3804 1905 3850 nou
1934 3750 2066 3867 proprio
2092 3781 2225 3851 nomine

220 3896 366 3981 loquitur
386 3896 444 3962 sed
466 3896 645 3964 Calvinum
666 3896 760 3981 quasi
780 3895 914 3961 tertium
939 3895 1079 3980 aliquem
1102 3902 1136 3960 et
1157 3917 1177 3960 a
1198 3916 1234 3960 se
1255 3895 1421 3962 diversum
1442 3895 1565 3978 passim
1587 3894 1709 3979 allegat
1728 3902 1763 3961 et
1785 3894 1939 3965 defendit

377 4008 548 4075 Recusum
569 4008 671 4075 habes
692 4007 780 4074 hunc
801 4006 949 4072 libellum
971 4006 1059 4090 apud
1079 4006 1204 4073 Beuum
1224 4005 1274 4072 ed
1295 4006 1407 4091 priore
1427 4027 1502 4092 pag.
1526 4010 1705 4086 ule—531,
1734 4008 1913 4090 posteriore
1939 4025 2014 4091 pag.
2043 4007 2226 4086 eal-eta

221 4119 310 4202 apud
332 4118 500 4185 Stcerium
522 4139 595 4204 pag.
620 4123 808 4195 etl-aem
831 4118 970 4184 Amstel.
994 4139 1067 4204 pag.
1092 4121 1271 4183 321—330.
1316 4116 1443 4186 Gallice
1464 4119 1499 4182 in
1523 4117 1658 4184 Beaana
1684 4139 1758 4204 pag.
1790 4119 2011 4195 leae-1850,
2039 4115 2076 4182 iu
2097 4114 2225 4185 ewen·

220 4252 285 4297 ana
305 4250 380 4317 pag.
402 4234 624 4297 aloa-2136.

308 4342 485 4409 (laetarum
505 4342 592 4427 quod
612 4343 731 4430 Hem-y
753 4343 832 4424 (111.
853 4346 915 4409 564
934 4349 968 4406 et
985 4362 1058 4426 app.
1077 4343 1157 4424 220)
1178 4361 1304 4417 anuum
1325 4338 1429 4407 libelli
1449 4341 1594 4408 natalem
1616 4343 1700 4406 1560
1722 4340 1800 4406 facit
1823 4346 1862 4415 ιι,
1886 4338 1985 4405 simul
2013 4339 2130 4425 gallico
2154 4338 2225 4408 edi·

219 4462 293 4520 tum
321 4454 458 4520 ιιιιιιι
448 4455 617 4520 ιιιιιιιιι
642 4454 791 4534 videtur,
818 4456 854 4521 in
879 4463 1020 4538 utroque
1047 4453 1174 4519 fallitur
1194 4452 1258 4518 Vir
1287 4452 1507 4532 doctissimus*
1534 4454 1590 4537 qui
1618 4451 1835 4536 archetypum
1862 4438 1929 4516 non
1955 4446 2043 4518 uidit
2069 4460 2103 4519 et
2128 4451 2226 4518 illum

220 4586 347 4632 annum
369 4566 560 4653 simpliciter
582 4589 624 4633 ex
644 4567 753 4632 Besae
774 4566 888 4633 tabula
911 4564 1141 4650 desumpsit
1132 4585 1168 4629 m
1189 4563 1309 4631 talibus
1331 4565 1461 4649 saepius
1481 4564 1599 4631 dubiae
1620 4561 1698 4627 fidei
1718 4568 1812 4641 teste,
1842 4569 1877 4628 et
1897 4561 1952 4630 hic
1972 4561 2106 4667 abipso
2125 4562 2225 4644 Βιιι,

220 4679 257 4744 in
278 4678 359 4744 Vita
380 4677 496 4771 gallice
518 4699 578 4762 per
599 4677 816 4744 Oolladoaum
838 4676 935 4757 adita,
957 4683 1119 4760 utsupra
1139 4672 1282 4742 diximus
1306 4674 1487 4743 emendata
1571 4671 1575 4680 ’
1740 4691 1744 4700 ·
