4724 5886
913 309 1294 388 raonaeounua
1397 321 1401 329 ¹

904 767 906 771 ’
972 744 1187 830 OAPU'I'¹
1220 744 1315 828 ΧΙι.

418 979 421 983 >
481 949 797 1048 rurruuls
824 948 971 1046 vlu.
999 880 1307 1047 saturnis
1333 948 1640 1047 narseus
1687 942 1835 1043 15e1.

301 1169 356 1236 De
375 1168 555 1235 Valentino
582 1168 710 1236 Gentili
731 1169 887 1236 (lusentia
912 1171 947 1234 in
979 1168 1133 1235 Calabria
1160 1167 1299 1234 oriundo
1326 1165 1468 1235 adeundi
1496 1177 1575 1255 suqt
1612 1171 1669 1253 qui
1693 1169 1739 1235 de
1765 1172 2022 1238 Antitrinitariis
2049 1171 2145 1240 Italis

145 1281 270 1348 saeouli
298 1280 416 1348 deeimi
443 1280 530 1346 sexti
551 1280 762 1366 seripserunt,
784 1281 928 1347 maxime
949 1280 988 1346 F.
1012 1279 1221 1346 'l'reehselius
1242 1278 1285 1345 V.
1308 1278 1396 1344 Olar.
1414 1280 1449 1344 in
1471 1268 1569 1363 opere
1591 1301 1650 1347 suo
1671 1283 1841 1348 notissimo
1862 1290 1897 1347 et
1917 1282 2052 1350 anobis
2074 1303 2145 1350 sae-

144 1392 224 1477 pius
242 1392 309 1458 iam
329 1391 464 1459 laudato
480 1393 518 1458 Ἦ
540 1391 586 1457 11.
609 1412 683 1477 pag.
706 1395 769 1456 316
788 1414 875 1476 seqq.
919 1392 1009 1458 Besa
1029 1413 1106 1458 eum
1126 1390 1180 1458 his
1200 1392 1270 1457 lere
1292 1391 1401 1458 verbis
1421 1357 1558 1472 ususdin
1578 1390 1722 1459 medium
1744 1393 1908 1478 produoit:
1938 1393 2060 1460 Infelix
2081 1395 2145 1461 iste

144 1503 258 1588 sagaci
279 1504 412 1587 quidem
433 1504 492 1570 sed
512 1503 606 1571 vafro
627 1502 867 1587 sophistieoque
887 1504 1021 1587 ingenio
1041 1503 1218 1586 praeditus,
1241 1503 1409 1588 aliquanto
1433 1476 1510 1592 posl
1531 1511 1698 1587 sumptum
1728 1502 1768 1571 de
1790 1504 1929 1573 Serveto
1950 1506 2146 1590 supplioium

144 1621 265 1682 naotus
282 1615 373 1682 illius
394 1614 516 1682 librum
536 1614 1073 1700 itemquotlalviniresutationem,
1094 1615 1188 1681 faoile
1209 1614 1451 1695 animadvertit
1460 1613 1571 1699 neque
1592 1616 1682 1683 illius
1702 1624 1832 1701 speotra
1853 1624 1885 1683 et
1906 1616 2007 1698 ideas,
2028 1618 2146 1701 quibus

145 1723 357 1793 Samosateni
378 1726 543 1795 baeresim
563 1727 621 1795 ille
641 1727 854 1806 eoloraverat,
876 1747 983 1811 neque
1003 1728 1169 1794 invootam
1189 1749 1210 1792 a
1231 1725 1375 1793 Sabellio
1398 1746 1613 1811 personarum
1638 1749 1713 1793 eum
1740 1728 1885 1796 essentia
1911 1729 2144 1809 confusionem,
2181 1798 2183 1802 ,

145 1837 304 1904 deitatem
324 1839 466 1923 denique
487 1838 616 1906 sshristi
635 1838 765 1924 qualem
786 1840 888 1906 Arius
909 1838 1060 1905 fiotitiam
1081 1859 1153 1904 esse
1174 1837 1294 1918 doouit,
1316 1859 1393 1904 oum
1414 1840 1514 1905 verbo
1536 1838 1601 1903 Dei
1627 1840 1795 1906 ooneiliari
1822 1860 1942 1922 posse..
1976 1841 2024 1906 Et
2044 1860 2147 1924 quum

145 1969 272 2028 rursus,
294 1971 378 2034 queo
394 1951 430 2015 in
452 1952 623 2035 seripturis
645 1950 686 2016 de
708 1972 776 2017 una
793 1949 858 2017 Dei
879 1949 1023 2016 essentia
1043 1959 1078 2016 et
1098 1949 1204 2016 tribus
1224 1951 1313 2014 inter
1335 1970 1370 2016 se
1392 1949 1554 2016 distinotis
1575 1949 1807 2035 hypostasibus
1826 1951 2017 2031 traduntur,
2046 1951 2146 2019 intel·

144 2059 303 2145 ligentiae
323 2070 456 2127 nostrae
477 2063 614 2130 minime
633 2063 796 2147 quadrare
817 2061 953 2141 videret,
975 2063 1053 2129 feeit
1074 2060 1160 2144 qnod
1179 2061 1338 2127 eiusmodi
1360 2062 1492 2145 ingenia
1512 2074 1762 2141 eonsuorerunt,
1791 2062 1826 2127 id
1848 2070 1906 2142 est,
1935 2084 2002 2128 non
2024 2084 2059 2129 se
2081 2063 2147 2129 Dei

144 2172 325 2256 sapientiae
346 2174 508 2252 submisit,
530 2175 588 2240 sed
609 2173 644 2239 id
666 2175 798 2243 demum
821 2195 937 2240 verum
959 2194 1030 2240 esso
1049 2172 1112 2238 sibi
1132 2174 1296 2255 persuasit
1316 2172 1404 2256 quod
1425 2194 1501 2239 oum
1522 2174 1669 2240 humana
1690 2175 1817 2240 ratione
1834 2175 2041 2241 consentiret
2076 2175 2146 2241 Ita·

144 2303 213 2366 quo
232 2283 422 2351 monarchia
442 2284 485 2349 ad
501 2286 635 2352 unioam
655 2287 759 2369 patris
780 2306 954 2369 personam
975 2285 1146 2363 translata,
1169 2305 1265 2368 quem
1283 2283 1390 2356 solum
1409 2283 1556 2350 «estem
1577 2306 1649 2353 esso
1668 2286 1785 2366 voluit,
1815 2286 2089 2364 essentiationem,
2110 2285 2146 2351 id

145 2402 203 2460 est
222 2399 381 2462 essentiam
401 2399 680 2482 propagationem,
700 2408 832 2481 tresque
854 2417 992 2464 nomem
1012 2404 1051 2462 ut
1077 2415 1235 2480 personas
1263 2397 1310 2462 sio
1331 2396 1434 2463 etiam
1454 2397 1630 2476 essentias,
1656 2396 1691 2462 id
1713 2405 1779 2477 est,
1808 2406 1876 2464 tres
1898 2416 2035 2465 numero
2057 2398 2146 2477 deos,

144 2514 217 2571 tres
235 2513 394 2585 aeternos,
416 2511 664 2592 omnipotentes,
686 2510 864 2575 irnmensos
886 2516 998 2591 aperte
1019 2506 1167 2592 profiteri
1188 2508 1303 2591 eoepit,
1325 2528 1426 2591 eoque
1453 2529 1520 2574 non
1541 2508 1637 2575 modo
1659 2530 1791 2575 saorum
1811 2509 1876 2575 Dei
1907 2511 2060 2587 verbum,
2088 2509 2145 2576 sed

141 2617 252 2700 ipsius
271 2618 370 2684 etiam
381 2619 499 2704 synodi
510 2619 663 2701 Nieenae,
682 2619 854 2704 repudiato
863 2628 974 2685 tamen
985 2618 1161 2685 Athanasii
1170 2618 1328 2703 symbolo,
1351 2626 1385 2685 et
1394 2622 1612 2686 vetustiorum
1623 2621 1830 2704 sor-iptorum,
1852 2620 2004 2687 videlieet
2013 2621 2145 2704 Ignatii,

143 2728 350 2810 Tertulliani,
359 2731 489 2797 Irenasi
500 2740 534 2797 et
543 2732 710 2798 Laetantii
722 2733 929 2798 autoritatem
941 2729 1091 2797 inaudita
1102 2730 1243 2814 quadam
1253 2730 1459 2814 impudentia
1470 2729 1688 2814 detorquere·
1706 2732 1799 2798 Alios
1811 2733 2023 2799 enimomnes
2034 2733 2146 2800 ortho-

142 2838 252 2911 (loxos
267 2841 442 2928 seriptores
457 2842 617 2910 Nicenam
635 2844 800 2928 synodum
817 2851 972 2928 sequutos
990 2863 1057 2910 non
1068 2852 1204 2910 tantum
1219 2842 1420 2926 repudiabat,
1438 2841 1496 2909 sed
1517 2843 1619 2911 etiam
1638 2849 1677 2909 ut
1694 2843 1812 2926 impios
1832 2843 2016 2928 sugillabat
2048 2845 2146 2914 Hane

141 2960 255 3018 autem
267 2953 504 3039 blasphemiam
514 2954 599 3020 aliae
610 2954 651 3021 de
662 2955 868 3040 hypostatica
878 2955 999 3021 unione
1010 2956 1240 3039 sequebantur.
1262 2954 1356 3021 Haeo
1366 2954 1551 3022 olaneulum
1561 2955 1657 3020 initio
1667 2957 1756 3021 inter
1765 2975 1886 3038 pausos
1896 2958 1991 3039 quasi
1999 2956 2146 3041 disputa·

143 3064 246 3130 tionis
266 3085 365 3132 eausa
385 3069 518 3152 agitata,
540 3088 677 3151 quorum
699 3066 868 3151 praeeipui
888 3068 1022 3133 luerunt
1042 3067 1185 3132 Ioannes
1206 3065 1333 3132 Paulus
1354 3067 1504 3133 Aloiatus
1525 3066 1782 3133 Mediolanensis
1809 3067 1906 3133 miles
1928 3076 1961 3133 et
1982 3069 2147 3153 Georgius

142 3173 539 3246 BlandrataSaluoiensis
559 3178 714 3256 medieas,
736 3179 933 3263 tandemque
944 3178 1054 3246 italioo
1070 3178 1273 3263 presbyterio
1300 3178 1466 3258 nunoiatu,
1488 3199 1620 3245 oausam
1631 3177 1776 3264 cogendo
1793 3189 1889 3245 extra
1906 3178 2056 3245 ordinem
2073 3200 2145 3247 eoo·

143 3287 197 3358 tui
216 3288 447 3372 praebuerrmt,
469 3291 527 3357 ubi
547 3311 656 3358 eoram
683 3289 818 3360 deleatis
840 3289 1052 3370 senatoribus,
1074 3289 1288 3373 omnibusque
1309 3289 1470 3356 ministris
1491 3309 1529 3357 ao
1549 3289 1750 3375 presbyteris
1770 3293 1935 3375 patienter
1956 3291 2085 3371 auditis,
2107 3311 2145 3359 ao

142 3419 190 3465 ex
210 3397 277 3466 Dei
295 3402 396 3469 verbo
415 3422 475 3485 per
496 3401 674 3472 Calvinum
696 3403 846 3469 refutatis
866 3422 1078 3485 quaeeunque
1098 3401 1149 3468 illi
1164 3401 1313 3485 proferre
1334 3400 1517 3481 voluenrnt,
1538 3402 1586 3467 ita
1606 3423 1661 3477 res
1681 3411 1733 3469 est
1747 3405 1932 3488 oomposita
1947 3412 1987 3468 ut
2002 3404 2144 3486 soriptae

140 3508 346 3578 orthodoxae
365 3513 442 3580 fidei
463 3535 577 3581 omnes
595 3513 675 3580 Itali
695 3515 807 3580 statim
829 3513 1084 3592 subsoriberent,
1104 3534 1165 3580 sex
1186 3511 1348 3579 duntaxat
1368 3513 1524 3597 exeeptis,
1545 3514 1601 3597 qui
1622 3524 1736 3581 tamon
1745 3523 1780 3581 et
1800 3515 1864 3598 ipsi
1874 3522 1987 3597 postea
2008 3516 2146 3589 seorsim

141 3623 253 3689 voeati
273 3644 374 3691 manu
397 3624 539 3709 quidem,
562 3634 597 3692 at
617 3624 715 3693 eorde
727 3646 802 3691 -non
824 3626 905 3692 item
925 3633 964 3692 ut
983 3631 1097 3708 postea
1116 3624 1279 3709 apparuit,
1300 3624 1573 3707 subsoripserant
1604 3625 1698 3693 Haeo
1716 3627 1804 3692 faeta
1825 3633 1904 3692 sunt
1924 3608 1981 3692 die
2004 3628 2050 3691 18.
2062 3625 2144 3693 Maii

33 3745 37 3750 ’
146 3738 233 3800 1558
254 3743 288 3801 et
308 3739 457 3821 proxime
477 3738 699 3821 sequentibus.
744 3737 888 3804 Gentilis
910 3757 989 3804 vero
1009 3758 1087 3803 mox
1108 3736 1151 3802 ad
1169 3737 1339 3822 ingenium
1366 3735 1514 3816 radiens,
1542 3735 1744 3821 eandemque
1770 3737 2007 3820 blasphemiam
2029 3758 2146 3804 rursus

142 3867 302 3931 spargere
322 3847 556 3935 deprehensus,
576 3851 714 3934 eapitur,
734 3831 850 3934 eaptus
871 3847 957 3914 nihil
977 3848 1172 3929 dissimulat,
1195 3848 1329 3914 auditus
1351 3847 1509 3931 quamdiu
1531 3835 1566 3913 et
1582 3857 1742 3931 quantum
1761 3847 1873 3914 voluit
1917 3849 2065 3916 'landem
2086 3871 2144 3915 ve-

141 3956 207 4023 luti
225 3958 334 4026 rietus
349 3946 608 4045 resipiseentiam
627 3960 854 4028 inoredibilem
876 3959 1020 4039 simulat,
1049 3960 1144 4028 ouiu‘s
1170 3959 1272 4026 etiam
1296 3959 1484 4043 exemplum
1504 3960 1638 4045 propria
1658 3960 1762 4047 ipsius
1781 3970 1884 4026 manu
1906 3962 2065 4047 seriptum
2087 3983 2145 4028 ex·

140 4075 220 4136 stat
256 4069 351 4152 ‘Quid
370 4073 488 4156 plura?
532 4072 676 4140 Senatus
694 4073 808 4141 habita
826 4070 1048 4157 poenitentiae
1065 4072 1202 4152 ratione,
1224 4070 1265 4138 de
1286 4091 1351 4154 qua
1371 4070 1458 4155 apud
1479 4092 1556 4137 eum
1578 4072 1722 4140 Gentilis
1742 4075 1943 4155 protestatus
1964 4081 2044 4154 erat,
2067 4072 2145 4140 huie

142 4201 270 4266 poenae
291 4203 367 4249 eum
389 4184 589 4253 adiudieavit
610 4192 647 4252 ut
668 4193 789 4252 exutus
810 4206 913 4269 usque
934 4184 977 4250 ad
997 4184 1176 4261 eamisiam,
1198 4182 1296 4249 nudis
1316 4182 1455 4266 pedibus
1476 4190 1511 4249 et
1530 4184 1638 4267 eapite
1660 4171 1875 4268 disoooperto,
1902 4185 2008 4252 faoem
2029 4204 2144 4251 aooen·

142 4313 218 4360 sam
237 4314 340 4361 manu
360 4304 488 4376 tenens,
509 4297 648 4383 genibus
668 4297 704 4363 in
726 4305 851 4363 terrem
868 4297 965 4364 lienis
984 4297 1117 4362 reniam
1139 4295 1355 4380 depreoatns,
1372 4295 1565 4378 seriptisque
1588 4296 1657 4361 suis
1677 4296 1811 4380 propria
1832 4315 1934 4362 manu
1955 4295 2143 4377 eombustis,

143 4403 190 4471 ad
215 4404 402 4492 olangorem
428 4409 528 4475 tubae
554 4408 759 4493 peremnia
789 4409 881 4475 urbis
908 4409 1051 4492 oompita
1085 4407 1274 4486 deseretur,
1302 4407 1497 4490 interposito
1524 4406 1735 4473 iureiurando
1760 4428 1833 4476 sose
1858 4417 1970 4491 portas
1987 4407 2144 4475 eiusdem

143 4537 223 4587 non·
237 4538 457 4586 exoessurum.
500 4521 595 4593 Haeo
616 4519 780 4589 sententia
801 4521 870 4586 lata
892 4535 943 4586 est
963 4519 994 4586 d
1014 4524 1044 4585 2.
1066 4518 1280 4603 Septembris
1323 4518 1405 4584 Mox
1422 4515 1537 4585 tamen
1558 4519 1680 4585 violata
1700 4517 1766 4586 lide
1785 4519 1923 4604 aufugit,
1945 4519 1987 4585 ad
2009 4518 2153 4585 eribal-

143 4628 227 4706 dnm
247 4630 418 4698 dominum
438 4633 516 4717 pagi
537 4633 736 4717 Fargiarum
756 4633 793 4697 in
813 4632 1019 4716 praefectura
1036 4631 1188 4711 Gaiensi,
1215 4650 1281 4716 quo
1302 4650 1380 4696 eum
1401 4628 1569 4713 aliquanto
1589 4638 1665 4716 post
1686 4631 1817 4714 sequuti
1838 4639 1917 4697 sunt
1937 4630 2087 4697 Aloiatus
2108 4635 2143 4693 et

142 4739 337 4808 Blandrata
381 4743 433 4810 Ibi
449 4743 560 4810 libello
582 4741 741 4813 adversos
761 4745 984 4812 Athanasium
1005 4750 1041 4810 et
1058 4742 1232 4811 Calvinum
1260 4741 1442 4825 eonseripto
1463 4741 1667 4828 Lugdunum
1688 4742 1820 4809 transit
1840 4742 1896 4808 ubi
1915 4739 2142 4808 exeudendum

142 4850 242 4917 illum
262 4854 400 4935 errarit,
428 4863 462 4922 et
482 4877 503 4921 a
523 4858 698 4941 pontifioiis
719 4864 844 4941 eaptus,
865 4876 969 4940 quum
989 4875 1061 4921 sese
1081 4855 1118 4921 in
1139 4852 1317 4922 Oalvinum
1336 4852 1479 4921 seribere
1499 4853 1644 4934 dixisset,
1664 4860 1823 4937 tanquam
1841 4852 1925 4919 bens
1946 4851 1987 4917 de
2008 4849 2144 4918 eeolesia

142 4963 461 5034 eatholioameritus
482 4967 637 5036 dimissus
658 4976 716 5036 est
759 4969 853 5036 Haeo
873 4968 942 5034 lere
962 4967 1060 5033 Besa
1104 4966 1246 5051 Reliqua
1265 4966 1379 5050 paneis
1406 4964 1620 5050 expediemus
1640 4981 1742 5050 quom
1768 4963 1811 5029 ad
1831 4964 1964 5030 Galrini
1984 4963 2143 5047 seriptum

141 5077 258 5144 minus
278 5080 473 5162 pertineant
517 5081 601 5148 Post
619 5082 729 5148 varios
749 5101 845 5148 oasus
867 5078 1011 5148 Gentilis
1027 5079 1131 5144 saluti
1152 5097 1232 5144 snae
1252 5077 1512 5162 prospieienein
1531 5077 1718 5144 Morariam
1738 5082 1773 5142 et
1792 5075 1965 5142 Poleniam
1985 5073 2142 5156 disoessit,

142 5189 203 5255 nbi
223 5188 290 5255 iam
312 5197 410 5257 antea
430 5190 614 5258 Blandreta
634 5191 756 5278 aliique
771 5191 860 5273 Itali,
879 5190 1005 5260 seibost·
1022 5189 1210 5257 liberiorem
1232 5209 1345 5256 auram
1367 5189 1495 5274 spirare
1513 5188 1700 5274 gestientes,
1725 5185 1942 5254 oonsederant
1962 5185 2015 5253 vol
2037 5187 2144 5270 prodor
