4776 5844
268 254 330 334 iil
1032 250 1214 318 UIr'i'IMA
1235 246 1502 317 ADMONI'PIO
2207 249 2268 319 ltu

267 442 411 524 Christi,
438 450 474 507 ut
496 443 589 510 salva
610 451 742 509 maneat
764 441 926 507 humanae
947 450 1085 508 naturae
1112 440 1244 506 veritus.
1296 459 1359 505 aaa
1380 438 1502 504 mentis
1524 435 1689 504 excedunt
1717 437 1821 504 solere
1842 438 1906 504 Dei
1934 440 2113 521 potentiam
2135 435 2178 502 ab
2198 437 2272 503 Aua

268 528 372 596 Cuius
399 528 566 595 doctrinae
593 549 695 613 quum
723 529 832 594 Deum
865 528 960 594 nobis
993 547 1064 593 esse
1097 537 1244 592 autorem
1297 524 1429 608 guetino
1458 523 1612 607 proferri,
1645 536 1759 590 contra
1788 546 1862 598 eum
1892 535 2076 608 retorqueo.
2126 524 2214 589 Nam
2242 523 2272 589 si

266 613 382 681 multis
401 614 584 697 scripturae
603 614 798 680 testimoniis
816 613 923 679 nostri
939 613 1151 691 ostenderint,
1174 614 1244 677 Au·
1296 610 1525 694 praesentiam,
1548 609 1678 694 qualem
1706 610 1844 677 fabricat
1869 610 2101 693 Westphalus,
2136 618 2273 679 sanetas

266 700 437 786 guatinum
468 700 566 765 etiam
599 720 659 784 pro
692 721 727 764 se
760 710 847 766 stare
881 708 1116 765 monstrarunt.
1170 698 1245 762 Hoc
1295 694 1355 760 ille
1375 696 1427 761 vir
1447 696 1647 781 imaginatus
1668 697 1762 775 soret,
1784 717 1947 780 nusquam
1957 695 2194 781 praedicandae
2213 717 2274 779 pm

267 785 429 870 praesidio
450 807 552 869 quum
574 808 634 852 nos
655 809 672 852 s
694 784 796 851 oliare
817 784 1013 868 Westphalo
1035 785 1078 851 sit
1097 784 1245 868 proposi-
1297 783 1420 847 tentiae
1447 782 1512 846 Dei
1538 782 1752 866 opportunior
1776 783 1893 849 fuisset
1917 784 2016 850 locus.
2064 780 2208 853 Proinde
2230 803 2275 851 ex

267 883 358 951 turn,
385 872 462 955 quia
489 872 590 937 sentit
611 893 655 955 pa
691 871 806 954 oplus
827 871 890 937 sibi
912 891 984 937 esse
1006 870 1130 955 negotii
1147 890 1245 953 quam
1297 867 1426 933 silentio
1448 866 1601 953 colligere
1622 868 1707 946 licet,
1729 869 1931 953 incognitum
1949 870 1980 935 ei
1998 868 2198 951 fuissequod
2215 867 2273 934 de·

268 955 379 1036 vellet,
402 956 527 1040 prolixe
549 956 698 1040 disputat
714 957 928 1043 inmysteriie
946 957 1023 1022 fidei
1043 976 1105 1023 aec
1126 956 1245 1022 rationi
1297 953 1374 1019 inde
1410 952 1471 1018 sub
1510 963 1631 1038 papatu
1663 967 1885 1021 commentum
1918 956 2066 1022 diabolus
2098 953 2274 1038 suggessit

268 1043 448 1127 humanae,
481 1064 542 1109 nec
571 1042 715 1128 physicis
748 1044 950 1127 argumentis
983 1040 1137 1108 standum
1164 1062 1244 1107 csse.
1297 1040 1348 1104 Ac
1368 1059 1411 1103 no
1428 1038 1465 1105 in
1486 1061 1522 1104 re
1544 1060 1747 1122 supervacua
1766 1040 1896 1126 longior
1918 1045 1989 1120 sim,
2016 1043 2044 1108 si
2067 1039 2274 1124 omnipoten-

267 1130 342 1214 Ego
362 1126 472 1194 uthoo
488 1136 594 1195 totum
615 1127 802 1208 concedam,
824 1150 909 1213 nego
931 1128 993 1195 hoo
1014 1138 1245 1212 argumentum
1298 1125 1376 1190 tiam
1399 1123 1465 1189 Dei
1491 1123 1556 1190 huc
1583 1124 1661 1191 illuc
1683 1124 1813 1200 trahere
1839 1128 1930 1207 lieet,
1957 1127 2107 1195 fanaticis
2129 1125 2276 1192 homini,-

268 1214 517 1298 aphilcsophia
545 1215 627 1298 peti:
656 1214 713 1281 sed
741 1235 761 1283 a
787 1214 982 1284 coelestibus
1004 1214 1067 1281 Dei
1094 1212 1244 1281 oraculis.
1298 1211 1359 1276 bus
1380 1210 1436 1294 qui
1458 1211 1587 1276 nullum
1610 1214 1885 1278 arcsurrectione
1906 1236 1962 1280 cor
1985 1215 2184 1280 usfuturum
2203 1233 2277 1280 esse

268 1300 400 1366 Passim
422 1298 518 1366 docet
538 1302 701 1384 scriptura
726 1300 981 1383 exspectandum
1008 1322 1080 1366 esse
1107 1299 1200 1372 nobis
1228 1321 1246 1364 e
1299 1295 1427 1375 dicunt,
1454 1296 1637 1379 speciosum
1665 1299 1733 1362 fore
1761 1298 1832 1365 dico
1860 1301 1957 1366 lucan
1982 1301 1988 1314 '
2013 1301 2064 1366 sui
2091 1298 2199 1365 delirii
2221 1319 2276 1365 oc-

270 1387 358 1454 ocelo
391 1384 578 1465 Christum,
617 1386 705 1453 unde
737 1386 890 1452 adveniet
927 1386 1122 1470 redemptor.
1177 1386 1247 1452 Nec
1297 1382 1409 1447 lorem.
1443 1382 1621 1463 Proserunt
1642 1381 1764 1450 dietum
1786 1385 1889 1465 Petri,
1912 1407 1972 1453 nos
1993 1406 2065 1452 esse
2086 1392 2221 1451 vocatos
2238 1393 2278 1451 ut

269 1472 408 1543 obscura
437 1482 488 1537 est
508 1471 606 1537 Pauli
635 1472 797 1551 doctrina,
824 1472 1002 1557 imaginem
1025 1486 1059 1537 et
1079 1470 1248 1554 exemplar
1301 1479 1465 1534 consortes
1479 1471 1608 1535 ,fiamus
1636 1469 1768 1536 divinae
1796 1482 1949 1538 naturae:
1984 1472 2144 1556 colligunt
2176 1471 2277 1552 talem

269 1560 402 1625 futurae
433 1556 666 1640 redemptionis
698 1557 735 1622 in
769 1557 896 1625 Christi
928 1579 1070 1641 persona
1101 1568 1246 1639 exstare:
1298 1556 1368 1620 sore
1388 1555 1630 1620 restitutionem
1648 1555 1784 1628 humani
1794 1559 1934 1642 generis,
1952 1568 1991 1624 ut
2007 1577 2198 1640 corpoream
2216 1577 2278 1622 na·

270 1645 347 1728 quia
368 1642 613 1727 contemptibile
632 1664 748 1727 corpus
769 1651 918 1712 nostrum
940 1644 1157 1728 configurabit
1177 1665 1248 1710 cor·
1300 1652 1410 1706 taram
1431 1640 1611 1723 spiritualis
1631 1641 1695 1707 Dei
1718 1644 1860 1709 essentia
1881 1644 2062 1711 absorbeat
2114 1642 2186 1709 Cur
2208 1664 2278 1709 noa

270 1729 343 1814 pori
371 1750 429 1794 suo
458 1729 606 1813 glorioso·
657 1728 769 1812 Quare
797 1731 936 1797 facessat
961 1730 1055 1795 futile
1083 1731 1145 1796 hcc
1167 1730 1248 1794 cffu-
1300 1725 1488 1808 Westphali
1511 1726 1661 1809 exemplo
1687 1727 1716 1792 si
1744 1730 1816 1812 quis
1842 1730 2012 1808 reclamet,
2041 1731 2076 1795 in
2103 1730 2278 1812 angustias

271 1815 373 1901 glum,
397 1814 637 1899 philosophiam
658 1816 751 1882 nobis
773 1815 850 1881 fidei
871 1816 1062 1900 magistram
1074 1836 1141 1880 non
1160 1836 1247 1881 esse:
1300 1811 1407 1896 redigi
1427 1812 1616 1878 clamabunt
1637 1814 1700 1880 Dei
1729 1815 1932 1898 potentiam?
1983 1816 2071 1898 Quia
2098 1837 2177 1899 ergo
2201 1819 2278 1894 [pag

271 1900 400 1986 quaudo
428 1899 469 1965 de
493 1902 604 1968 arnis
630 1911 761 1968 nostrae
794 1903 932 1968 veritate
959 1901 1248 1981 nihilafferimus,
1301 1903 1356 1978 81]
1378 1898 1607 1982 intempestive
1628 1899 1794 1981 obiicitur,
1828 1904 1937 1968 Deum
1959 1923 2069 1986 posse,
2097 1900 2163 1966 nisi
2189 1899 2279 1983 quod

271 1987 336 2054 nisi
356 1985 442 2071 quod
464 1990 537 2068 [pag.
558 1992 612 2067 78]
634 1988 675 2053 ab
696 1988 768 2070 ipso
789 2009 917 2054 summo
945 1997 979 2053 et
1000 1989 1097 2054 unico
1119 1987 1249 2052 doctore
1299 1985 1409 2068 ipsum
1431 1983 1515 2051 velle
1533 1993 1672 2063 constat,
1694 1987 1835 2054 concidit
1851 1986 1914 2056 hac
1931 1988 2071 2072 inparte
2082 1994 2152 2052 tota
2161 1987 2278 2053 West-

270 2071 436 2158 proditum
457 2080 515 2138 est.
560 2071 737 2139 Caeterum
764 2072 850 2156 quod
872 2073 971 2139 huius
992 2073 1055 2140 loci
1076 2074 1248 2157 proprium
1300 2070 1394 2153 phali
1415 2071 1604 2154 loquacitas,
1632 2071 1734 2139 donec
1757 2072 1929 2140 Christum
1950 2075 2066 2159 probet
2086 2075 2197 2140 earnis
2218 2094 2279 2138 na»

271 2167 330 2238 est,
351 2157 488 2224 audiant
509 2158 648 2226 lectores
665 2179 763 2242 quam
785 2160 887 2242 probe
907 2159 1132 2244 Augustinum
1152 2158 1249 2225 nobis
1300 2171 1409 2222 turam
1430 2156 1522 2223 carni
1544 2178 1622 2222 suae
1642 2157 1826 2227 abstulisse.

228 2262 229 2271 ’
271 2253 466 2328 extorqueat
491 2244 718 2329 Westphalus.
768 2243 860 2311 Dicit
884 2253 1017 2314 sanctus
1042 2244 1098 2311 ille
1125 2244 1247 2323 doctor,
1385 2241 1452 2310 Ubi
1472 2252 1581 2309 autem
1603 2265 1640 2309 se
1665 2244 1706 2309 ad
1736 2246 1922 2312 testimonia
1945 2245 2065 2328 quihus
2091 2243 2197 2309 nostri
2225 2243 2278 2313 uei

272 2340 402 2415 praeter
423 2338 578 2396 naturam
601 2330 774 2397 Christum
802 2331 844 2397 ad
868 2329 1042 2415 discipulos
1062 2331 1249 2415 ingressum
1301 2340 1380 2394 sunt
1401 2328 1555 2393 diluenda
1575 2330 1690 2396 venire
1708 2330 1860 2411 simulat,
1873 2329 2028 2415 pudenda
2051 2338 2140 2408 estac
2163 2329 2280 2413 putida

272 2437 343 2483 esse
369 2415 489 2482 clausis
526 2415 648 2495 ianuis,
681 2416 778 2483 sicuti
802 2425 934 2501 praeter
965 2427 1117 2484 naturam
1150 2437 1249 2499 super
1298 2416 1334 2483 in
1355 2413 1473 2497 puerili
1494 2416 1623 2498 garritu
1644 2417 1715 2482 eius
1736 2418 1907 2485 affectatio.
1951 2415 2082 2498 Quaeso
2099 2413 2278 2496 Ioachime,

271 2522 372 2585 aquas
393 2501 541 2569 incessit:
563 2502 643 2586 quia
661 2503 772 2567 omnia
789 2502 955 2586 possibilia
976 2501 1153 2570 suutDeu
1180 2503 1248 2568 Ve-
1300 2499 1378 2585 quid
1400 2500 1537 2584 paginas
1558 2501 1742 2586 complures
1763 2503 2085 2571 scurrandoinfieere
2104 2522 2189 2585 opus
2204 2502 2277 2582 ruit,

273 2609 348 2653 rum
369 2586 564 2653 siChristus
586 2587 700 2654 divina
717 2609 777 2654 sua
795 2590 915 2655 virtute
937 2589 1023 2656 fores
1041 2588 1169 2656 clausas
1185 2588 1248 2652 mi·
1301 2588 1365 2653 nisi
1386 2595 1425 2652 ut
1445 2586 1643 2669 simplicium
1664 2595 1792 2655 mentes
1814 2590 1855 2655 ab
1876 2589 1980 2672 ipsias
2002 2588 2051 2655 rei
2073 2587 2199 2654 iutuitu
2220 2588 2278 2656 ab·

272 2672 384 2739 raculo
405 2673 576 2756 patefecit,
605 2694 649 2740 an
670 2673 743 2740 ideo
768 2683 923 2758 sequetur
944 2695 1064 2758 eorpus
1085 2675 1155 2740 eius
1177 2695 1249 2740 esse
1301 2673 1418 2739 ductae
1436 2682 1544 2738 tecum
1566 2674 1790 2758 vagarentur?
1842 2674 1992 2760 Simplex
2014 2681 2204 2742 nostrorum
2225 2695 2278 2743 rav

271 2757 494 2829 immensum?
545 2756 613 2826 Sed
634 2760 843 2846 Augustinus
869 2761 1029 2827 rationem
1050 2761 1105 2827 hio
1126 2760 1250 2844 requiri
1301 2759 1347 2825 tio
1370 2768 1429 2840 est,
1452 2760 1678 2844 Augustinum
1697 2760 1795 2844 plane
1817 2781 1972 2839 asserere,
1994 2769 2155 2844 quatenus
2178 2758 2278 2830 homo

274 2851 366 2910 vetat
386 2844 441 2910 uhi
462 2865 601 2928 regnare
623 2844 719 2913 dehet
740 2846 840 2914 fides:
871 2868 988 2930 nempe
1011 2856 1046 2913 ut
1068 2856 1157 2914 certo
1179 2867 1249 2913 ore-
1301 2856 1353 2913 est
1372 2844 1535 2924 Christus,
1557 2845 1595 2911 in
1616 2845 1706 2913 coelo
1729 2868 1815 2926 esse,
1838 2846 1925 2913 unde
1946 2846 2061 2912 ultimo
2082 2843 2136 2912 die
2160 2853 2278 2913 ventu·

274 2929 408 3010 murus,
436 2928 523 3014 qnod
544 2939 684 2998 testatus
705 2941 757 3000 est
778 2933 997 3018 evangelista,
1019 2933 1120 3000 nullis
1141 2931 1249 3000 obsta-
1301 2954 1358 2999 rus
1380 2942 1441 2998 est:
1464 2930 1644 2999 secundum
1664 2940 1817 3000 naturam
1839 2933 2019 3000 humanam
2029 2953 2098 2998 non
2114 2952 2187 2998 esse
2204 2931 2278 2998 ubi-

268 3015 358 3091 ,cula
378 3016 478 3086 fuisse
499 3015 702 3101 prohibitum
723 3018 788 3085 Dei
807 3018 922 3098 filium,
949 3019 1122 3102 quominus
1144 3019 1250 3084 inore-
1302 3039 1367 3104 que
1388 3013 1560 3083 diffusum:
1583 3018 1659 3102 quia
1680 3018 1772 3085 carni
1784 3040 1863 3086 suae
1874 3017 2156 3084 immortalitatem
2179 3015 2278 3099 dedit,

275 3103 374 3171 dibile
396 3100 479 3170 illud
506 3101 639 3172 virtutis
665 3125 745 3171 suae
772 3104 937 3188 specimen
964 3103 1084 3172 ederet
1134 3103 1251 3188 Itaque
1302 3113 1452 3171 usturam
1475 3126 1542 3170 non
1563 3103 1712 3171 abstulit:
1735 3105 1918 3172 cavendum
1939 3104 2044 3189 igitur
2065 3123 2136 3173 esse
2157 3126 2200 3170 ne
2219 3102 2279 3170 ho·

274 3187 390 3256 stolide
410 3187 465 3252 hic
481 3188 862 3274 exsultatWestphalus,
885 3189 1101 3274 theologicam
1118 3189 1251 3256 demon·
1302 3190 1403 3257 minis
1425 3187 1631 3256 divinitatem
1652 3191 1700 3256 ita
1720 3200 1919 3267 astruamus,
1948 3206 1987 3257 ut
2008 3188 2183 3257 veritatem
2206 3211 2280 3256 cor·

274 3275 469 3343 strationem
495 3274 665 3358 appellans
686 3275 773 3361 quod
792 3277 874 3344 falso
895 3297 972 3342 cum
994 3276 1062 3342 suis
1084 3275 1126 3341 de
1146 3277 1252 3342 omni·
1303 3276 1393 3362 poris
1414 3277 1614 3343 auferamus:
1642 3277 1672 3342 si
1693 3276 1846 3347 tollamus
1866 3277 1973 3360 sputis
1998 3274 2144 3343 locorum
2166 3295 2280 3363 corpo

274 3360 425 3447 potentia
445 3357 510 3425 Dei
532 3360 689 3427 obtendit
721 3362 837 3447 Neque
859 3363 948 3429 enim
969 3363 1091 3429 nostris
1113 3362 1252 3446 figmen-
1302 3363 1404 3444 ribus,
1425 3383 1587 3446 nusquam
1607 3364 1689 3431 foret
1711 3361 1847 3447 ideoque
1868 3363 1936 3428 lora
1958 3361 2060 3430 nulla
2106 3360 2282 3442 Christum

276 3448 320 3516 tis
341 3446 503 3514 obnoxius
524 3454 575 3512 est
591 3445 694 3527 Deus,
717 3457 756 3514 ut
776 3447 934 3533 quidquid
952 3449 1173 3533 imaginamur
1189 3447 1253 3513 im·
1305 3450 1312 3464 '
1340 3450 1406 3514 'tur
1436 3446 1557 3532 ubique
1589 3456 1796 3532 praesentem
1827 3470 1900 3516 esse
1930 3455 2086 3531 tanquam
2122 3452 2198 3527 [psa
2224 3452 2281 3528 82]

297 3533 373 3611 leat,
396 3530 455 3598 sed
475 3533 630 3619 coniungi
648 3539 790 3615 [puato]
812 3533 909 3601 debet
925 3535 996 3602 eius
1013 3534 1252 3618 potentiacum
1359 3555 1432 3614 um,
1463 3535 1498 3600 in
1525 3535 1595 3604 loco
1631 3534 1740 3618 aliquo
1767 3533 1849 3600 coeli
1876 3542 2010 3618 propter
2035 3533 2107 3601 veri
2135 3535 2288 3617 eorporis

274 3556 486 3702 beneplacito.
530 3617 638 3686 Sicuti
659 3620 758 3685 etiam
779 3619 933 3687 admonet
954 3619 1126 3703 propheta:
1159 3618 1253 3686 Deus
1304 3619 1446 3686 modum
1489 3619 1557 3687 Ubi
1582 3619 1622 3685 ad
1644 3621 1829 3687 satietatem
1857 3642 1961 3703 usque
1981 3620 2018 3685 in
2038 3619 2107 3686 suis
2128 3621 2296 3705 parergis

276 3713 389 3772 noster
409 3705 445 3769 in
466 3704 556 3772 coelo
577 3727 791 3790 quaecunque
812 3706 925 3787 voluit,
952 3707 1038 3771 lecit
1081 3703 1172 3772 Satis
1193 3728 1253 3791 pa·
1302 3707 1382 3774 lusit
1396 3704 1622 3789 Westphalus,
1641 3727 1685 3772 ne
1705 3704 1791 3771 nihil
1811 3706 1930 3773 afferre
1951 3712 2095 3789 putetur,
2116 3705 2299 3790 principit»

269 3791 396 3863 tefaota
415 3797 467 3855 est
488 3789 586 3857 huius
606 3792 771 3873 voluntas,
798 3793 907 3876 inquit
929 3791 1156 3875 Westphalus,
1178 3812 1252 3858 coe·
1304 3793 1441 3859 lectores
1470 3791 1640 3869 admonet,
1680 3812 1781 3876 quum
1813 3793 1860 3857 ita
1886 3791 2031 3875 loquitur
2058 3791 2291 3875 Augustinus,

269 3897 340 3946 nae
366 3873 578 3941 ordinatione.
630 3878 724 3944 ch
758 3899 837 3945 vero
863 3887 913 3944 est
940 3878 1056 3963 petitio
1088 3876 1250 3961 principii
1302 3900 1368 3946 non
1401 3899 1498 3962 agere
1529 3899 1571 3943 ex
1601 3878 1747 3961 professo
1778 3875 1819 3944 de
1848 3899 1950 3944 coena
1976 3876 2119 3943 Domini
2165 3875 2295 3958 Quid?

278 3959 353 4043 Quo
380 3960 469 4025 enim
497 3961 568 4026 iuro
594 3963 749 4043 obtinuit,
778 3963 949 4031 Christum
977 3984 1094 4047 panem
1122 3983 1251 4029 sacrum
1303 3985 1405 4048 quum
1427 3973 1465 4029 tu
1485 3984 1593 4046 nuper
1615 3962 1658 4029 ad
1678 3962 1860 4048 ornandam
1873 3963 1938 4031 Dei
1959 3962 2144 4046 potentiam
2160 3963 2287 4030 oitares

276 4044 481 4131 porrigendo,
504 4056 655 4114 natrrram
677 4050 886 4134 corporissui
895 4058 1042 4116 mutasse
1058 4056 1097 4114 ut
1112 4048 1252 4114 immen-
1303 4051 1374 4117 cius
1397 4050 1584 4133 praeconia,
1615 4070 1682 4114 non
1714 4049 1911 4117 memineras
1938 4057 2020 4115 tunc
2050 4069 2179 4131 quoque
2214 4071 2287 4115 non

277 4155 351 4203 sum
379 4131 484 4197 esset?
513 4133 580 4197 imo
607 4133 695 4200 idem
723 4156 840 4220 corpus
868 4135 982 4202 eodem
1003 4143 1169 4201 momento
1192 4134 1252 4200 du·
1304 4136 1404 4203 luisse
1431 4133 1471 4200 de
1498 4152 1599 4201 coena
1624 4133 1774 4201 habitum
1803 4135 1941 4218 abipso
1969 4133 2177 4211 sermonem?
2232 4138 2280 4201 Ao

277 4218 354 4303 pler
376 4218 500 4296 fecisse,
523 4227 561 4282 ut
581 4240 648 4284 uno
670 4221 706 4286 in
726 4221 798 4289 loeo
820 4222 951 4288 risibile
973 4228 1068 4300 esset,
1091 4222 1127 4286 in
1148 4221 1251 4286 altero
1303 4232 1336 4289 te
1356 4221 1489 4306 quidem
1508 4221 1674 4290 erroribus
1694 4222 1761 4287 tuis
1782 4229 1906 4288 temere
1926 4220 2150 4305 Augustinum
2172 4220 2277 4288 invol-

275 4303 450 4381 inrisibilc,
468 4303 674 4385 immensum,
695 4315 729 4372 et
745 4307 814 4374 suis
831 4306 1087 4376 dimensionibus
1097 4306 1251 4372 finitum?
1303 4329 1381 4374 vere
1407 4303 1543 4374 ostendi.
1598 4307 1665 4373 Hic
1700 4328 1779 4373 vero
1809 4307 1906 4392 longe
1938 4305 2069 4372 diversa
2100 4307 2186 4371 ratio
2221 4318 2276 4374 est

276 4391 409 4458 Eccein
421 4388 1051 4477 primaccenaoonspieiturChristusin
1064 4411 1249 4460 carnesua:
1303 4393 1402 4460 Clara
1433 4392 1630 4476 pronunciat
1661 4393 1867 4478 Augustinus
1904 4414 1970 4458 non
2008 4393 2095 4458 ferre
2134 4393 2277 4476 eorporis

275 4484 415 4544 naturae
436 4475 601 4541 humanae
620 4476 755 4544 modum
776 4482 904 4547 retinet
954 4479 1193 4558 runcantem,
1223 4478 1252 4544 si
1303 4478 1429 4546 Christi
1457 4488 1626 4559 naturam,
1649 4487 1687 4546 ut
1714 4479 1834 4562 ubique
1861 4480 1904 4545 sit
1934 4477 2106 4556 diffusum,
2140 4477 2277 4564 ideoque

276 4559 473 4646 Westphalc
495 4559 655 4642 creditur,
681 4563 769 4629 idem
790 4588 908 4650 corpus
928 4565 1079 4651 gestabat
1098 4563 1251 4630 manibus
1301 4565 1391 4632 coelo
1411 4564 1582 4631 contineri.
1626 4562 1666 4631 si
1683 4565 1731 4629 ita
1749 4574 1809 4646 est,
1854 4562 1994 4631 uomodo
2015 4563 2074 4631 tibi
2094 4564 2280 4633 subscribet

277 4650 345 4717 suis
372 4646 540 4715 invisibile
572 4655 606 4713 et
632 4648 837 4717 immensum.
889 4650 986 4734 Quod
1013 4650 1103 4718 siin
1130 4670 1251 4717 coenae
1302 4650 1381 4717 dum
1407 4651 1604 4717 immensum
1632 4670 1703 4718 esse
1730 4586 1854 4717 motas}
1903 4647 2047 4716 Perinde
2073 4650 2154 4716 facis
2184 4654 2279 4719 acsi

277 4734 434 4801 miraculo
457 4733 688 4799 documentum
715 4735 814 4802 huius
836 4737 901 4802 Dei
929 4738 1096 4822 potentiae
1119 4734 1252 4804 videbat
1301 4736 1492 4820 obstrepant
1512 4735 1660 4821 papistae
1680 4735 1765 4802 nihil
1785 4735 1828 4801 od
1849 4743 2041 4818 sespectare
2062 4756 2279 4821 quaecunque

277 4820 497 4905 Augustinus,
516 4842 575 4886 our
591 4841 753 4903 nusquam
771 4820 870 4888 verbo
882 4844 947 4889 uno
958 4823 1138 4900 admonuit,
1157 4841 1251 4904 prae-
1300 4830 1416 4890 eontra
1437 4823 1567 4889 fictitios
1587 4842 1702 4889 eorum
1728 4822 1838 4889 multus
1859 4832 1894 4887 et
1914 4820 2005 4906 leges
2024 4823 2217 4906 tyrannicas
2237 4845 2279 4890 ex

276 4913 328 4971 ter
349 4913 502 4972 naturam
524 4905 627 4973 latere
648 4906 683 4972 in
706 4927 792 4990 pane
802 4907 966 4975 invisibile
976 4909 1101 4976 Christi
1123 4928 1250 4991 corpus,
1301 4909 1464 4992 scriptura
1484 4906 1814 4992 producimus,quia
1833 4906 1960 4974 nullam
1985 4928 2099 4975 aarum
2121 4929 2281 4992 expresso

277 4991 403 5057 coelum
426 5000 459 5057 et
480 4999 603 5057 terram
624 4992 771 5076 implere,
793 4993 961 5079 integrum
983 5016 1054 5060 esso
1074 4993 1194 5059 millies
1213 4993 1251 5058 in
1301 4995 1433 5060 nomine
1455 4994 1591 5079 spiritus
1612 4992 1771 5079 designat
1822 4993 1875 5058 Ita
1902 5014 2004 5077 quum
2025 4993 2183 5058 citabitur
2203 5016 2280 5061 sen·

276 5075 366 5142 mille
385 5078 479 5144 locis:
509 5083 583 5159 [pag.
602 5082 657 5158 80]
678 5079 756 5163 quia
775 5079 861 5144 nihil
882 5080 953 5146 Deo
972 5081 1016 5145 sit
1040 5079 1249 5164 impossibile.
1302 5082 1406 5146 tentia
1422 5080 1562 5147 Christi:
1585 5085 1657 5158 [pag.
1676 5084 1730 5160 83]
1751 5078 1893 5145 Frustra
1914 5100 1967 5144 me
1987 5078 2102 5145 colunt
2122 5101 2281 5166 praecep·

276 5160 366 5245 Ergo
383 5163 470 5247 quod
492 5165 677 5245 recitatio
696 5164 957 5252 miraculisquae
977 5172 1112 5251 captum
1133 5165 1251 5233 huma·
1301 5166 1345 5233 tis
1372 5165 1545 5232 hominum
1572 5174 1632 5232 eto.
1662 5164 1797 5248 (Matth.
1824 5169 1872 5246 lb,
1892 5163 1926 5250 9)
1954 5164 2045 5231 nullo
2077 5166 2212 5250 negotio
2243 5191 2280 5235 se
