4620 5828
69 285 71 288 ⁴
99 249 159 311 661

98 431 265 499 homiuem
287 429 456 511 occideret,
478 431 652 516 quierem
672 436 804 510 mactat,
826 428 963 514 perinde
985 451 1030 497 ac·
1044 429 1074 497 si

96 517 297 585 interficeret
317 537 442 597 canem
462 519 490 583 si
502 517 574 600 quis
583 515 813 602 indecolligst,
824 516 935 582 Deum
945 537 1074 599 semper

98 604 321 670 abominatum
346 603 448 670 inisse
480 602 653 682 sacrificia,
681 621 746 686 quo
772 600 889 668 cavillo
916 601 1075 688 effugient

97 688 236 756 Iudaei?
280 687 410 755 Salutio
421 695 531 754 autern
550 696 592 754 e'x
610 687 819 773 abrogatione
839 687 956 772 legalis
966 688 1074 755 cultris

97 774 229 860 pendet,
247 775 340 842 cuius
357 774 544 860 ignorantia
559 773 670 840 ludaei
688 784 757 840 tum
776 771 877 839 stulte
895 782 1071 858 nugantur.

98 860 290 928 Tenendum
312 868 384 926 erat
404 860 467 925 hoc
493 860 700 943 principium,
729 860 765 925 in
791 859 943 924 omnibus
965 880 1074 926 caere-

98 947 217 1014 moniis
236 966 316 1030 quas
343 946 509 1030 praecepit
535 946 654 1024 Moses,
681 946 788 1012 instar
814 944 948 1030 regulae
974 945 1074 1012 firmes

97 1033 146 1099 illi
167 1032 344 1116 exemplar,
367 1030 452 1115 quod
473 1031 564 1097 Deus
584 1029 771 1097 ostenderat
795 1031 830 1095 in
858 1039 969 1096 monte
997 1031 1073 1115 (lix.

98 1122 152 1200 25,
173 1118 238 1200 40).
282 1118 354 1182 Iam
376 1139 475 1201 quum
497 1117 665 1201 exemplar
685 1116 767 1182 illud
795 1116 832 1181 iu
854 1116 1002 1183 Meschia
1022 1118 1074 1181 fu·

97 1205 162 1271 erit
193 1203 384 1284 exhibitum,
416 1202 502 1268 nihil
535 1201 668 1270 absurdi
699 1211 758 1282 est,
785 1202 817 1267 si
844 1201 988 1269 adventu
1015 1223 1074 1269 suo

96 1291 231 1357 umbras
251 1310 366 1356 omnes
386 1288 573 1381 aboleverit

476 1526 693 1682 IUDXdUS.

186 1787 321 1869 Quaere:
341 1784 445 1867 Quare
464 1804 518 1860 vos
544 1783 689 1868 affligitis
719 1785 770 1851 die
795 1789 890 1864 secta
918 1804 978 1867 guo
1004 1805 1073 1851 eu-

95 1873 208 1957 cismc
230 1877 282 1953 est,
305 1875 342 1936 ut
356 1872 481 1950 datar,
500 1890 596 1952 quma
613 1871 812 1952 maritimae
829 1873 898 1936 aas
919 1876 947 1936 et
962 1871 1075 1953 poenis

95 1959 168 2026 etta
184 1958 309 2025 liberati
329 1977 368 2022 ea
377 1955 538 2040 gedeona?
571 1956 735 2022 Debaistis
748 1958 857 2039 potius
873 1956 987 2039 festum
1005 1958 1074 2041 uqi·

95 2049 173 2126 tore,
194 2044 325 2128 φωῑανί,
347 2047 375 2107 et
393 2042 537 2127 caudae

460 2262 704 2332 GALVINUS.

183 2437 314 2521 Quaere
334 2438 489 2513 vicissim,
509 2457 609 2520 quare
631 2437 667 2501 in
689 2435 741 2501 die
767 2438 851 2502 festo
879 2437 1073 2521 expiationis

95 2525 211 2591 Iudaei
232 2546 274 2590 ex
301 2522 384 2608 legis
409 2523 608 2606 praescripto
635 2523 762 2588 animas
795 2543 872 2591 suas
903 2522 1072 2606 affligant?

95 2633 199 2696 quum
225 2619 337 2677 tamen
371 2608 536 2676 celebrent
566 2628 661 2673 suam
693 2629 779 2674 cum.
800 2607 872 2674 Deo
904 2607 1073 2674 reconcili-

97 2698 248 2764 ationem
292 2695 439 2762 Docebat
465 2695 554 2761 enim
579 2694 668 2777 ipsos
694 2715 820 2778 quoqne
848 2713 923 2758 cum
949 2693 1075 2760 laetitia

95 2783 204 2867 potius
225 2804 244 2848 e
267 2781 361 2847 ulari.

184 2803 282 2933 Nullo
304 2874 414 2932 autem
434 2866 566 2950 negotio
586 2864 748 2931 refellitur
769 2884 882 2930 eorum
909 2864 1073 2930 cavillum.

95 2954 266 3033 Fatemur,
276 2952 304 3019 si
314 2952 431 3036 quibus
441 2952 644 3035 propositum
655 2958 707 3016 est
724 2950 810 3016 diem
821 2951 937 3016 mertis
948 2949 1075 3016 Ohristi

97 3040 299 3107 sanctificare
319 3038 440 3103 ieiunio
463 3044 496 3101 et
516 3035 615 3116 luctu,
635 3037 860 3120 superstitiose
889 3037 950 3102 hoc
978 3037 1074 3103 modo

96 3134 131 3192 et
150 3144 323 3209 perperam
343 3122 494 3190 fictitium
516 3121 643 3187 cultum
665 3123 845 3188 instituere.
897 3122 967 3189 Neo
994 3143 1073 3189 vero

96 3207 1073 3377 &mill’nlttttlllull‘titltltlt

95 3381 329 3466 redemptionis
347 3401 426 3446 suae
444 3379 636 3445 memoriam
653 3400 728 3446 oum
745 3378 865 3464 gaudio
885 3388 919 3443 et
938 3381 1073 3447 canticis

96 3467 276 3536 celebrent:
298 3476 331 3533 et
357 3475 469 3531 tamen
496 3485 571 3532 cum
598 3466 722 3550 gemitu
747 3464 937 3548 suppliciter
962 3487 1072 3534 coram

94 3554 169 3621 Deo
189 3559 318 3619 reatum
339 3573 436 3617 suum
456 3551 633 3636 deplorent.

477 3808 693 3961 IUDXIJlUS.

185 4066 320 4149 Quaere:
336 4067 420 4150 Quid
428 4065 500 4147 fecit
513 4065 588 4130 Iesu
597 4064 683 4130 altro
693 4064 826 4146 reliquos
836 4065 1072 4131 cbmsouctoe?

97 4154 186 4219 Nom
210 4150 721 4220 HcaocbetEliosasceaderwct
747 4151 783 4214 ia
810 4151 917 4216 altem.
963 4148 1090 4214 Moses'

94 4238 227 4313 maeuii
252 4258 369 4321 autom
390 4239 426 4303 ia
452 4256 491 4302 cu
553 4238 649 4315 inem,
676 4235 781 4301 dulces
806 4235 944 4301 reddidit
970 4256 1070 4317 equus

94 4345 238 4405 umcros,
257 4324 386 4390 deducit
411 4322 504 4389 Ieroe
587 4342 648 4404 per
674 4321 811 4386 medicea
836 4321 946 4387 moris.
997 4320 1070 4387 Eli-

94 4407 500 4493 msccdfoatemolei,
521 4428 560 4474 ea
581 4427 642 4490 qao
663 4406 879 4489 emmeant
898 4407 1070 4472 maltuco·

93 4518 143 4578 sa,
165 4496 288 4563 necuit
309 4495 428 4577 ἱερναηι
441 4494 640 4573 Nouercae
656 4492 1070 4559 menstruatarum:

94 4581 301 4649 adelonem
322 4585 425 4647 taenea
444 4600 507 4647 aaa
526 4580 690 4657 caeam,
712 4578 793 4659 quod
810 4577 994 4660 illisaciae
1011 4579 1069 4659 ds’i,

93 4668 150 4736 ced
170 4668 235 4734 oiri
257 4667 343 4733 lusti.
472 4673 475 4684 '
540 4684 542 4688 ·

347 4937 350 4943 .
422 4887 699 4997 gemamus.
744 4909 778 4981 3

180 5059 321 5142 Quaere,
343 5079 385 5124 sn
412 5059 522 5124 Moses
549 5056 716 5124 hominem
740 5067 906 5124 mortuum
932 5056 1067 5123 suscita-

93 5150 189 5227 verit,
211 5144 299 5229 quod
319 5144 395 5212 iecit
415 5144 574 5222 Elisseae,
596 5144 652 5226 qui
677 5154 788 5210 tumen
813 5143 902 5210 Mose
930 5142 992 5209 fuit
1018 5143 1069 5209 in·

801 241 866 309 AD
884 241 1208 325 Quaesumus
1228 243 1405 312 IUDAllL

2042 252 2105 316 662

1125 431 1249 498 ferior?
1293 431 1410 496 Ilateri
1439 432 1538 498 etiam
1566 440 1725 518 cogentur
1747 435 1865 502 Mosen
1885 438 1983 503 Iosue
2009 437 2105 504 disci·

1124 518 1202 602 pulo
1223 539 1283 584 suo
1304 517 1461 584 maiorem
1481 517 1597 583 nisse
1620 541 1726 603 neque
1744 529 1856 587 tamen
1874 518 2007 589 cursum
2024 523 2104 591 solis

1124 611 1270 669 moratus
1292 611 1351 682 eet,
1375 610 1412 668 ut
1423 603 1510 669 diem
1528 625 1632 669 unum
1644 607 1787 672 efficeret
1804 629 1845 673 ex
1856 608 1964 675 biduo.
2008 607 2104 676 Unde

1126 691 1282 773 sequitur,
1304 709 1477 773 perperam
1498 687 1539 754 de
1560 710 1719 772 personae
1736 693 1930 759 excellentia
1946 694 2105 762 iudicium

1125 775 1197 841 fieri
1216 796 1259 843 ex
1280 773 1377 841 nudis
1398 775 1573 841 miraculis
1752 790 1757 800 ·
2050 817 2053 826 ·
2084 817 2087 833 ,

1210 859 1353 926 Puer-ilis
1375 866 1484 926 autem
1504 859 1586 926 haec
1597 860 1732 929 obiectio
1749 863 1845 929 facila
1863 865 2011 945 solvitur,
2029 867 2106 950 quia

1125 967 1191 1011 non
1213 945 1310 1011 modo
1327 945 1550 1030 quaerendum
1572 955 1651 1027 erat,
1671 967 1753 1031 quae
1770 949 1928 1017 miracula
1944 949 2106 1018 ediderint

1148 1032 1315 1114 rophetae,
1338 1031 1396 1097 sed
1418 1053 1484 1116 qua
1504 1031 1635 1097 virtute.
1677 1033 1834 1101 Ohristus
1860 1043 1971 1102 autem
2000 1058 2104 1120 quum

1151 1119 1157 1132 '
1195 1117 1302 1201 ipulos
1324 1118 1447 1183 maiora
1468 1118 1610 1185 facturos
1632 1117 1719 1198 dicit,
1741 1141 1841 1203 quam
1862 1141 1946 1205 quae
1966 1123 2037 1207 ipse
2055 1124 2103 1190 fe-

1125 1203 1233 1284 cisset,
1255 1224 1321 1269 non
1342 1223 1398 1270 eos
1415 1204 1478 1270 sibi
1497 1203 1550 1271 vel
1566 1205 1738 1287 praeferre,
1756 1205 1967 1291 vel-aequare
1984 1209 2103 1274 voluit:

1125 1290 1203 1372 quia
1223 1309 1323 1373 penes
1344 1311 1447 1355 unum
1468 1290 1578 1373 ipsum
1599 1297 1712 1356 manet
1732 1290 1836 1376 gloria
1854 1313 1999 1376 operum,
2020 1314 2103 1378 quse

1125 1375 1172 1526 :l
1191 1375 2104 1548 llieiffibmsiilllmniidlfflitilqlimulii

1048 1581 1052 1591 ‚
1125 1545 1227 1612 edidit
1243 1546 1404 1613 miracula
1424 1554 1551 1630 etpost
1571 1567 1646 1614 aum
1666 1549 1856 1631 prophetae,
1880 1551 2011 1635 proprie
2031 1573 2103 1618 ma-

1125 1652 1223 1698 nasse
1245 1654 1264 1697 a
1286 1631 1437 1698 Ohristo:
1457 1633 1534 1715 quia
1553 1632 1771 1718 fuitangelus
1791 1634 1972 1720 illaquam
1992 1639 2102 1703 Moses

1125 1715 1292 1801 praedicat
1311 1715 1426 1783 ducem
1447 1717 1560 1801 populi
1581 1726 1616 1783 et
1636 1717 1802 1784 custodem
1821 1721 1940 1804 (Exod.
1961 1726 2012 1803 23,
2035 1723 2102 1809 20).

1126 1801 1223 1885 Quod
1246 1804 1274 1869 si
1296 1823 1361 1886 qua
1379 1804 1450 1869 sani
1470 1811 1587 1888 gustus
1608 1805 1769 1888 particula
1795 1806 1831 1870 in
1853 1806 1985 1875 Iudaeis
2007 1816 2102 1891 esset,

1126 1890 1239 1954 statim
1268 1899 1482 1973 agnoscerent
1507 1900 1630 1972 quanta
1661 1891 1706 1956 sit
1744 1890 1870 1968 Christi
1903 1895 2104 1977 praestantia

1127 1984 1160 2047 et
1180 1968 1324 2059 dignitas
1346 1996 1446 2059 supra
1462 1976 1578 2041 Mosen
1613 1976 1711 2050 etiam
1740 1977 1776 2040 in
1808 1977 1982 2045 miraculis.
2007 1980 2103 2046 ¹Non

1127 2060 1215 2124 enim
1237 2060 1369 2126 coelesti
1391 2082 1485 2144 pane,
1507 2081 1572 2143 quo
1595 2082 1655 2125 nos
1676 2060 1828 2128 Christus
1851 2066 1962 2146 pascit,
1992 2082 2103 2152 patres

1126 2145 1210 2210 aluit
1230 2146 1339 2221 Moses
1360 2147 1395 2210 in
1418 2146 1520 2210 vitam
1543 2155 1710 2211 aeternam
1727 2160 1761 2212 et
1778 2147 1989 2231 spiritualem.
2034 2149 2103 2217 Sed

1127 2242 1164 2296 ut
1191 2231 1318 2314 profani
1347 2238 1425 2297 suut
1445 2230 1610 2310 homines,
1638 2233 1704 2297 imo
1731 2232 1853 2316 impuri
1880 2257 1987 2316 canes,
2020 2237 2104 2303 nihil

1126 2318 1257 2396 mirum,
1280 2318 1309 2382 si
1329 2316 1371 2382 ad
1393 2316 1571 2401 gustandas
1593 2317 1747 2385 coelestes
1776 2319 1904 2387 delitias
1926 2322 1992 2387 sint
2009 2343 2103 2407 pror-

1126 2401 1344 2553 susdlinsipidi.
1400 2403 1486 2468 Cum
1514 2403 1609 2469 bruto
1635 2405 1744 2486 itaque
1772 2427 1830 2470 suo
1852 2416 1984 2490 stupore
2010 2409 2104 2474 cmit-

1127 2496 1180 2553 ten
1205 2490 1212 2503 ⁰
1236 2500 1324 2554 sunt.

1505 2694 1722 2847 IUDvdllilUS.

1215 2948 1348 3030 Qamerc:
1373 2948 1460 3029 Quod
1479 2969 1534 3015 oos
1554 2951 1667 3031 dicitis,
1688 2950 1780 3015 illum
1808 2972 1874 3018 esse
1898 2953 2003 3032 liliam
2029 2955 2103 3038 Dei,

1126 3054 1221 3116 quasa
1252 3035 1446 3115 reperiamus
1478 3036 1514 3099 iss
1547 3036 1654 3101 mdis
1691 3036 1767 3101 locis
1800 3037 1967 3103 lebetae
1998 3044 2105 3108 ooccri

1124 3119 1208 3200 filios
1238 3120 1311 3199 Dei,
1342 3125 1386 3199 at,
1417 3121 1481 3201 filii
1507 3122 1582 3186 estis
1608 3120 1745 3186 Domino
1772 3122 1874 3201 (Psal.
1905 3128 1958 3204 82,
1983 3131 2027 3205 6),
2056 3114 2101 3192 esi

1125 3207 1252 3272 minime
1272 3227 1388 3285 veum,
1410 3210 1467 3271 out
1487 3226 1592 3272 omnes
1614 3206 1781 3272 Israeldoe
1799 3214 1872 3273 aava
1891 3210 1950 3274 dei.

1487 3426 1730 3495 OALVINUS.

1210 3597 1341 3681 Quaere
1379 3599 1540 3679 vicissim,
1573 3620 1672 3682 quum
1708 3601 1890 3681 promiscue
1928 3601 2098 3670 Israelitae

1123 3706 1238 3751 omnes
1266 3685 1333 3750 sint
1363 3684 1424 3750 filii
1455 3685 1516 3765 dei,
1548 3705 1606 3750 cur
1639 3685 1794 3767 peculiari
1826 3686 1931 3771 elogio
1963 3698 2098 3755 ornetur

1124 3770 1244 3848 David,
1273 3769 1329 3835 ubi
1357 3770 1396 3837 de
1423 3771 1494 3854 ipso
1522 3769 1615 3837 Deus
1641 3773 1850 3852 pronunciat:
1885 3772 1972 3840 filius
2004 3796 2098 3842 meus

1124 3878 1159 3923 es
1175 3855 1220 3938 1)“1
1265 3856 1363 3935 Item,
1404 3874 1462 3922 cur
1488 3855 1566 3920 alibi
1595 3854 1802 3922 Solomonem
1832 3859 1967 3924 extollat
1999 3882 2098 3944 supra

1123 3964 1236 4009 omnes
1254 3941 1420 4025 reliquos,
1448 3942 1500 4008 his
1528 3941 1651 4007 verbis:
1681 3943 1748 4005 Ero
1776 3944 1805 4006 ei
1835 3944 1869 4006 in
1899 3956 2035 4026 patrem,
2064 3957 2098 4013 et

1122 4028 1193 4113 ipsc
1214 4029 1278 4094 erit
1298 4026 1380 4092 mihi
1400 4027 1436 4092 in
1457 4027 1562 4092 filium
1583 4028 1627 4111 (2.
1651 4024 1740 4092 Sam.
1766 4032 1793 4106 7,
1821 4029 1900 4108 rel?

1208 4114 1279 4180 Iam
1300 4113 1385 4179 satia·
1401 4115 1543 4179 resumta
1564 4124 1651 4178 esset
1671 4113 1787 4177 frivola
1808 4122 1921 4179 eorum
1942 4118 2096 4200 quaestio,

1122 4201 1185 4273 nisi
1206 4198 1291 4284 quod
1312 4219 1416 4284 pauca
1434 4197 1542 4289 ¹verba
1570 4197 1720 4264 docendis
1750 4201 1951 4282 simplicibus
1978 4201 2097 4268 addere

1121 4285 1209 4352 libet
1252 4285 1424 4351 Vocantur
1445 4283 1554 4369 angeli
1581 4283 1640 4349 filii
1662 4282 1733 4348 Dei.
1784 4286 1877 4351 Idem
1906 4309 2025 4352 nomen
2055 4287 2096 4352 ad

1121 4393 1214 4458 reges
1236 4381 1270 4437 et
1290 4370 1412 4437 iudices
1435 4369 1645 4436 transfertur:
1668 4370 1789 4435 Davidi
1811 4385 1920 4437 autem
1941 4374 2097 4438 tribuitur

1121 4457 1297 4543 singularis
1317 4456 1481 4542 privilegii
1507 4454 1587 4534 loco,
1614 4456 1704 4522 cuius
1731 4459 1828 4521 etiam
1861 4470 2010 4541 respectu
2037 4480 2095 4522 an-

1121 4544 1211 4629 gelos
1229 4544 1318 4628 ipsos
1340 4548 1479 4626 superat.
1525 4540 1608 4606 Colli
1635 4543 1698 4605 'tur
1711 4562 1798 4627 ergo,
1821 4545 1906 4607 inter
1927 4544 2011 4607 filios
2032 4544 2098 4610 Dei

1120 4629 1231 4713 plures
1253 4648 1324 4695 esse
1350 4626 1520 4693 distinctos
1546 4563 1675 4713 gradis.
1725 4627 1836 4708 Qurare
1855 4628 1937 4693 nihil
1964 4630 2094 4709 mirum,

1120 4716 1149 4781 si
1160 4714 1309 4781 Moschis
1329 4732 1429 4796 supra
1450 4734 1561 4779 omnes
1583 4714 1732 4779 emineat.
1777 4713 1899 4777 Filium
1919 4735 1997 4780 vero
2020 4714 2094 4778 uni-

1119 4802 1268 4885 genitum
1290 4797 1436 4878 dicimus,
1459 4798 1637 4882 etquidem
1656 4808 1779 4877 natura,
1797 4819 1857 4881 per
1881 4819 1979 4882 quem
1996 4799 2095 4883 adop·

1120 4886 1217 4952 tionis
1239 4884 1378 4970 gratiam
1400 4886 1695 4968 consequimur,'ut
1717 4894 1906 4966 reputemur
1932 4885 1994 4968 ipsi
2016 4907 2094 4969 quo-

1119 4993 1183 5056 que
1204 4972 1292 5036 inter
1313 4968 1379 5036 Dei
1400 4970 1491 5038 filios

1189 5154 1859 5225 1)Eaa.1emna0eaaacer(pu1m.a,l).
1933 5171 1934 5175 κ
