<?xml version="1.0" encoding="UTF-8"?>
<!DOCTYPE html PUBLIC "-//W3C//DTD XHTML 1.0 Transitional//EN"
    "http://www.w3.org/TR/xhtml1/DTD/xhtml1-transitional.dtd">
<html xmlns="http://www.w3.org/1999/xhtml" xml:lang="en" lang="en">
 <head>
  <title>
</title>
<meta http-equiv="Content-Type" content="text/html;charset=utf-8" />
  <meta name='ocr-system' content='tesseract 3.04.00' />
  <meta name='ocr-capabilities' content='ocr_page ocr_carea ocr_par ocr_line ocrx_word'/>
</head>
<body>
  <div class='ocr_page' id='page_1' title='image "./ioanniscalvinio01reusgoog_0165.png"; bbox 0 0 4776 5844; ppageno 0'>
   <div class='ocr_carea' id='block_1_1' title="bbox 268 242 2276 316">
    <p class='ocr_par' dir='ltr' id='par_1_1' title="bbox 268 242 2276 316">
     <span class='ocr_line' id='line_1_1' title="bbox 268 242 2276 316; baseline -0.002 -2"><span class='ocrx_word' id='word_1_1' title='bbox 268 253 336 316; x_wconf 40' lang='lat'><strong>2151</strong></span> <span class='ocrx_word' id='word_1_2' title='bbox 1035 247 1217 314; x_wconf 80' lang='lat' dir='ltr'>UL&#39;HMA</span> <span class='ocrx_word' id='word_1_3' title='bbox 1240 242 1506 311; x_wconf 74' lang='lat' dir='ltr'><strong>Annoululo</strong></span> <span class='ocrx_word' id='word_1_4' title='bbox 2210 249 2276 310; x_wconf 76' lang='lat' dir='ltr'><strong>ule</strong></span> 
     </span>
    </p>
   </div>
   <div class='ocr_carea' id='block_1_2' title="bbox 267 431 2282 5239">
    <p class='ocr_par' dir='ltr' id='par_1_2' title="bbox 267 431 2282 5239">
     <span class='ocr_line' id='line_1_2' title="bbox 267 431 2275 521; baseline -0.002 -16"><span class='ocrx_word' id='word_1_5' title='bbox 267 438 429 505; x_wconf 76' lang='lat' dir='ltr'><strong>mentales</strong></span> <span class='ocrx_word' id='word_1_6' title='bbox 449 438 596 504; x_wconf 85' lang='lat' dir='ltr'><strong>actiones</strong></span> <span class='ocrx_word' id='word_1_7' title='bbox 625 444 749 521; x_wconf 85' lang='lat' dir='ltr'><strong>negant</strong></span> <span class='ocrx_word' id='word_1_8' title='bbox 775 436 916 502; x_wconf 83' lang='lat' dir='ltr'><strong>conferri</strong></span> <span class='ocrx_word' id='word_1_9' title='bbox 943 434 1061 502; x_wconf 91' lang='lat' dir='ltr'><strong>debere</strong></span> <span class='ocrx_word' id='word_1_10' title='bbox 1090 456 1165 502; x_wconf 90' lang='lat' dir='ltr'><strong>cum</strong></span> <span class='ocrx_word' id='word_1_11' title='bbox 1187 446 1248 500; x_wconf 73' lang='lat' dir='ltr'><strong>na-&#39;</strong></span> <span class='ocrx_word' id='word_1_12' title='bbox 1299 434 1434 499; x_wconf 77' lang='lat' dir='ltr'>dixisse:</span> <span class='ocrx_word' id='word_1_13' title='bbox 1456 432 1745 501; x_wconf 72' lang='lat' dir='ltr'><strong>sacramentorum</strong></span> <span class='ocrx_word' id='word_1_14' title='bbox 1757 431 1870 498; x_wconf 88' lang='lat' dir='ltr'><strong>eadem</strong></span> <span class='ocrx_word' id='word_1_15' title='bbox 1892 440 1943 497; x_wconf 90' lang='lat' dir='ltr'><strong>est</strong></span> <span class='ocrx_word' id='word_1_16' title='bbox 1964 434 2061 498; x_wconf 81' lang='lat' dir='ltr'><strong>ratic:</strong></span> <span class='ocrx_word' id='word_1_17' title='bbox 2090 435 2275 518; x_wconf 88' lang='lat' dir='ltr'><strong>baptismus</strong></span> 
     </span>
     <span class='ocr_line' id='line_1_3' title="bbox 269 520 2277 606; baseline -0.002 -16"><span class='ocrx_word' id='word_1_18' title='bbox 269 536 361 604; x_wconf 87' lang='lat' dir='ltr'><strong>tura,</strong></span> <span class='ocrx_word' id='word_1_19' title='bbox 390 545 506 588; x_wconf 81' lang='lat' dir='ltr'><strong>verum</strong></span> <span class='ocrx_word' id='word_1_20' title='bbox 528 523 666 606; x_wconf 91' lang='lat' dir='ltr'><strong>quidem</strong></span> <span class='ocrx_word' id='word_1_21' title='bbox 697 530 763 601; x_wconf 87' lang='lat' dir='ltr'><strong>est,</strong></span> <span class='ocrx_word' id='word_1_22' title='bbox 790 522 887 587; x_wconf 88' lang='lat' dir='ltr'><strong>mode</strong></span> <span class='ocrx_word' id='word_1_23' title='bbox 914 544 956 587; x_wconf 89' lang='lat' dir='ltr'><strong>ne</strong></span> <span class='ocrx_word' id='word_1_24' title='bbox 982 522 1246 605; x_wconf 88' lang='lat' dir='ltr'><strong>incomparabilis</strong></span> <span class='ocrx_word' id='word_1_25' title='bbox 1299 520 1366 586; x_wconf 83' lang='lat' dir='ltr'><strong>rim</strong></span> <span class='ocrx_word' id='word_1_26' title='bbox 1389 541 1483 585; x_wconf 89' lang='lat' dir='ltr'><strong>suam</strong></span> <span class='ocrx_word' id='word_1_27' title='bbox 1511 521 1646 598; x_wconf 90' lang='lat' dir='ltr'><strong>retinet,</strong></span> <span class='ocrx_word' id='word_1_28' title='bbox 1678 520 1829 602; x_wconf 83' lang='lat' dir='ltr'><strong>quamvis</strong></span> <span class='ocrx_word' id='word_1_29' title='bbox 1855 540 1921 584; x_wconf 90' lang='lat' dir='ltr'><strong>non</strong></span> <span class='ocrx_word' id='word_1_30' title='bbox 1949 527 2097 586; x_wconf 78' lang='lat' dir='ltr'><strong>vertatur</strong></span> <span class='ocrx_word' id='word_1_31' title='bbox 2128 541 2217 605; x_wconf 88' lang='lat' dir='ltr'><strong>aqua</strong></span> <span class='ocrx_word' id='word_1_32' title='bbox 2238 521 2277 585; x_wconf 86' lang='lat' dir='ltr'><strong>in</strong></span> 
     </span>
     <span class='ocr_line' id='line_1_4' title="bbox 267 603 2275 693; baseline -0.002 -17"><span class='ocrx_word' id='word_1_33' title='bbox 267 611 334 676; x_wconf 82' lang='lat' dir='ltr'><strong>Ilei</strong></span> <span class='ocrx_word' id='word_1_34' title='bbox 355 609 522 693; x_wconf 88' lang='lat' dir='ltr'><strong>potentiae</strong></span> <span class='ocrx_word' id='word_1_35' title='bbox 543 617 717 691; x_wconf 83' lang='lat' dir='ltr'><strong>praetextu</strong></span> <span class='ocrx_word' id='word_1_36' title='bbox 740 612 815 686; x_wconf 78' lang='lat' dir='ltr'><strong>[pag.</strong></span> <span class='ocrx_word' id='word_1_37' title='bbox 837 614 912 690; x_wconf 83' lang='grc'><strong>218]</strong></span> <span class='ocrx_word' id='word_1_38' title='bbox 941 616 1088 674; x_wconf 89' lang='lat' dir='ltr'><strong>monstra</strong></span> <span class='ocrx_word' id='word_1_39' title='bbox 1116 609 1245 691; x_wconf 87' lang='lat' dir='ltr'><strong>fingen-</strong></span> <span class='ocrx_word' id='word_1_40' title='bbox 1298 607 1492 690; x_wconf 88' lang='lat' dir='ltr'><strong>sanguinem</strong></span> <span class='ocrx_word' id='word_1_41' title='bbox 1525 603 1662 670; x_wconf 79' lang='lat' dir='ltr'>Christi:</span> <span class='ocrx_word' id='word_1_42' title='bbox 1708 626 1786 689; x_wconf 87' lang='lat' dir='ltr'><strong>ergo</strong></span> <span class='ocrx_word' id='word_1_43' title='bbox 1824 625 1946 671; x_wconf 90' lang='lat' dir='ltr'><strong>coenae</strong></span> <span class='ocrx_word' id='word_1_44' title='bbox 1993 606 2094 671; x_wconf 89' lang='lat' dir='ltr'><strong>etiam</strong></span> <span class='ocrx_word' id='word_1_45' title='bbox 2144 616 2275 672; x_wconf 81' lang='lat' dir='ltr'><strong>constu-</strong></span> 
     </span>
     <span class='ocr_line' id='line_1_5' title="bbox 269 691 2277 778; baseline -0 -18"><span class='ocrx_word' id='word_1_46' title='bbox 269 704 326 760; x_wconf 89' lang='lat' dir='ltr'><strong>tur</strong></span> <span class='ocrx_word' id='word_1_47' title='bbox 345 702 477 778; x_wconf 88' lang='lat' dir='ltr'><strong>praeter</strong></span> <span class='ocrx_word' id='word_1_48' title='bbox 498 695 569 759; x_wconf 90' lang='lat' dir='ltr'><strong>sius</strong></span> <span class='ocrx_word' id='word_1_49' title='bbox 591 694 738 759; x_wconf 89' lang='lat' dir='ltr'><strong>verbum.</strong></span> <span class='ocrx_word' id='word_1_50' title='bbox 782 694 898 778; x_wconf 88' lang='lat' dir='ltr'><strong>Itaque</strong></span> <span class='ocrx_word' id='word_1_51' title='bbox 916 704 1052 759; x_wconf 89' lang='lat' dir='ltr'><strong>eatenus</strong></span> <span class='ocrx_word' id='word_1_52' title='bbox 1070 693 1247 776; x_wconf 72' lang='lat' dir='ltr'><strong>acquiescit</strong></span> <span class='ocrx_word' id='word_1_53' title='bbox 1298 692 1345 758; x_wconf 92' lang='lat' dir='ltr'><strong>bit</strong></span> <span class='ocrx_word' id='word_1_54' title='bbox 1368 713 1428 756; x_wconf 89' lang='lat' dir='ltr'><strong>sua</strong></span> <span class='ocrx_word' id='word_1_55' title='bbox 1450 691 1516 769; x_wconf 84' lang='lat' dir='ltr'><strong>vis,</strong></span> <span class='ocrx_word' id='word_1_56' title='bbox 1545 696 1620 770; x_wconf 78' lang='lat' dir='ltr'><strong>[pag.</strong></span> <span class='ocrx_word' id='word_1_57' title='bbox 1640 696 1715 770; x_wconf 85' lang='lat'>221]</span> <span class='ocrx_word' id='word_1_58' title='bbox 1746 698 1910 775; x_wconf 89' lang='lat' dir='ltr'><strong>utcunque</strong></span> <span class='ocrx_word' id='word_1_59' title='bbox 1941 691 2001 756; x_wconf 91' lang='lat' dir='ltr'><strong>sub</strong></span> <span class='ocrx_word' id='word_1_60' title='bbox 2023 713 2108 774; x_wconf 90' lang='lat' dir='ltr'><strong>pane</strong></span> <span class='ocrx_word' id='word_1_61' title='bbox 2130 713 2201 757; x_wconf 91' lang='lat' dir='ltr'><strong>non</strong></span> <span class='ocrx_word' id='word_1_62' title='bbox 2222 714 2277 759; x_wconf 91' lang='lat' dir='ltr'><strong>cc-</strong></span> 
     </span>
     <span class='ocr_line' id='line_1_6' title="bbox 269 774 2278 865; baseline -0.002 -18"><span class='ocrx_word' id='word_1_63' title='bbox 269 780 352 847; x_wconf 86' lang='lat' dir='ltr'><strong>fides</strong></span> <span class='ocrx_word' id='word_1_64' title='bbox 374 780 450 846; x_wconf 90' lang='lat' dir='ltr'><strong>huic</strong></span> <span class='ocrx_word' id='word_1_65' title='bbox 472 780 585 845; x_wconf 83' lang='lat' dir='ltr'><strong>verbo:</strong></span> <span class='ocrx_word' id='word_1_66' title='bbox 609 779 682 845; x_wconf 89' lang='lat' dir='ltr'><strong>Hoc</strong></span> <span class='ocrx_word' id='word_1_67' title='bbox 704 789 754 845; x_wconf 90' lang='lat' dir='ltr'><strong>est</strong></span> <span class='ocrx_word' id='word_1_68' title='bbox 774 801 891 863; x_wconf 90' lang='lat' dir='ltr'><strong>corpus</strong></span> <span class='ocrx_word' id='word_1_69' title='bbox 914 801 1033 856; x_wconf 91' lang='lat' dir='ltr'><strong>meum,</strong></span> <span class='ocrx_word' id='word_1_70' title='bbox 1061 790 1099 865; x_wconf 84' lang='grc'><strong>22</strong></span> <span class='ocrx_word' id='word_1_71' title='bbox 1120 779 1246 845; x_wconf 80' lang='lat' dir='ltr'><strong>Christi</strong></span> <span class='ocrx_word' id='word_1_72' title='bbox 1298 776 1451 843; x_wconf 89' lang='lat' dir='ltr'><strong>medetur</strong></span> <span class='ocrx_word' id='word_1_73' title='bbox 1472 799 1586 842; x_wconf 85' lang='lat' dir='ltr'><strong>verum</strong></span> <span class='ocrx_word' id='word_1_74' title='bbox 1604 777 1729 842; x_wconf 82' lang='lat' dir='ltr'><strong>Christi</strong></span> <span class='ocrx_word' id='word_1_75' title='bbox 1748 796 1873 859; x_wconf 87' lang='lat' dir='ltr'><strong>corpus.</strong></span> <span class='ocrx_word' id='word_1_76' title='bbox 1920 774 2031 858; x_wconf 79' lang='lat' dir='ltr'><strong>Quare</strong></span> <span class='ocrx_word' id='word_1_77' title='bbox 2052 779 2204 843; x_wconf 85' lang='lat' dir='ltr'><strong>nasein</strong></span> <span class='ocrx_word' id='word_1_78' title='bbox 2222 799 2278 843; x_wconf 91' lang='lat' dir='ltr'><strong>so·</strong></span> 
     </span>
     <span class='ocr_line' id='line_1_7' title="bbox 270 863 2275 947; baseline -0.002 -14"><span class='ocrx_word' id='word_1_79' title='bbox 270 866 599 933; x_wconf 88' lang='lat' dir='ltr'><strong>communicationem</strong></span> <span class='ocrx_word' id='word_1_80' title='bbox 634 887 711 931; x_wconf 90' lang='lat' dir='ltr'><strong>vere</strong></span> <span class='ocrx_word' id='word_1_81' title='bbox 745 867 856 931; x_wconf 86' lang='lat' dir='ltr'><strong>offerri</strong></span> <span class='ocrx_word' id='word_1_82' title='bbox 888 887 953 931; x_wconf 90' lang='lat' dir='ltr'><strong>non</strong></span> <span class='ocrx_word' id='word_1_83' title='bbox 989 864 1122 931; x_wconf 83' lang='lat' dir='ltr'><strong>dubitet</strong></span> <span class='ocrx_word' id='word_1_84' title='bbox 1172 865 1247 930; x_wconf 90' lang='lat' dir='ltr'><strong>Hoc</strong></span> <span class='ocrx_word' id='word_1_85' title='bbox 1298 864 1421 928; x_wconf 92' lang='lat' dir='ltr'><strong>lutione</strong></span> <span class='ocrx_word' id='word_1_86' title='bbox 1447 864 1621 947; x_wconf 87' lang='lat' dir='ltr'><strong>nugatoria</strong></span> <span class='ocrx_word' id='word_1_87' title='bbox 1646 864 1769 927; x_wconf 84' lang='lat' dir='ltr'><strong>frustra</strong></span> <span class='ocrx_word' id='word_1_88' title='bbox 1802 872 1991 944; x_wconf 79' lang='lat' dir='ltr'><strong>torqueant,</strong></span> <span class='ocrx_word' id='word_1_89' title='bbox 2023 884 2085 929; x_wconf 91' lang='lat' dir='ltr'><strong>nos</strong></span> <span class='ocrx_word' id='word_1_90' title='bbox 2114 863 2179 929; x_wconf 90' lang='grc'><strong>2110</strong></span> <span class='ocrx_word' id='word_1_91' title='bbox 2209 866 2275 930; x_wconf 87' lang='lat' dir='ltr'><strong>fine</strong></span> 
     </span>
     <span class='ocr_line' id='line_1_8' title="bbox 268 947 2275 1036; baseline -0.002 -18"><span class='ocrx_word' id='word_1_92' title='bbox 268 952 367 1018; x_wconf 90' lang='lat' dir='ltr'><strong>modo</strong></span> <span class='ocrx_word' id='word_1_93' title='bbox 390 951 474 1016; x_wconf 89' lang='lat' dir='ltr'><strong>nihil</strong></span> <span class='ocrx_word' id='word_1_94' title='bbox 497 972 579 1034; x_wconf 92' lang='lat' dir='ltr'><strong>opus</strong></span> <span class='ocrx_word' id='word_1_95' title='bbox 603 953 667 1015; x_wconf 90' lang='lat' dir='ltr'><strong>erit</strong></span> <span class='ocrx_word' id='word_1_96' title='bbox 689 953 837 1036; x_wconf 86' lang='lat' dir='ltr'><strong>argutius</strong></span> <span class='ocrx_word' id='word_1_97' title='bbox 865 950 905 1015; x_wconf 89' lang='lat' dir='ltr'><strong>dc</strong></span> <span class='ocrx_word' id='word_1_98' title='bbox 927 952 1110 1034; x_wconf 87' lang='lat' dir='ltr'><strong>quantitate</strong></span> <span class='ocrx_word' id='word_1_99' title='bbox 1132 970 1246 1032; x_wconf 91' lang='lat' dir='ltr'><strong>corpo·</strong></span> <span class='ocrx_word' id='word_1_100' title='bbox 1298 970 1432 1014; x_wconf 91' lang='lat' dir='ltr'><strong>coenam</strong></span> <span class='ocrx_word' id='word_1_101' title='bbox 1459 969 1536 1014; x_wconf 91' lang='lat' dir='ltr'><strong>cum</strong></span> <span class='ocrx_word' id='word_1_102' title='bbox 1562 947 1722 1032; x_wconf 89' lang='lat' dir='ltr'><strong>baptismo</strong></span> <span class='ocrx_word' id='word_1_103' title='bbox 1754 949 1958 1014; x_wconf 78' lang='lat' dir='ltr'><strong>conterimus.</strong></span> <span class='ocrx_word' id='word_1_104' title='bbox 2008 949 2180 1032; x_wconf 91' lang='lat' dir='ltr'><strong>Baptiemo</strong></span> <span class='ocrx_word' id='word_1_105' title='bbox 2215 950 2275 1014; x_wconf 93' lang='lat' dir='ltr'><strong>tri·</strong></span> 
     </span>
     <span class='ocr_line' id='line_1_9' title="bbox 271 1033 2274 1121; baseline -0 -19"><span class='ocrx_word' id='word_1_106' title='bbox 271 1037 522 1120; x_wconf 89' lang='lat' dir='ltr'><strong>risdisputare:</strong></span> <span class='ocrx_word' id='word_1_107' title='bbox 553 1037 638 1120; x_wconf 90' lang='lat' dir='ltr'><strong>quod</strong></span> <span class='ocrx_word' id='word_1_108' title='bbox 666 1038 774 1102; x_wconf 86' lang='lat' dir='ltr'><strong>facere</strong></span> <span class='ocrx_word' id='word_1_109' title='bbox 800 1058 861 1103; x_wconf 90' lang='lat' dir='ltr'><strong>nos</strong></span> <span class='ocrx_word' id='word_1_110' title='bbox 884 1039 972 1121; x_wconf 84' lang='lat' dir='ltr'><strong>cogit</strong></span> <span class='ocrx_word' id='word_1_111' title='bbox 991 1058 1102 1101; x_wconf 89' lang='lat' dir='ltr'><strong>eorum</strong></span> <span class='ocrx_word' id='word_1_112' title='bbox 1126 1038 1245 1119; x_wconf 86' lang='grc'><strong>1222202-</strong></span> <span class='ocrx_word' id='word_1_113' title='bbox 1299 1035 1427 1114; x_wconf 90' lang='lat' dir='ltr'><strong>buitur,</strong></span> <span class='ocrx_word' id='word_1_114' title='bbox 1460 1034 1545 1118; x_wconf 91' lang='lat' dir='ltr'><strong>quod</strong></span> <span class='ocrx_word' id='word_1_115' title='bbox 1573 1056 1639 1098; x_wconf 90' lang='lat' dir='ltr'><strong>nen</strong></span> <span class='ocrx_word' id='word_1_116' title='bbox 1664 1035 1728 1098; x_wconf 90' lang='lat' dir='ltr'><strong>nisi</strong></span> <span class='ocrx_word' id='word_1_117' title='bbox 1751 1033 1874 1099; x_wconf 81' lang='lat' dir='ltr'><strong>Christi</strong></span> <span class='ocrx_word' id='word_1_118' title='bbox 1897 1036 2063 1120; x_wconf 88' lang='lat' dir='ltr'><strong>sanguini,</strong></span> <span class='ocrx_word' id='word_1_119' title='bbox 2086 1044 2120 1101; x_wconf 91' lang='lat' dir='ltr'><strong>et</strong></span> <span class='ocrx_word' id='word_1_120' title='bbox 2141 1037 2274 1120; x_wconf 88' lang='lat' dir='ltr'><strong>spiritui</strong></span> 
     </span>
     <span class='ocr_line' id='line_1_10' title="bbox 271 1120 2276 1205; baseline -0.001 -17"><span class='ocrx_word' id='word_1_121' title='bbox 271 1123 405 1201; x_wconf 77' lang='lat' dir='ltr'><strong>taeitos,</strong></span> <span class='ocrx_word' id='word_1_122' title='bbox 430 1123 485 1205; x_wconf 94' lang='lat' dir='ltr'><strong>qui</strong></span> <span class='ocrx_word' id='word_1_123' title='bbox 497 1122 668 1188; x_wconf 87' lang='lat' dir='ltr'><strong>Christum</strong></span> <span class='ocrx_word' id='word_1_124' title='bbox 686 1124 824 1188; x_wconf 86' lang='lat' dir='ltr'><strong>veritate</strong></span> <span class='ocrx_word' id='word_1_125' title='bbox 842 1144 920 1188; x_wconf 87' lang='lat' dir='ltr'><strong>suae</strong></span> <span class='ocrx_word' id='word_1_126' title='bbox 940 1123 1049 1188; x_wconf 90' lang='lat' dir='ltr'><strong>carnis</strong></span> <span class='ocrx_word' id='word_1_127' title='bbox 1067 1122 1245 1205; x_wconf 87' lang='lat' dir='ltr'><strong>privantes,</strong></span> <span class='ocrx_word' id='word_1_128' title='bbox 1298 1130 1410 1185; x_wconf 87' lang='lat' dir='ltr'><strong>sancto</strong></span> <span class='ocrx_word' id='word_1_129' title='bbox 1432 1120 1594 1186; x_wconf 81' lang='lat' dir='ltr'><strong>convenit.</strong></span> <span class='ocrx_word' id='word_1_130' title='bbox 1640 1121 1753 1202; x_wconf 89' lang='lat' dir='ltr'><strong>Neque</strong></span> <span class='ocrx_word' id='word_1_131' title='bbox 1771 1127 1882 1185; x_wconf 92' lang='lat' dir='ltr'><strong>tamen</strong></span> <span class='ocrx_word' id='word_1_132' title='bbox 1903 1131 2076 1204; x_wconf 88' lang='lat' dir='ltr'><strong>propterea</strong></span> <span class='ocrx_word' id='word_1_133' title='bbox 2097 1121 2276 1188; x_wconf 91' lang='lat' dir='ltr'><strong>dicendum</strong></span> 
     </span>
     <span class='ocr_line' id='line_1_11' title="bbox 271 1207 2276 1292; baseline -0.001 -18"><span class='ocrx_word' id='word_1_134' title='bbox 271 1229 346 1275; x_wconf 91' lang='lat' dir='ltr'><strong>eum</strong></span> <span class='ocrx_word' id='word_1_135' title='bbox 368 1209 401 1273; x_wconf 90' lang='lat' dir='ltr'><strong>in</strong></span> <span class='ocrx_word' id='word_1_136' title='bbox 423 1209 618 1291; x_wconf 85' lang='lat' dir='ltr'><strong>phantasma</strong></span> <span class='ocrx_word' id='word_1_137' title='bbox 648 1210 891 1274; x_wconf 83' lang='lat' dir='ltr'><strong>transformant</strong></span> <span class='ocrx_word' id='word_1_138' title='bbox 942 1209 1011 1274; x_wconf 91' lang='lat' dir='ltr'><strong>Nec</strong></span> <span class='ocrx_word' id='word_1_139' title='bbox 1041 1229 1117 1273; x_wconf 91' lang='grc'><strong>2220</strong></span> <span class='ocrx_word' id='word_1_140' title='bbox 1144 1229 1246 1291; x_wconf 91' lang='lat' dir='ltr'><strong>quum</strong></span> <span class='ocrx_word' id='word_1_141' title='bbox 1298 1218 1357 1284; x_wconf 88' lang='lat' dir='ltr'><strong>est,</strong></span> <span class='ocrx_word' id='word_1_142' title='bbox 1379 1225 1495 1289; x_wconf 88' lang='lat' dir='ltr'><strong>aquam</strong></span> <span class='ocrx_word' id='word_1_143' title='bbox 1517 1207 1638 1271; x_wconf 86' lang='lat' dir='ltr'><strong>mutari</strong></span> <span class='ocrx_word' id='word_1_144' title='bbox 1656 1207 1691 1270; x_wconf 92' lang='lat' dir='ltr'><strong>in</strong></span> <span class='ocrx_word' id='word_1_145' title='bbox 1710 1207 1903 1289; x_wconf 84' lang='lat' dir='ltr'><strong>sanguinem</strong></span> <span class='ocrx_word' id='word_1_146' title='bbox 1923 1207 1974 1272; x_wconf 90' lang='grc'><strong>221</strong></span> <span class='ocrx_word' id='word_1_147' title='bbox 1985 1209 2148 1290; x_wconf 91' lang='lat' dir='ltr'><strong>spiritum.</strong></span> <span class='ocrx_word' id='word_1_148' title='bbox 2182 1209 2276 1292; x_wconf 85' lang='lat' dir='ltr'><strong>Ergo</strong></span> 
     </span>
     <span class='ocr_line' id='line_1_12' title="bbox 270 1289 2278 1379; baseline -0.001 -18"><span class='ocrx_word' id='word_1_149' title='bbox 270 1293 485 1379; x_wconf 83' lang='lat' dir='ltr'><strong>spiritualiter</strong></span> <span class='ocrx_word' id='word_1_150' title='bbox 502 1293 640 1360; x_wconf 89' lang='lat' dir='ltr'><strong>dicimus</strong></span> <span class='ocrx_word' id='word_1_151' title='bbox 651 1294 777 1360; x_wconf 87' lang='lat' dir='ltr'><strong>Christi</strong></span> <span class='ocrx_word' id='word_1_152' title='bbox 796 1316 855 1360; x_wconf 90' lang='lat' dir='ltr'><strong>nos</strong></span> <span class='ocrx_word' id='word_1_153' title='bbox 875 1296 946 1360; x_wconf 87' lang='lat' dir='ltr'><strong>fieri</strong></span> <span class='ocrx_word' id='word_1_154' title='bbox 964 1294 1145 1378; x_wconf 89' lang='lat' dir='ltr'><strong>participes,</strong></span> <span class='ocrx_word' id='word_1_155' title='bbox 1169 1314 1247 1358; x_wconf 87' lang='lat' dir='ltr'><strong>voce</strong></span> <span class='ocrx_word' id='word_1_156' title='bbox 1298 1313 1364 1359; x_wconf 91' lang='lat' dir='ltr'><strong>non</strong></span> <span class='ocrx_word' id='word_1_157' title='bbox 1386 1289 1564 1357; x_wconf 89' lang='lat' dir='ltr'><strong>absurdum</strong></span> <span class='ocrx_word' id='word_1_158' title='bbox 1584 1300 1642 1368; x_wconf 90' lang='lat' dir='ltr'><strong>est,</strong></span> <span class='ocrx_word' id='word_1_159' title='bbox 1665 1293 1836 1356; x_wconf 86' lang='lat' dir='ltr'><strong>transferri</strong></span> <span class='ocrx_word' id='word_1_160' title='bbox 1856 1312 1986 1376; x_wconf 90' lang='lat' dir='ltr'><strong>quoque</strong></span> <span class='ocrx_word' id='word_1_161' title='bbox 1997 1291 2038 1358; x_wconf 92' lang='lat' dir='ltr'><strong>ad</strong></span> <span class='ocrx_word' id='word_1_162' title='bbox 2049 1314 2169 1376; x_wconf 88' lang='lat' dir='ltr'><strong>panem</strong></span> <span class='ocrx_word' id='word_1_163' title='bbox 2188 1294 2278 1377; x_wconf 90' lang='lat' dir='ltr'><strong>quod</strong></span> 
     </span>
     <span class='ocr_line' id='line_1_13' title="bbox 271 1376 2277 1464; baseline -0 -19"><span class='ocrx_word' id='word_1_164' title='bbox 271 1381 334 1445; x_wconf 90' lang='lat' dir='ltr'><strong>hac</strong></span> <span class='ocrx_word' id='word_1_165' title='bbox 344 1379 559 1464; x_wconf 89' lang='lat' dir='ltr'><strong>intelligimus</strong></span> <span class='ocrx_word' id='word_1_166' title='bbox 580 1381 797 1464; x_wconf 85' lang='lat' dir='ltr'><strong>significative</strong></span> <span class='ocrx_word' id='word_1_167' title='bbox 815 1390 953 1458; x_wconf 89' lang='lat' dir='ltr'><strong>tantum,</strong></span> <span class='ocrx_word' id='word_1_168' title='bbox 976 1381 1098 1463; x_wconf 88' lang='lat' dir='ltr'><strong>tropice</strong></span> <span class='ocrx_word' id='word_1_169' title='bbox 1116 1390 1150 1444; x_wconf 90' lang='lat' dir='ltr'><strong>et</strong></span> <span class='ocrx_word' id='word_1_170' title='bbox 1167 1380 1245 1443; x_wconf 88' lang='lat' dir='ltr'><strong>alle·</strong></span> <span class='ocrx_word' id='word_1_171' title='bbox 1298 1398 1364 1442; x_wconf 91' lang='lat' dir='ltr'><strong>non</strong></span> <span class='ocrx_word' id='word_1_172' title='bbox 1393 1392 1444 1443; x_wconf 85' lang='lat' dir='ltr'><strong>est</strong></span> <span class='ocrx_word' id='word_1_173' title='bbox 1473 1378 1544 1442; x_wconf 90' lang='lat' dir='ltr'><strong>cius</strong></span> <span class='ocrx_word' id='word_1_174' title='bbox 1572 1377 1750 1460; x_wconf 87' lang='lat' dir='ltr'><strong>preprium.</strong></span> <span class='ocrx_word' id='word_1_175' title='bbox 1801 1376 1840 1443; x_wconf 81' lang='lat' dir='ltr'><strong>Si</strong></span> <span class='ocrx_word' id='word_1_176' title='bbox 1868 1380 2046 1462; x_wconf 84' lang='lat' dir='ltr'><strong>excipiant,</strong></span> <span class='ocrx_word' id='word_1_177' title='bbox 2080 1378 2277 1446; x_wconf 88' lang='lat' dir='ltr'><strong>dissimilem</strong></span> 
     </span>
     <span class='ocr_line' id='line_1_14' title="bbox 272 1464 2277 1550; baseline 0 -20"><span class='ocrx_word' id='word_1_178' title='bbox 272 1467 381 1550; x_wconf 87' lang='lat' dir='ltr'><strong>gerice</strong></span> <span class='ocrx_word' id='word_1_179' title='bbox 409 1465 502 1529; x_wconf 87' lang='lat' dir='ltr'><strong>nobis</strong></span> <span class='ocrx_word' id='word_1_180' title='bbox 534 1466 673 1549; x_wconf 91' lang='lat' dir='ltr'><strong>proponi</strong></span> <span class='ocrx_word' id='word_1_181' title='bbox 701 1464 861 1531; x_wconf 86' lang='lat' dir='ltr'><strong>edendam</strong></span> <span class='ocrx_word' id='word_1_182' title='bbox 889 1487 1029 1531; x_wconf 91' lang='lat' dir='ltr'><strong>carnem.</strong></span> <span class='ocrx_word' id='word_1_183' title='bbox 1079 1466 1152 1530; x_wconf 88' lang='lat' dir='ltr'><strong>Hoc</strong></span> <span class='ocrx_word' id='word_1_184' title='bbox 1178 1474 1246 1530; x_wconf 89' lang='lat' dir='ltr'><strong>tam</strong></span> <span class='ocrx_word' id='word_1_185' title='bbox 1297 1484 1369 1529; x_wconf 89' lang='lat' dir='ltr'><strong>esse</strong></span> <span class='ocrx_word' id='word_1_186' title='bbox 1392 1465 1560 1541; x_wconf 89' lang='lat' dir='ltr'><strong>rationem,</strong></span> <span class='ocrx_word' id='word_1_187' title='bbox 1582 1465 1659 1545; x_wconf 89' lang='lat' dir='ltr'><strong>quia</strong></span> <span class='ocrx_word' id='word_1_188' title='bbox 1680 1484 1841 1547; x_wconf 87' lang='lat' dir='ltr'><strong>nusquam</strong></span> <span class='ocrx_word' id='word_1_189' title='bbox 1859 1484 1943 1547; x_wconf 89' lang='lat' dir='ltr'><strong>aqua</strong></span> <span class='ocrx_word' id='word_1_190' title='bbox 1964 1474 2099 1530; x_wconf 90' lang='lat' dir='ltr'><strong>vocetur</strong></span> <span class='ocrx_word' id='word_1_191' title='bbox 2121 1466 2177 1530; x_wconf 89' lang='grc'><strong>221</strong></span> <span class='ocrx_word' id='word_1_192' title='bbox 2199 1488 2277 1531; x_wconf 88' lang='lat' dir='ltr'><strong>san·</strong></span> 
     </span>
     <span class='ocr_line' id='line_1_15' title="bbox 272 1549 2276 1635; baseline 0 -18"><span class='ocrx_word' id='word_1_193' title='bbox 272 1550 402 1617; x_wconf 82' lang='lat' dir='ltr'><strong>foedum</strong></span> <span class='ocrx_word' id='word_1_194' title='bbox 425 1550 629 1616; x_wconf 88' lang='lat' dir='ltr'><strong>mendacium</strong></span> <span class='ocrx_word' id='word_1_195' title='bbox 654 1552 707 1634; x_wconf 89' lang='lat' dir='ltr'><strong>(ut</strong></span> <span class='ocrx_word' id='word_1_196' title='bbox 728 1552 808 1635; x_wconf 87' lang='lat' dir='ltr'><strong>alia)</strong></span> <span class='ocrx_word' id='word_1_197' title='bbox 830 1552 910 1618; x_wconf 87' lang='lat' dir='ltr'><strong>satie</strong></span> <span class='ocrx_word' id='word_1_198' title='bbox 932 1552 1085 1629; x_wconf 87' lang='lat' dir='ltr'><strong>declarat,</strong></span> <span class='ocrx_word' id='word_1_199' title='bbox 1108 1573 1150 1617; x_wconf 91' lang='lat' dir='ltr'><strong>ne</strong></span> <span class='ocrx_word' id='word_1_200' title='bbox 1170 1561 1245 1635; x_wconf 89' lang='lat' dir='ltr'><strong>gut·</strong></span> <span class='ocrx_word' id='word_1_201' title='bbox 1298 1551 1371 1634; x_wconf 88' lang='lat' dir='ltr'><strong>guis</strong></span> <span class='ocrx_word' id='word_1_202' title='bbox 1394 1550 1447 1614; x_wconf 89' lang='grc'><strong>201</strong></span> <span class='ocrx_word' id='word_1_203' title='bbox 1469 1550 1615 1633; x_wconf 83' lang='grc'><strong>22121202,</strong></span> <span class='ocrx_word' id='word_1_204' title='bbox 1636 1549 1719 1613; x_wconf 91' lang='lat' dir='ltr'><strong>mihi</strong></span> <span class='ocrx_word' id='word_1_205' title='bbox 1737 1550 1886 1628; x_wconf 87' lang='lat' dir='ltr'><strong>eatiscst,</strong></span> <span class='ocrx_word' id='word_1_206' title='bbox 1909 1557 2133 1633; x_wconf 88' lang='lat' dir='ltr'><strong>quatenusest</strong></span> <span class='ocrx_word' id='word_1_207' title='bbox 2150 1553 2276 1618; x_wconf 80' lang='lat' dir='ltr'><strong>utrius·</strong></span> 
     </span>
     <span class='ocr_line' id='line_1_16' title="bbox 272 1635 2277 1722; baseline 0.001 -21"><span class='ocrx_word' id='word_1_208' title='bbox 272 1646 342 1701; x_wconf 90' lang='lat' dir='ltr'><strong>tam</strong></span> <span class='ocrx_word' id='word_1_209' title='bbox 364 1637 494 1720; x_wconf 90' lang='lat' dir='ltr'><strong>quidem</strong></span> <span class='ocrx_word' id='word_1_210' title='bbox 517 1639 651 1722; x_wconf 87' lang='lat' dir='ltr'><strong>ingenui</strong></span> <span class='ocrx_word' id='word_1_211' title='bbox 673 1637 807 1719; x_wconf 90' lang='lat' dir='ltr'><strong>pudoris</strong></span> <span class='ocrx_word' id='word_1_212' title='bbox 818 1659 888 1704; x_wconf 89' lang='lat' dir='ltr'><strong>esse</strong></span> <span class='ocrx_word' id='word_1_213' title='bbox 910 1639 944 1703; x_wconf 93' lang='lat' dir='ltr'><strong>in</strong></span> <span class='ocrx_word' id='word_1_214' title='bbox 962 1638 1035 1702; x_wconf 87' lang='lat' dir='ltr'><strong>istis</strong></span> <span class='ocrx_word' id='word_1_215' title='bbox 1049 1637 1245 1713; x_wconf 90' lang='lat' dir='ltr'><strong>hominibus,</strong></span> <span class='ocrx_word' id='word_1_216' title='bbox 1297 1657 1360 1718; x_wconf 94' lang='lat' dir='ltr'><strong>que</strong></span> <span class='ocrx_word' id='word_1_217' title='bbox 1388 1635 1587 1719; x_wconf 85' lang='lat' dir='ltr'><strong>symbolum,</strong></span> <span class='ocrx_word' id='word_1_218' title='bbox 1623 1636 1720 1700; x_wconf 90' lang='lat' dir='ltr'><strong>etiam</strong></span> <span class='ocrx_word' id='word_1_219' title='bbox 1754 1637 1894 1719; x_wconf 89' lang='lat' dir='ltr'><strong>propriis</strong></span> <span class='ocrx_word' id='word_1_220' title='bbox 1922 1637 2091 1720; x_wconf 89' lang='lat' dir='ltr'><strong>utriusque</strong></span> <span class='ocrx_word' id='word_1_221' title='bbox 2118 1638 2277 1720; x_wconf 83' lang='lat' dir='ltr'><strong>epithetis</strong></span> 
     </span>
     <span class='ocr_line' id='line_1_17' title="bbox 294 1720 2275 1807; baseline 0.002 -22"><span class='ocrx_word' id='word_1_222' title='bbox 294 1723 330 1786; x_wconf 91' lang='lat' dir='ltr'><strong>ui</strong></span> <span class='ocrx_word' id='word_1_223' title='bbox 356 1731 430 1788; x_wconf 84' lang='grc'><strong>,2222</strong></span> <span class='ocrx_word' id='word_1_224' title='bbox 462 1723 630 1788; x_wconf 80' lang='lat' dir='ltr'><strong>licentiose</strong></span> <span class='ocrx_word' id='word_1_225' title='bbox 662 1723 819 1805; x_wconf 90' lang='lat' dir='ltr'><strong>quidlibet</strong></span> <span class='ocrx_word' id='word_1_226' title='bbox 852 1746 893 1790; x_wconf 86' lang='lat' dir='ltr'><strong>ex</strong></span> <span class='ocrx_word' id='word_1_227' title='bbox 932 1720 1075 1807; x_wconf 90' lang='lat' dir='ltr'><strong>quolibet</strong></span> <span class='ocrx_word' id='word_1_228' title='bbox 1113 1724 1244 1789; x_wconf 83' lang='lat' dir='ltr'><strong>faciunt.</strong></span> <span class='ocrx_word' id='word_1_229' title='bbox 1298 1722 1417 1786; x_wconf 87' lang='lat' dir='ltr'><strong>ornari.</strong></span> <span class='ocrx_word' id='word_1_230' title='bbox 1473 1720 1568 1785; x_wconf 83' lang='lat' dir='ltr'><strong>Adde</strong></span> <span class='ocrx_word' id='word_1_231' title='bbox 1589 1720 1674 1803; x_wconf 79' lang='lat' dir='ltr'><strong>qued</strong></span> <span class='ocrx_word' id='word_1_232' title='bbox 1696 1721 1800 1785; x_wconf 88' lang='lat' dir='ltr'><strong>nihile</strong></span> <span class='ocrx_word' id='word_1_233' title='bbox 1822 1721 1988 1787; x_wconf 89' lang='lat' dir='ltr'><strong>obscurior</strong></span> <span class='ocrx_word' id='word_1_234' title='bbox 2009 1732 2060 1788; x_wconf 90' lang='lat' dir='ltr'><strong>est</strong></span> <span class='ocrx_word' id='word_1_235' title='bbox 2080 1723 2176 1788; x_wconf 90' lang='lat' dir='ltr'><strong>Pauli</strong></span> <span class='ocrx_word' id='word_1_236' title='bbox 2198 1746 2275 1789; x_wconf 91' lang='lat' dir='ltr'><strong>sen·</strong></span> 
     </span>
     <span class='ocr_line' id='line_1_18' title="bbox 272 1744 2277 1893; baseline 0 -20"><span class='ocrx_word' id='word_1_237' title='bbox 272 1744 340 1873; x_wconf 66' lang='lat' dir='ltr'><strong>bed</strong></span> <span class='ocrx_word' id='word_1_238' title='bbox 373 1808 575 1890; x_wconf 89' lang='lat' dir='ltr'><strong>spiritualem</strong></span> <span class='ocrx_word' id='word_1_239' title='bbox 607 1809 742 1873; x_wconf 91' lang='lat' dir='ltr'><strong>modum</strong></span> <span class='ocrx_word' id='word_1_240' title='bbox 774 1811 968 1893; x_wconf 89' lang='lat' dir='ltr'><strong>opponimus</strong></span> <span class='ocrx_word' id='word_1_241' title='bbox 998 1809 1136 1874; x_wconf 88' lang='lat' dir='ltr'><strong>carnali:</strong></span> <span class='ocrx_word' id='word_1_242' title='bbox 1171 1809 1246 1890; x_wconf 91' lang='lat' dir='ltr'><strong>quia</strong></span> <span class='ocrx_word' id='word_1_243' title='bbox 1298 1809 1410 1885; x_wconf 91' lang='lat' dir='ltr'><strong>tentia,</strong></span> <span class='ocrx_word' id='word_1_244' title='bbox 1434 1827 1493 1872; x_wconf 90' lang='lat' dir='ltr'><strong>nos</strong></span> <span class='ocrx_word' id='word_1_245' title='bbox 1505 1807 1675 1872; x_wconf 88' lang='lat' dir='ltr'><strong>Christum</strong></span> <span class='ocrx_word' id='word_1_246' title='bbox 1694 1806 1830 1871; x_wconf 90' lang='lat' dir='ltr'><strong>induere</strong></span> <span class='ocrx_word' id='word_1_247' title='bbox 1851 1809 1887 1871; x_wconf 93' lang='lat' dir='ltr'><strong>in</strong></span> <span class='ocrx_word' id='word_1_248' title='bbox 1905 1807 2076 1891; x_wconf 89' lang='lat' dir='ltr'><strong>baptismo,</strong></span> <span class='ocrx_word' id='word_1_249' title='bbox 2098 1831 2199 1892; x_wconf 91' lang='lat' dir='ltr'><strong>quam</strong></span> <span class='ocrx_word' id='word_1_250' title='bbox 2217 1810 2277 1874; x_wconf 87' lang='lat' dir='ltr'><strong>illa</strong></span> 
     </span>
     <span class='ocr_line' id='line_1_19' title="bbox 273 1892 2276 1979; baseline 0 -20"><span class='ocrx_word' id='word_1_251' title='bbox 273 1894 408 1976; x_wconf 91' lang='lat' dir='ltr'><strong>spiritus</strong></span> <span class='ocrx_word' id='word_1_252' title='bbox 420 1903 561 1969; x_wconf 90' lang='lat' dir='ltr'><strong>sanctus,</strong></span> <span class='ocrx_word' id='word_1_253' title='bbox 574 1896 627 1977; x_wconf 93' lang='lat' dir='ltr'><strong>qui</strong></span> <span class='ocrx_word' id='word_1_254' title='bbox 641 1895 811 1960; x_wconf 85' lang='lat' dir='ltr'><strong>vinculum</strong></span> <span class='ocrx_word' id='word_1_255' title='bbox 822 1905 873 1960; x_wconf 91' lang='lat' dir='ltr'><strong>est</strong></span> <span class='ocrx_word' id='word_1_256' title='bbox 884 1906 1015 1960; x_wconf 85' lang='lat' dir='ltr'><strong>nostrae</strong></span> <span class='ocrx_word' id='word_1_257' title='bbox 1026 1914 1100 1958; x_wconf 91' lang='lat' dir='ltr'><strong>cum</strong></span> <span class='ocrx_word' id='word_1_258' title='bbox 1113 1895 1246 1959; x_wconf 88' lang='lat' dir='ltr'><strong>Christo</strong></span> <span class='ocrx_word' id='word_1_259' title='bbox 1297 1892 1439 1958; x_wconf 88' lang='lat' dir='ltr'><strong>Christi:</strong></span> <span class='ocrx_word' id='word_1_260' title='bbox 1463 1893 1537 1957; x_wconf 90' lang='lat' dir='ltr'><strong>Hoc</strong></span> <span class='ocrx_word' id='word_1_261' title='bbox 1558 1900 1608 1957; x_wconf 89' lang='lat' dir='ltr'><strong>est</strong></span> <span class='ocrx_word' id='word_1_262' title='bbox 1629 1911 1747 1974; x_wconf 89' lang='lat' dir='ltr'><strong>corpus</strong></span> <span class='ocrx_word' id='word_1_263' title='bbox 1769 1914 1889 1958; x_wconf 91' lang='lat' dir='ltr'><strong>meum.</strong></span> <span class='ocrx_word' id='word_1_264' title='bbox 1938 1894 2173 1977; x_wconf 85' lang='lat' dir='ltr'><strong>Respondeant</strong></span> <span class='ocrx_word' id='word_1_265' title='bbox 2194 1917 2276 1979; x_wconf 90' lang='lat' dir='ltr'><strong>quo-</strong></span> 
     </span>
     <span class='ocr_line' id='line_1_20' title="bbox 272 1977 2276 2064; baseline 0.001 -19"><span class='ocrx_word' id='word_1_266' title='bbox 272 1979 518 2056; x_wconf 86' lang='lat' dir='ltr'><strong>coniuuctionis,</strong></span> <span class='ocrx_word' id='word_1_267' title='bbox 541 1979 644 2045; x_wconf 83' lang='lat' dir='ltr'><strong>vitam</strong></span> <span class='ocrx_word' id='word_1_268' title='bbox 666 1980 759 2046; x_wconf 91' lang='lat' dir='ltr'><strong>nobis</strong></span> <span class='ocrx_word' id='word_1_269' title='bbox 781 2003 822 2045; x_wconf 86' lang='lat' dir='ltr'><strong>er</strong></span> <span class='ocrx_word' id='word_1_270' title='bbox 840 1983 948 2046; x_wconf 90' lang='lat' dir='ltr'><strong>carnis</strong></span> <span class='ocrx_word' id='word_1_271' title='bbox 968 1981 1038 2045; x_wconf 91' lang='lat' dir='ltr'><strong>cius</strong></span> <span class='ocrx_word' id='word_1_272' title='bbox 1060 1990 1093 2044; x_wconf 88' lang='lat' dir='ltr'><strong>ct</strong></span> <span class='ocrx_word' id='word_1_273' title='bbox 1113 1981 1246 2064; x_wconf 69' lang='lat' dir='ltr'><strong>sangui</strong></span> <span class='ocrx_word' id='word_1_274' title='bbox 1298 1977 1393 2043; x_wconf 90' lang='lat' dir='ltr'><strong>mode</strong></span> <span class='ocrx_word' id='word_1_275' title='bbox 1414 1979 1589 2043; x_wconf 88' lang='lat' dir='ltr'><strong>induamus</strong></span> <span class='ocrx_word' id='word_1_276' title='bbox 1612 1978 1802 2043; x_wconf 87' lang='lat' dir='ltr'><strong>Christum:</strong></span> <span class='ocrx_word' id='word_1_277' title='bbox 1824 1979 1962 2044; x_wconf 89' lang='lat' dir='ltr'><strong>medone</strong></span> <span class='ocrx_word' id='word_1_278' title='bbox 1979 1980 2150 2063; x_wconf 87' lang='lat' dir='ltr'><strong>corporali,</strong></span> <span class='ocrx_word' id='word_1_279' title='bbox 2173 1993 2211 2044; x_wconf 85' lang='lat' dir='ltr'><strong>ut</strong></span> <span class='ocrx_word' id='word_1_280' title='bbox 2234 1982 2276 2047; x_wconf 91' lang='lat' dir='ltr'><strong>de</strong></span> 
     </span>
     <span class='ocr_line' id='line_1_21' title="bbox 273 2062 2276 2148; baseline 0.002 -20"><span class='ocrx_word' id='word_1_281' title='bbox 273 2066 325 2129; x_wconf 89' lang='lat' dir='ltr'><strong>nis</strong></span> <span class='ocrx_word' id='word_1_282' title='bbox 347 2064 531 2130; x_wconf 89' lang='lat' dir='ltr'><strong>substantia</strong></span> <span class='ocrx_word' id='word_1_283' title='bbox 552 2066 700 2148; x_wconf 87' lang='lat' dir='ltr'><strong>inspirat.</strong></span> <span class='ocrx_word' id='word_1_284' title='bbox 801 2114 803 2117; x_wconf 70' lang='lat'><strong>.</strong></span> <span class='ocrx_word' id='word_1_285' title='bbox 1299 2085 1398 2129; x_wconf 88' lang='lat' dir='ltr'><strong>coena</strong></span> <span class='ocrx_word' id='word_1_286' title='bbox 1424 2063 1648 2130; x_wconf 85' lang='lat' dir='ltr'><strong>contendunt?</strong></span> <span class='ocrx_word' id='word_1_287' title='bbox 1669 2062 1751 2129; x_wconf 91' lang='lat' dir='ltr'><strong>Inde</strong></span> <span class='ocrx_word' id='word_1_288' title='bbox 1778 2074 1946 2147; x_wconf 90' lang='lat' dir='ltr'><strong>sequetur,</strong></span> <span class='ocrx_word' id='word_1_289' title='bbox 1979 2087 2046 2130; x_wconf 91' lang='lat' dir='ltr'><strong>nen</strong></span> <span class='ocrx_word' id='word_1_290' title='bbox 2074 2068 2185 2131; x_wconf 91' lang='lat' dir='ltr'><strong>minus</strong></span> <span class='ocrx_word' id='word_1_291' title='bbox 2213 2067 2276 2132; x_wconf 89' lang='lat' dir='ltr'><strong>sub</strong></span> 
     </span>
     <span class='ocr_line' id='line_1_22' title="bbox 360 2150 2277 2236; baseline 0.003 -24"><span class='ocrx_word' id='word_1_292' title='bbox 360 2151 562 2216; x_wconf 84' lang='lat' dir='ltr'><strong>Vicesimum</strong></span> <span class='ocrx_word' id='word_1_293' title='bbox 590 2151 734 2235; x_wconf 90' lang='lat' dir='ltr'><strong>primum</strong></span> <span class='ocrx_word' id='word_1_294' title='bbox 770 2160 1001 2236; x_wconf 80' lang='lat' dir='ltr'><strong>argumentum</strong></span> <span class='ocrx_word' id='word_1_295' title='bbox 1030 2151 1138 2215; x_wconf 88' lang='lat' dir='ltr'><strong>nescio</strong></span> <span class='ocrx_word' id='word_1_296' title='bbox 1172 2155 1246 2229; x_wconf 80' lang='lat' dir='ltr'><strong>[pag.</strong></span> <span class='ocrx_word' id='word_1_297' title='bbox 1299 2171 1384 2234; x_wconf 89' lang='lat' dir='ltr'><strong>aqua</strong></span> <span class='ocrx_word' id='word_1_298' title='bbox 1405 2150 1568 2215; x_wconf 90' lang='lat' dir='ltr'><strong>inclusum</strong></span> <span class='ocrx_word' id='word_1_299' title='bbox 1586 2170 1656 2215; x_wconf 90' lang='lat' dir='ltr'><strong>esse</strong></span> <span class='ocrx_word' id='word_1_300' title='bbox 1668 2150 1850 2227; x_wconf 88' lang='lat' dir='ltr'><strong>Christum,</strong></span> <span class='ocrx_word' id='word_1_301' title='bbox 1873 2151 2149 2234; x_wconf 89' lang='lat' dir='ltr'><strong>quamsubpane.</strong></span> <span class='ocrx_word' id='word_1_302' title='bbox 2183 2152 2277 2217; x_wconf 91' lang='lat' dir='ltr'><strong>Con·</strong></span> 
     </span>
     <span class='ocr_line' id='line_1_23' title="bbox 274 2235 2276 2323; baseline 0.001 -22"><span class='ocrx_word' id='word_1_303' title='bbox 274 2240 348 2316; x_wconf 81' lang='lat'>219]</span> <span class='ocrx_word' id='word_1_304' title='bbox 372 2236 459 2300; x_wconf 89' lang='lat' dir='ltr'><strong>unde</strong></span> <span class='ocrx_word' id='word_1_305' title='bbox 482 2237 697 2319; x_wconf 88' lang='lat' dir='ltr'><strong>sumpserint:</strong></span> <span class='ocrx_word' id='word_1_306' title='bbox 727 2237 948 2319; x_wconf 88' lang='lat' dir='ltr'><strong>Corporaliter</strong></span> <span class='ocrx_word' id='word_1_307' title='bbox 970 2259 1035 2305; x_wconf 86' lang='lat' dir='ltr'><strong>non</strong></span> <span class='ocrx_word' id='word_1_308' title='bbox 1057 2257 1151 2319; x_wconf 90' lang='lat' dir='ltr'><strong>posse</strong></span> <span class='ocrx_word' id='word_1_309' title='bbox 1173 2258 1247 2319; x_wconf 92' lang='lat' dir='ltr'><strong>per·</strong></span> <span class='ocrx_word' id='word_1_310' title='bbox 1299 2237 1426 2320; x_wconf 83' lang='lat' dir='ltr'><strong>fugient</strong></span> <span class='ocrx_word' id='word_1_311' title='bbox 1448 2235 1489 2300; x_wconf 89' lang='lat' dir='ltr'><strong>ad</strong></span> <span class='ocrx_word' id='word_1_312' title='bbox 1507 2257 1604 2299; x_wconf 90' lang='lat' dir='ltr'><strong>suum</strong></span> <span class='ocrx_word' id='word_1_313' title='bbox 1628 2239 1701 2316; x_wconf 80' lang='lat' dir='ltr'><strong>[pag.</strong></span> <span class='ocrx_word' id='word_1_314' title='bbox 1717 2242 1790 2313; x_wconf 86' lang='grc'><strong>222]</strong></span> <span class='ocrx_word' id='word_1_315' title='bbox 1811 2238 1948 2320; x_wconf 78' lang='lat' dir='ltr'><strong>asylum,</strong></span> <span class='ocrx_word' id='word_1_316' title='bbox 1973 2259 2038 2301; x_wconf 90' lang='lat' dir='ltr'><strong>nou</strong></span> <span class='ocrx_word' id='word_1_317' title='bbox 2060 2237 2175 2302; x_wconf 92' lang='lat' dir='ltr'><strong>dicide</strong></span> <span class='ocrx_word' id='word_1_318' title='bbox 2193 2240 2276 2323; x_wconf 91' lang='lat' dir='ltr'><strong>bap-</strong></span> 
     </span>
     <span class='ocr_line' id='line_1_24' title="bbox 272 2320 2278 2407; baseline 0 -19"><span class='ocrx_word' id='word_1_319' title='bbox 272 2323 344 2406; x_wconf 92' lang='lat' dir='ltr'><strong>cipi,</strong></span> <span class='ocrx_word' id='word_1_320' title='bbox 367 2320 453 2404; x_wconf 90' lang='lat' dir='ltr'><strong>quod</strong></span> <span class='ocrx_word' id='word_1_321' title='bbox 474 2321 686 2390; x_wconf 86' lang='lat' dir='ltr'><strong>ineffabiliter</strong></span> <span class='ocrx_word' id='word_1_322' title='bbox 697 2324 883 2406; x_wconf 89' lang='lat' dir='ltr'><strong>percipitur.</strong></span> <span class='ocrx_word' id='word_1_323' title='bbox 917 2323 1090 2387; x_wconf 89' lang='lat' dir='ltr'><strong>Neminem</strong></span> <span class='ocrx_word' id='word_1_324' title='bbox 1111 2342 1152 2386; x_wconf 86' lang='lat' dir='ltr'><strong>ex</strong></span> <span class='ocrx_word' id='word_1_325' title='bbox 1171 2342 1247 2386; x_wconf 92' lang='lat' dir='ltr'><strong>noe·</strong></span> <span class='ocrx_word' id='word_1_326' title='bbox 1299 2323 1409 2387; x_wconf 88' lang='lat' dir='ltr'><strong>tiemo:</strong></span> <span class='ocrx_word' id='word_1_327' title='bbox 1435 2321 1509 2387; x_wconf 87' lang='lat' dir='ltr'><strong>Hoc</strong></span> <span class='ocrx_word' id='word_1_328' title='bbox 1532 2328 1591 2385; x_wconf 88' lang='lat' dir='ltr'><strong>est.</strong></span> <span class='ocrx_word' id='word_1_329' title='bbox 1628 2321 1731 2402; x_wconf 77' lang='lat' dir='ltr'><strong>Quasi</strong></span> <span class='ocrx_word' id='word_1_330' title='bbox 1744 2321 1918 2385; x_wconf 87' lang='grc'><strong>2220211211</strong></span> <span class='ocrx_word' id='word_1_331' title='bbox 1940 2336 2105 2390; x_wconf 84' lang='lat' dir='ltr'><strong>asseveret</strong></span> <span class='ocrx_word' id='word_1_332' title='bbox 2126 2324 2183 2407; x_wconf 93' lang='lat' dir='ltr'><strong>qui</strong></span> <span class='ocrx_word' id='word_1_333' title='bbox 2196 2324 2278 2389; x_wconf 90' lang='lat' dir='ltr'><strong>dicit</strong></span> 
     </span>
     <span class='ocr_line' id='line_1_25' title="bbox 272 2405 2277 2491; baseline 0.002 -19"><span class='ocrx_word' id='word_1_334' title='bbox 272 2409 401 2472; x_wconf 89' lang='grc'><strong>2212122</strong></span> <span class='ocrx_word' id='word_1_335' title='bbox 423 2408 597 2491; x_wconf 89' lang='lat' dir='ltr'><strong>loquutum</strong></span> <span class='ocrx_word' id='word_1_336' title='bbox 620 2407 771 2474; x_wconf 88' lang='lat' dir='ltr'><strong>credibile</strong></span> <span class='ocrx_word' id='word_1_337' title='bbox 794 2416 852 2473; x_wconf 90' lang='lat' dir='ltr'><strong>eet.</strong></span> <span class='ocrx_word' id='word_1_338' title='bbox 886 2409 977 2474; x_wconf 83' lang='lat' dir='ltr'><strong>Fieri</strong></span> <span class='ocrx_word' id='word_1_339' title='bbox 998 2417 1113 2491; x_wconf 88' lang='lat' dir='ltr'><strong>potest,</strong></span> <span class='ocrx_word' id='word_1_340' title='bbox 1137 2417 1174 2472; x_wconf 92' lang='lat' dir='ltr'><strong>ut</strong></span> <span class='ocrx_word' id='word_1_341' title='bbox 1192 2406 1248 2471; x_wconf 87' lang='grc'><strong>2111</strong></span> <span class='ocrx_word' id='word_1_342' title='bbox 1300 2407 1468 2472; x_wconf 90' lang='lat' dir='ltr'><strong>Christum</strong></span> <span class='ocrx_word' id='word_1_343' title='bbox 1490 2430 1510 2471; x_wconf 90' lang='lat' dir='ltr'><strong>a</strong></span> <span class='ocrx_word' id='word_1_344' title='bbox 1536 2407 1630 2472; x_wconf 93' lang='lat' dir='ltr'><strong>nobis</strong></span> <span class='ocrx_word' id='word_1_345' title='bbox 1652 2405 1752 2471; x_wconf 92' lang='lat' dir='ltr'><strong>indui.</strong></span> <span class='ocrx_word' id='word_1_346' title='bbox 1803 2406 1902 2472; x_wconf 89' lang='lat' dir='ltr'><strong>Certe</strong></span> <span class='ocrx_word' id='word_1_347' title='bbox 1923 2408 1971 2473; x_wconf 91' lang='lat' dir='ltr'><strong>ita</strong></span> <span class='ocrx_word' id='word_1_348' title='bbox 1992 2408 2132 2475; x_wconf 88' lang='lat' dir='ltr'><strong>concidit</strong></span> <span class='ocrx_word' id='word_1_349' title='bbox 2153 2411 2277 2476; x_wconf 84' lang='lat' dir='ltr'><strong>frivola</strong></span> 
     </span>
     <span class='ocr_line' id='line_1_26' title="bbox 272 2492 2276 2583; baseline 0.002 -27"><span class='ocrx_word' id='word_1_350' title='bbox 272 2514 409 2577; x_wconf 92' lang='lat' dir='ltr'><strong>quoque,</strong></span> <span class='ocrx_word' id='word_1_351' title='bbox 433 2495 519 2558; x_wconf 91' lang='lat' dir='ltr'><strong>sicut</strong></span> <span class='ocrx_word' id='word_1_352' title='bbox 542 2515 593 2557; x_wconf 91' lang='lat' dir='ltr'><strong>me</strong></span> <span class='ocrx_word' id='word_1_353' title='bbox 616 2495 728 2583; x_wconf 80' lang='grc'><strong>1221222</strong></span> <span class='ocrx_word' id='word_1_354' title='bbox 750 2515 904 2577; x_wconf 60' lang='lat' dir='ltr'><strong>agnosca&gt;</strong></span> <span class='ocrx_word' id='word_1_355' title='bbox 922 2493 1107 2572; x_wconf 90' lang='lat' dir='ltr'><strong>obiecerint,</strong></span> <span class='ocrx_word' id='word_1_356' title='bbox 1132 2494 1246 2558; x_wconf 84' lang='grc'><strong>122112-</strong></span> <span class='ocrx_word' id='word_1_357' title='bbox 1299 2515 1410 2561; x_wconf 89' lang='lat' dir='ltr'><strong>corum</strong></span> <span class='ocrx_word' id='word_1_358' title='bbox 1433 2493 1609 2576; x_wconf 89' lang='lat' dir='ltr'><strong>responsio,</strong></span> <span class='ocrx_word' id='word_1_359' title='bbox 1633 2492 1764 2557; x_wconf 86' lang='lat' dir='ltr'><strong>differre</strong></span> <span class='ocrx_word' id='word_1_360' title='bbox 1785 2493 1819 2556; x_wconf 92' lang='lat' dir='ltr'><strong>in</strong></span> <span class='ocrx_word' id='word_1_361' title='bbox 1842 2493 1903 2558; x_wconf 88' lang='lat' dir='ltr'><strong>hoo</strong></span> <span class='ocrx_word' id='word_1_362' title='bbox 1913 2515 2047 2560; x_wconf 91' lang='lat' dir='ltr'><strong>coenam</strong></span> <span class='ocrx_word' id='word_1_363' title='bbox 2069 2495 2276 2578; x_wconf 88' lang='lat' dir='ltr'><strong>abaptismo,</strong></span> 
     </span>
     <span class='ocr_line' id='line_1_27' title="bbox 272 2578 2277 2664; baseline 0.001 -20"><span class='ocrx_word' id='word_1_364' title='bbox 272 2579 370 2645; x_wconf 90' lang='lat' dir='ltr'><strong>bilem</strong></span> <span class='ocrx_word' id='word_1_365' title='bbox 394 2579 527 2643; x_wconf 91' lang='lat' dir='ltr'><strong>modum</strong></span> <span class='ocrx_word' id='word_1_366' title='bbox 550 2581 656 2661; x_wconf 89' lang='lat' dir='ltr'><strong>potius</strong></span> <span class='ocrx_word' id='word_1_367' title='bbox 678 2580 880 2662; x_wconf 88' lang='lat' dir='ltr'><strong>spiritualem</strong></span> <span class='ocrx_word' id='word_1_368' title='bbox 903 2601 988 2658; x_wconf 90' lang='lat' dir='ltr'><strong>esse,</strong></span> <span class='ocrx_word' id='word_1_369' title='bbox 1015 2600 1113 2664; x_wconf 87' lang='lat' dir='ltr'><strong>quam</strong></span> <span class='ocrx_word' id='word_1_370' title='bbox 1133 2600 1247 2645; x_wconf 87' lang='lat' dir='ltr'><strong>carna·</strong></span> <span class='ocrx_word' id='word_1_371' title='bbox 1300 2600 1383 2663; x_wconf 89' lang='lat' dir='ltr'><strong>quae</strong></span> <span class='ocrx_word' id='word_1_372' title='bbox 1405 2580 1559 2643; x_wconf 89' lang='lat' dir='ltr'><strong>instituta</strong></span> <span class='ocrx_word' id='word_1_373' title='bbox 1581 2587 1631 2643; x_wconf 90' lang='lat' dir='ltr'><strong>est</strong></span> <span class='ocrx_word' id='word_1_374' title='bbox 1652 2589 1689 2642; x_wconf 92' lang='lat' dir='ltr'><strong>ut</strong></span> <span class='ocrx_word' id='word_1_375' title='bbox 1710 2580 1745 2642; x_wconf 89' lang='lat' dir='ltr'><strong>in</strong></span> <span class='ocrx_word' id='word_1_376' title='bbox 1767 2599 1807 2643; x_wconf 86' lang='lat' dir='ltr'><strong>ca</strong></span> <span class='ocrx_word' id='word_1_377' title='bbox 1828 2578 1887 2644; x_wconf 89' lang='lat' dir='ltr'><strong>sub</strong></span> <span class='ocrx_word' id='word_1_378' title='bbox 1915 2602 2000 2662; x_wconf 89' lang='lat' dir='ltr'><strong>pane</strong></span> <span class='ocrx_word' id='word_1_379' title='bbox 2023 2590 2056 2646; x_wconf 92' lang='lat' dir='ltr'><strong>et</strong></span> <span class='ocrx_word' id='word_1_380' title='bbox 2077 2582 2154 2646; x_wconf 87' lang='lat' dir='ltr'><strong>vino</strong></span> <span class='ocrx_word' id='word_1_381' title='bbox 2178 2581 2277 2648; x_wconf 91' lang='lat' dir='ltr'><strong>detur</strong></span> 
     </span>
     <span class='ocr_line' id='line_1_28' title="bbox 273 2663 2278 2750; baseline 0.002 -22"><span class='ocrx_word' id='word_1_382' title='bbox 273 2665 348 2729; x_wconf 90' lang='lat' dir='ltr'><strong>lem.</strong></span> <span class='ocrx_word' id='word_1_383' title='bbox 394 2663 508 2744; x_wconf 79' lang='lat' dir='ltr'><strong>Quum</strong></span> <span class='ocrx_word' id='word_1_384' title='bbox 529 2684 607 2749; x_wconf 88' lang='lat' dir='ltr'><strong>ergo</strong></span> <span class='ocrx_word' id='word_1_385' title='bbox 631 2665 781 2730; x_wconf 91' lang='lat' dir='ltr'><strong>nitantur</strong></span> <span class='ocrx_word' id='word_1_386' title='bbox 802 2665 959 2730; x_wconf 87' lang='lat' dir='ltr'><strong>ineffabili</strong></span> <span class='ocrx_word' id='word_1_387' title='bbox 976 2665 1145 2742; x_wconf 87' lang='lat' dir='ltr'><strong>miraculo,</strong></span> <span class='ocrx_word' id='word_1_388' title='bbox 1175 2666 1247 2730; x_wconf 90' lang='lat' dir='ltr'><strong>iure</strong></span> <span class='ocrx_word' id='word_1_389' title='bbox 1300 2664 1394 2729; x_wconf 90' lang='lat' dir='ltr'><strong>nobis</strong></span> <span class='ocrx_word' id='word_1_390' title='bbox 1414 2663 1540 2730; x_wconf 89' lang='lat' dir='ltr'><strong>Christi</strong></span> <span class='ocrx_word' id='word_1_391' title='bbox 1563 2684 1694 2746; x_wconf 86' lang='lat' dir='ltr'><strong>corpus:</strong></span> <span class='ocrx_word' id='word_1_392' title='bbox 1714 2664 1882 2748; x_wconf 89' lang='lat' dir='ltr'><strong>baptismo,</strong></span> <span class='ocrx_word' id='word_1_393' title='bbox 1906 2675 1943 2729; x_wconf 91' lang='lat' dir='ltr'><strong>ut</strong></span> <span class='ocrx_word' id='word_1_394' title='bbox 1965 2668 2134 2750; x_wconf 85' lang='lat' dir='ltr'><strong>tingamur</strong></span> <span class='ocrx_word' id='word_1_395' title='bbox 2155 2668 2193 2732; x_wconf 91' lang='lat' dir='ltr'><strong>in</strong></span> <span class='ocrx_word' id='word_1_396' title='bbox 2216 2689 2278 2733; x_wconf 90' lang='lat' dir='ltr'><strong>uo-</strong></span> 
     </span>
     <span class='ocr_line' id='line_1_29' title="bbox 274 2749 2279 2834; baseline 0.002 -19"><span class='ocrx_word' id='word_1_397' title='bbox 274 2749 462 2833; x_wconf 86' lang='lat' dir='ltr'><strong>coarguitur</strong></span> <span class='ocrx_word' id='word_1_398' title='bbox 489 2771 600 2815; x_wconf 90' lang='lat' dir='ltr'><strong>eorum</strong></span> <span class='ocrx_word' id='word_1_399' title='bbox 630 2751 831 2833; x_wconf 87' lang='lat' dir='ltr'><strong>pervicacia,</strong></span> <span class='ocrx_word' id='word_1_400' title='bbox 860 2752 915 2834; x_wconf 90' lang='lat' dir='ltr'><strong>qui</strong></span> <span class='ocrx_word' id='word_1_401' title='bbox 938 2773 1092 2817; x_wconf 87' lang='lat' dir='ltr'><strong>arcanam</strong></span> <span class='ocrx_word' id='word_1_402' title='bbox 1113 2752 1248 2834; x_wconf 90' lang='lat' dir='ltr'><strong>spiritus</strong></span> <span class='ocrx_word' id='word_1_403' title='bbox 1300 2752 1388 2816; x_wconf 89' lang='lat' dir='ltr'><strong>mine</strong></span> <span class='ocrx_word' id='word_1_404' title='bbox 1410 2752 1521 2834; x_wconf 91' lang='lat' dir='ltr'><strong>patrie,</strong></span> <span class='ocrx_word' id='word_1_405' title='bbox 1544 2750 1603 2814; x_wconf 88' lang='lat' dir='ltr'><strong>lilii</strong></span> <span class='ocrx_word' id='word_1_406' title='bbox 1625 2758 1659 2814; x_wconf 90' lang='lat' dir='ltr'><strong>et</strong></span> <span class='ocrx_word' id='word_1_407' title='bbox 1680 2751 1815 2833; x_wconf 86' lang='lat' dir='ltr'><strong>spiritus</strong></span> <span class='ocrx_word' id='word_1_408' title='bbox 1836 2754 1947 2828; x_wconf 72' lang='lat' dir='ltr'><strong>saneti.</strong></span> <span class='ocrx_word' id='word_1_409' title='bbox 1992 2752 2166 2818; x_wconf 87' lang='lat' dir='ltr'><strong>Reclamat</strong></span> <span class='ocrx_word' id='word_1_410' title='bbox 2187 2757 2279 2819; x_wconf 90' lang='lat' dir='ltr'><strong>enim</strong></span> 
     </span>
     <span class='ocr_line' id='line_1_30' title="bbox 274 2831 2278 2921; baseline 0.003 -22"><span class='ocrx_word' id='word_1_411' title='bbox 274 2837 430 2899; x_wconf 83' lang='lat' dir='ltr'><strong>virtutem</strong></span> <span class='ocrx_word' id='word_1_412' title='bbox 455 2836 495 2900; x_wconf 90' lang='lat' dir='ltr'><strong>ad</strong></span> <span class='ocrx_word' id='word_1_413' title='bbox 525 2858 585 2901; x_wconf 91' lang='lat' dir='ltr'><strong>nos</strong></span> <span class='ocrx_word' id='word_1_414' title='bbox 608 2836 741 2901; x_wconf 87' lang='lat' dir='ltr'><strong>Christe</strong></span> <span class='ocrx_word' id='word_1_415' title='bbox 768 2836 927 2902; x_wconf 90' lang='lat' dir='ltr'><strong>uniendos</strong></span> <span class='ocrx_word' id='word_1_416' title='bbox 953 2838 1154 2902; x_wconf 84' lang='lat' dir='ltr'><strong>intervenire</strong></span> <span class='ocrx_word' id='word_1_417' title='bbox 1182 2858 1248 2902; x_wconf 90' lang='lat' dir='ltr'><strong>non</strong></span> <span class='ocrx_word' id='word_1_418' title='bbox 1301 2836 1397 2901; x_wconf 89' lang='lat' dir='ltr'><strong>Pauli</strong></span> <span class='ocrx_word' id='word_1_419' title='bbox 1420 2835 1580 2914; x_wconf 87' lang='lat' dir='ltr'><strong>definitio,</strong></span> <span class='ocrx_word' id='word_1_420' title='bbox 1610 2857 1652 2900; x_wconf 85' lang='lat' dir='ltr'><strong>ex</strong></span> <span class='ocrx_word' id='word_1_421' title='bbox 1678 2857 1742 2919; x_wconf 89' lang='lat' dir='ltr'><strong>qua</strong></span> <span class='ocrx_word' id='word_1_422' title='bbox 1767 2831 1878 2918; x_wconf 80' lang='grc'><strong>222212</strong></span> <span class='ocrx_word' id='word_1_423' title='bbox 1906 2847 1997 2921; x_wconf 89' lang='lat' dir='ltr'><strong>patet</strong></span> <span class='ocrx_word' id='word_1_424' title='bbox 2018 2859 2083 2904; x_wconf 91' lang='lat' dir='ltr'><strong>non</strong></span> <span class='ocrx_word' id='word_1_425' title='bbox 2106 2841 2219 2905; x_wconf 91' lang='lat' dir='ltr'><strong>minus</strong></span> <span class='ocrx_word' id='word_1_426' title='bbox 2241 2843 2278 2905; x_wconf 92' lang='lat' dir='ltr'><strong>in</strong></span> 
     </span>
     <span class='ocr_line' id='line_1_31' title="bbox 275 2918 2282 3006; baseline 0.003 -20"><span class='ocrx_word' id='word_1_427' title='bbox 275 2921 449 2987; x_wconf 88' lang='lat' dir='ltr'><strong>sustinent.</strong></span> <span class='ocrx_word' id='word_1_428' title='bbox 546 2979 549 2986; x_wconf 78' lang='grc'><strong>,</strong></span> <span class='ocrx_word' id='word_1_429' title='bbox 1300 2922 1461 3005; x_wconf 89' lang='lat' dir='ltr'><strong>baptismo</strong></span> <span class='ocrx_word' id='word_1_430' title='bbox 1483 2944 1542 2987; x_wconf 90' lang='lat' dir='ltr'><strong>noe</strong></span> <span class='ocrx_word' id='word_1_431' title='bbox 1563 2918 1699 2987; x_wconf 90' lang='lat' dir='ltr'><strong>induere</strong></span> <span class='ocrx_word' id='word_1_432' title='bbox 1717 2922 1898 3000; x_wconf 92' lang='lat' dir='ltr'><strong>Christum,</strong></span> <span class='ocrx_word' id='word_1_433' title='bbox 1922 2944 2020 3006; x_wconf 88' lang='lat' dir='ltr'><strong>quam</strong></span> <span class='ocrx_word' id='word_1_434' title='bbox 2042 2926 2077 2994; x_wconf 87' lang='lat' dir='ltr'><strong>iu</strong></span> <span class='ocrx_word' id='word_1_435' title='bbox 2098 2944 2203 2990; x_wconf 87' lang='lat' dir='ltr'><strong>coena</strong></span> <span class='ocrx_word' id='word_1_436' title='bbox 2225 2948 2282 2993; x_wconf 91' lang='lat' dir='ltr'><strong>co-</strong></span> 
     </span>
     <span class='ocr_line' id='line_1_32' title="bbox 360 3006 1439 3092; baseline 0.002 -23"><span class='ocrx_word' id='word_1_437' title='bbox 360 3007 562 3072; x_wconf 89' lang='lat' dir='ltr'><strong>Vicesimum</strong></span> <span class='ocrx_word' id='word_1_438' title='bbox 580 3008 761 3073; x_wconf 89' lang='lat' dir='ltr'><strong>secundum</strong></span> <span class='ocrx_word' id='word_1_439' title='bbox 779 3016 1023 3092; x_wconf 76' lang='lat' dir='ltr'><strong>argumentum:</strong></span> <span class='ocrx_word' id='word_1_440' title='bbox 1047 3007 1180 3073; x_wconf 89' lang='lat' dir='ltr'><strong>Dictum</strong></span> <span class='ocrx_word' id='word_1_441' title='bbox 1199 3014 1250 3072; x_wconf 90' lang='lat' dir='ltr'><strong>est</strong></span> <span class='ocrx_word' id='word_1_442' title='bbox 1301 3006 1439 3073; x_wconf 90' lang='lat' dir='ltr'><strong>medere.</strong></span> 
     </span>
     <span class='ocr_line' id='line_1_33' title="bbox 275 3092 2280 3183; baseline 0.003 -26"><span class='ocrx_word' id='word_1_443' title='bbox 275 3092 418 3175; x_wconf 83' lang='lat' dir='ltr'><strong>theologi</strong></span> <span class='ocrx_word' id='word_1_444' title='bbox 437 3115 503 3158; x_wconf 91' lang='lat' dir='ltr'><strong>non</strong></span> <span class='ocrx_word' id='word_1_445' title='bbox 525 3092 724 3177; x_wconf 90' lang='lat' dir='ltr'><strong>philosophi:</strong></span> <span class='ocrx_word' id='word_1_446' title='bbox 747 3094 853 3177; x_wconf 85' lang='lat' dir='ltr'><strong>spatia</strong></span> <span class='ocrx_word' id='word_1_447' title='bbox 870 3094 1015 3160; x_wconf 88' lang='lat' dir='ltr'><strong>locorum</strong></span> <span class='ocrx_word' id='word_1_448' title='bbox 1038 3093 1115 3157; x_wconf 92' lang='grc'><strong>20112</strong></span> <span class='ocrx_word' id='word_1_449' title='bbox 1137 3114 1249 3176; x_wconf 90' lang='lat' dir='ltr'><strong>corpo·</strong></span> <span class='ocrx_word' id='word_1_450' title='bbox 1386 3094 1589 3159; x_wconf 87' lang='lat' dir='ltr'><strong>Vicesimum</strong></span> <span class='ocrx_word' id='word_1_451' title='bbox 1601 3101 1754 3176; x_wconf 89' lang='lat' dir='ltr'><strong>quartum</strong></span> <span class='ocrx_word' id='word_1_452' title='bbox 1766 3101 2007 3178; x_wconf 88' lang='lat' dir='ltr'><strong>argumentum,</strong></span> <span class='ocrx_word' id='word_1_453' title='bbox 2025 3095 2111 3179; x_wconf 91' lang='lat' dir='ltr'><strong>quod</strong></span> <span class='ocrx_word' id='word_1_454' title='bbox 2130 3098 2280 3183; x_wconf 86' lang='lat' dir='ltr'><strong>maligna</strong></span> 
     </span>
     <span class='ocr_line' id='line_1_34' title="bbox 275 3176 2282 3264; baseline 0.005 -22"><span class='ocrx_word' id='word_1_455' title='bbox 275 3176 374 3256; x_wconf 90' lang='lat' dir='ltr'><strong>ribus,</strong></span> <span class='ocrx_word' id='word_1_456' title='bbox 398 3199 558 3262; x_wconf 83' lang='lat' dir='ltr'><strong>nusquam</strong></span> <span class='ocrx_word' id='word_1_457' title='bbox 581 3191 693 3259; x_wconf 89' lang='lat' dir='ltr'><strong>erunt;</strong></span> <span class='ocrx_word' id='word_1_458' title='bbox 722 3188 756 3245; x_wconf 92' lang='lat' dir='ltr'><strong>et</strong></span> <span class='ocrx_word' id='word_1_459' title='bbox 777 3180 854 3264; x_wconf 88' lang='lat' dir='ltr'><strong>quia</strong></span> <span class='ocrx_word' id='word_1_460' title='bbox 875 3189 1249 3263; x_wconf 73' lang='lat' dir='ltr'><strong>nusquam-eruutnec</strong></span> <span class='ocrx_word' id='word_1_461' title='bbox 1301 3179 1727 3262; x_wconf 73' lang='grc'><strong>210222222222222211222,</strong></span> <span class='ocrx_word' id='word_1_462' title='bbox 1756 3179 1802 3245; x_wconf 91' lang='lat' dir='ltr'><strong>sic</strong></span> <span class='ocrx_word' id='word_1_463' title='bbox 1824 3179 1934 3262; x_wconf 90' lang='lat' dir='ltr'><strong>potius</strong></span> <span class='ocrx_word' id='word_1_464' title='bbox 1955 3189 2085 3245; x_wconf 83' lang='lat' dir='ltr'><strong>retexo:</strong></span> <span class='ocrx_word' id='word_1_465' title='bbox 2121 3182 2282 3251; x_wconf 82' lang='lat' dir='ltr'><strong>Christus</strong></span> 
     </span>
     <span class='ocr_line' id='line_1_35' title="bbox 275 3264 2278 3350; baseline 0.005 -22"><span class='ocrx_word' id='word_1_466' title='bbox 275 3272 385 3328; x_wconf 91' lang='lat' dir='ltr'><strong>erunt:</strong></span> <span class='ocrx_word' id='word_1_467' title='bbox 423 3280 501 3348; x_wconf 87' lang='lat' dir='ltr'><strong>ergo</strong></span> <span class='ocrx_word' id='word_1_468' title='bbox 528 3265 640 3330; x_wconf 88' lang='lat' dir='ltr'><strong>adesse</strong></span> <span class='ocrx_word' id='word_1_469' title='bbox 675 3287 742 3330; x_wconf 92' lang='lat' dir='ltr'><strong>non</strong></span> <span class='ocrx_word' id='word_1_470' title='bbox 769 3275 876 3350; x_wconf 89' lang='lat' dir='ltr'><strong>potest</strong></span> <span class='ocrx_word' id='word_1_471' title='bbox 903 3266 1029 3331; x_wconf 90' lang='lat' dir='ltr'><strong>Christi</strong></span> <span class='ocrx_word' id='word_1_472' title='bbox 1061 3285 1180 3347; x_wconf 89' lang='lat' dir='ltr'><strong>corpus</strong></span> <span class='ocrx_word' id='word_1_473' title='bbox 1213 3265 1248 3329; x_wconf 92' lang='lat' dir='ltr'><strong>in</strong></span> <span class='ocrx_word' id='word_1_474' title='bbox 1300 3265 1365 3330; x_wconf 90' lang='lat' dir='ltr'><strong>alia</strong></span> <span class='ocrx_word' id='word_1_475' title='bbox 1386 3266 1512 3330; x_wconf 91' lang='lat' dir='ltr'><strong>ratione</strong></span> <span class='ocrx_word' id='word_1_476' title='bbox 1533 3274 1631 3347; x_wconf 89' lang='lat' dir='ltr'><strong>quam</strong></span> <span class='ocrx_word' id='word_1_477' title='bbox 1653 3264 1775 3330; x_wconf 88' lang='lat' dir='ltr'><strong>carnali</strong></span> <span class='ocrx_word' id='word_1_478' title='bbox 1793 3266 1979 3348; x_wconf 87' lang='lat' dir='ltr'><strong>praesentia</strong></span> <span class='ocrx_word' id='word_1_479' title='bbox 1996 3266 2125 3332; x_wconf 86' lang='lat' dir='ltr'><strong>habitat</strong></span> <span class='ocrx_word' id='word_1_480' title='bbox 2144 3269 2183 3334; x_wconf 91' lang='lat' dir='ltr'><strong>in</strong></span> <span class='ocrx_word' id='word_1_481' title='bbox 2206 3293 2278 3338; x_wconf 91' lang='lat' dir='ltr'><strong>ccr-</strong></span> 
     </span>
     <span class='ocr_line' id='line_1_36' title="bbox 275 3350 2278 3437; baseline 0.003 -21"><span class='ocrx_word' id='word_1_482' title='bbox 275 3351 471 3428; x_wconf 85' lang='lat' dir='ltr'><strong>coena,·nisi</strong></span> <span class='ocrx_word' id='word_1_483' title='bbox 489 3351 578 3416; x_wconf 87' lang='grc'><strong>10002</strong></span> <span class='ocrx_word' id='word_1_484' title='bbox 599 3353 793 3435; x_wconf 79' lang='lat' dir='ltr'><strong>assignetur.</strong></span> <span class='ocrx_word' id='word_1_485' title='bbox 837 3351 1065 3436; x_wconf 89' lang='lat' dir='ltr'><strong>Respondent:</strong></span> <span class='ocrx_word' id='word_1_486' title='bbox 1090 3350 1249 3431; x_wconf 81' lang='lat' dir='ltr'><strong>Quamvis</strong></span> <span class='ocrx_word' id='word_1_487' title='bbox 1300 3350 1839 3435; x_wconf 66' lang='grc'><strong>(111222102222222122022222122,</strong></span> <span class='ocrx_word' id='word_1_488' title='bbox 1852 3351 2278 3437; x_wconf 85' lang='lat' dir='ltr'><strong>ergcdecarnalipraesen·</strong></span> 
     </span>
     <span class='ocr_line' id='line_1_37' title="bbox 275 3434 2279 3521; baseline 0.005 -22"><span class='ocrx_word' id='word_1_489' title='bbox 275 3456 296 3499; x_wconf 89' lang='lat' dir='ltr'><strong>a</strong></span> <span class='ocrx_word' id='word_1_490' title='bbox 316 3434 467 3521; x_wconf 87' lang='lat' dir='ltr'><strong>theologo</strong></span> <span class='ocrx_word' id='word_1_491' title='bbox 489 3438 632 3519; x_wconf 85' lang='lat' dir='ltr'><strong>profecta</strong></span> <span class='ocrx_word' id='word_1_492' title='bbox 655 3440 697 3502; x_wconf 89' lang='lat' dir='ltr'><strong>sit</strong></span> <span class='ocrx_word' id='word_1_493' title='bbox 718 3440 889 3516; x_wconf 86' lang='lat' dir='ltr'><strong>sententia,</strong></span> <span class='ocrx_word' id='word_1_494' title='bbox 911 3459 982 3503; x_wconf 90' lang='lat' dir='ltr'><strong>esse</strong></span> <span class='ocrx_word' id='word_1_495' title='bbox 1004 3447 1115 3502; x_wconf 88' lang='lat' dir='ltr'><strong>tamen</strong></span> <span class='ocrx_word' id='word_1_496' title='bbox 1136 3436 1248 3521; x_wconf 84' lang='lat' dir='ltr'><strong>physi·</strong></span> <span class='ocrx_word' id='word_1_497' title='bbox 1301 3437 1346 3502; x_wconf 87' lang='lat' dir='ltr'><strong>tia</strong></span> <span class='ocrx_word' id='word_1_498' title='bbox 1368 3444 1537 3520; x_wconf 84' lang='grc'><strong>2222202020</strong></span> <span class='ocrx_word' id='word_1_499' title='bbox 1559 3434 1754 3502; x_wconf 87' lang='lat' dir='ltr'><strong>contendere</strong></span> <span class='ocrx_word' id='word_1_500' title='bbox 1772 3437 1857 3500; x_wconf 88' lang='lat' dir='ltr'><strong>nihil</strong></span> <span class='ocrx_word' id='word_1_501' title='bbox 1878 3438 2003 3502; x_wconf 84' lang='lat' dir='ltr'><strong>attinet</strong></span> <span class='ocrx_word' id='word_1_502' title='bbox 2037 3438 2102 3504; x_wconf 90' lang='lat' dir='ltr'><strong>Hic</strong></span> <span class='ocrx_word' id='word_1_503' title='bbox 2123 3462 2279 3509; x_wconf 89' lang='lat' dir='ltr'><strong>censores</strong></span> 
     </span>
     <span class='ocr_line' id='line_1_38' title="bbox 276 3520 2279 3607; baseline 0.004 -20"><span class='ocrx_word' id='word_1_504' title='bbox 276 3542 357 3600; x_wconf 90' lang='lat' dir='ltr'><strong>cam,</strong></span> <span class='ocrx_word' id='word_1_505' title='bbox 370 3525 394 3597; x_wconf 87' lang='lat'><strong>¹)</strong></span> <span class='ocrx_word' id='word_1_506' title='bbox 415 3531 449 3586; x_wconf 92' lang='lat' dir='ltr'><strong>et</strong></span> <span class='ocrx_word' id='word_1_507' title='bbox 469 3523 579 3605; x_wconf 90' lang='lat' dir='ltr'><strong>inepte</strong></span> <span class='ocrx_word' id='word_1_508' title='bbox 601 3522 642 3587; x_wconf 87' lang='lat' dir='ltr'><strong>ad</strong></span> <span class='ocrx_word' id='word_1_509' title='bbox 666 3544 718 3588; x_wconf 88' lang='lat' dir='ltr'><strong>res</strong></span> <span class='ocrx_word' id='word_1_510' title='bbox 744 3523 873 3589; x_wconf 86' lang='lat' dir='ltr'><strong>divinas</strong></span> <span class='ocrx_word' id='word_1_511' title='bbox 901 3523 1067 3607; x_wconf 90' lang='lat' dir='ltr'><strong>applicari.</strong></span> <span class='ocrx_word' id='word_1_512' title='bbox 1112 3521 1249 3587; x_wconf 81' lang='lat' dir='ltr'><strong>Addunt</strong></span> <span class='ocrx_word' id='word_1_513' title='bbox 1300 3544 1367 3587; x_wconf 90' lang='lat' dir='ltr'><strong>non</strong></span> <span class='ocrx_word' id='word_1_514' title='bbox 1385 3520 1482 3589; x_wconf 89' lang='lat' dir='ltr'><strong>modo</strong></span> <span class='ocrx_word' id='word_1_515' title='bbox 1504 3523 1723 3588; x_wconf 88' lang='lat' dir='ltr'><strong>temeritatem</strong></span> <span class='ocrx_word' id='word_1_516' title='bbox 1734 3521 1829 3587; x_wconf 91' lang='lat' dir='ltr'><strong>nobis</strong></span> <span class='ocrx_word' id='word_1_517' title='bbox 1850 3523 2129 3606; x_wconf 76' lang='lat' dir='ltr'><strong>exprobrentsed</strong></span> <span class='ocrx_word' id='word_1_518' title='bbox 2147 3529 2279 3595; x_wconf 90' lang='lat' dir='ltr'><strong>addunt</strong></span> 
     </span>
     <span class='ocr_line' id='line_1_39' title="bbox 276 3606 2277 3692; baseline 0.006 -22"><span class='ocrx_word' id='word_1_519' title='bbox 276 3607 390 3685; x_wconf 83' lang='grc'><strong>2212222,</strong></span> <span class='ocrx_word' id='word_1_520' title='bbox 419 3617 529 3690; x_wconf 87' lang='lat' dir='ltr'><strong>patres</strong></span> <span class='ocrx_word' id='word_1_521' title='bbox 556 3629 653 3691; x_wconf 86' lang='lat' dir='ltr'><strong>saepe</strong></span> <span class='ocrx_word' id='word_1_522' title='bbox 680 3609 910 3692; x_wconf 82' lang='lat' dir='ltr'><strong>intempestive</strong></span> <span class='ocrx_word' id='word_1_523' title='bbox 937 3609 1165 3692; x_wconf 88' lang='lat' dir='ltr'><strong>permiscuisse</strong></span> <span class='ocrx_word' id='word_1_524' title='bbox 1187 3609 1249 3673; x_wconf 92' lang='lat' dir='ltr'><strong>hu·</strong></span> <span class='ocrx_word' id='word_1_525' title='bbox 1301 3629 1359 3673; x_wconf 91' lang='lat' dir='ltr'><strong>nos</strong></span> <span class='ocrx_word' id='word_1_526' title='bbox 1388 3606 1511 3690; x_wconf 92' lang='lat' dir='ltr'><strong>aliquid</strong></span> <span class='ocrx_word' id='word_1_527' title='bbox 1537 3609 1656 3672; x_wconf 90' lang='lat' dir='ltr'><strong>mereri</strong></span> <span class='ocrx_word' id='word_1_528' title='bbox 1682 3608 1844 3673; x_wconf 88' lang='lat' dir='ltr'><strong>acerbius:</strong></span> <span class='ocrx_word' id='word_1_529' title='bbox 1873 3610 1951 3691; x_wconf 90' lang='lat' dir='ltr'><strong>quia</strong></span> <span class='ocrx_word' id='word_1_530' title='bbox 1977 3610 2086 3675; x_wconf 90' lang='lat' dir='ltr'><strong>Deum</strong></span> <span class='ocrx_word' id='word_1_531' title='bbox 2115 3613 2277 3682; x_wconf 90' lang='lat' dir='ltr'><strong>audemus</strong></span> 
     </span>
     <span class='ocr_line' id='line_1_40' title="bbox 277 3691 2276 3779; baseline 0.006 -23"><span class='ocrx_word' id='word_1_532' title='bbox 277 3712 375 3756; x_wconf 91' lang='lat' dir='ltr'><strong>mana</strong></span> <span class='ocrx_word' id='word_1_533' title='bbox 397 3691 525 3771; x_wconf 83' lang='lat' dir='ltr'><strong>divinis,</strong></span> <span class='ocrx_word' id='word_1_534' title='bbox 548 3704 580 3758; x_wconf 89' lang='lat' dir='ltr'><strong>et</strong></span> <span class='ocrx_word' id='word_1_535' title='bbox 603 3695 664 3759; x_wconf 92' lang='lat' dir='ltr'><strong>hoe</strong></span> <span class='ocrx_word' id='word_1_536' title='bbox 685 3695 783 3759; x_wconf 92' lang='lat' dir='ltr'><strong>modo</strong></span> <span class='ocrx_word' id='word_1_537' title='bbox 805 3695 944 3778; x_wconf 87' lang='lat' dir='ltr'><strong>turpiter</strong></span> <span class='ocrx_word' id='word_1_538' title='bbox 966 3693 1099 3759; x_wconf 89' lang='lat' dir='ltr'><strong>diluisse</strong></span> <span class='ocrx_word' id='word_1_539' title='bbox 1122 3694 1248 3758; x_wconf 88' lang='lat' dir='ltr'><strong>theolo-</strong></span> <span class='ocrx_word' id='word_1_540' title='bbox 1300 3695 1487 3770; x_wconf 83' lang='lat' dir='ltr'><strong>reformare.</strong></span> <span class='ocrx_word' id='word_1_541' title='bbox 1533 3692 1635 3773; x_wconf 81' lang='lat' dir='ltr'><strong>Quasi</strong></span> <span class='ocrx_word' id='word_1_542' title='bbox 1665 3713 1743 3759; x_wconf 89' lang='grc'><strong>2220</strong></span> <span class='ocrx_word' id='word_1_543' title='bbox 1771 3692 1843 3758; x_wconf 91' lang='lat' dir='ltr'><strong>ideo</strong></span> <span class='ocrx_word' id='word_1_544' title='bbox 1870 3715 2029 3779; x_wconf 89' lang='lat' dir='ltr'><strong>negemus</strong></span> <span class='ocrx_word' id='word_1_545' title='bbox 2049 3696 2179 3764; x_wconf 89' lang='lat' dir='ltr'><strong>Christi</strong></span> <span class='ocrx_word' id='word_1_546' title='bbox 2205 3723 2276 3767; x_wconf 85' lang='lat' dir='ltr'><strong>ccr-</strong></span> 
     </span>
     <span class='ocr_line' id='line_1_41' title="bbox 275 3776 2278 3871; baseline 0.005 -30"><span class='ocrx_word' id='word_1_547' title='bbox 275 3777 372 3859; x_wconf 89' lang='lat' dir='ltr'><strong>giam.</strong></span> <span class='ocrx_word' id='word_1_548' title='bbox 409 3776 557 3844; x_wconf 72' lang='lat' dir='ltr'><strong>vScilicet</strong></span> <span class='ocrx_word' id='word_1_549' title='bbox 584 3801 684 3863; x_wconf 91' lang='lat' dir='ltr'><strong>quum</strong></span> <span class='ocrx_word' id='word_1_550' title='bbox 713 3782 900 3864; x_wconf 86' lang='lat' dir='ltr'><strong>Augustino</strong></span> <span class='ocrx_word' id='word_1_551' title='bbox 926 3788 998 3859; x_wconf 76' lang='lat' dir='ltr'><strong>[pag.</strong></span> <span class='ocrx_word' id='word_1_552' title='bbox 1023 3787 1096 3857; x_wconf 87' lang='grc'><strong>220]</strong></span> <span class='ocrx_word' id='word_1_553' title='bbox 1124 3780 1248 3862; x_wconf 87' lang='grc'><strong>2212222</strong></span> <span class='ocrx_word' id='word_1_554' title='bbox 1299 3801 1362 3862; x_wconf 91' lang='lat' dir='ltr'><strong>pus</strong></span> <span class='ocrx_word' id='word_1_555' title='bbox 1384 3778 1644 3844; x_wconf 84' lang='lat' dir='ltr'><strong>substantialiter</strong></span> <span class='ocrx_word' id='word_1_556' title='bbox 1664 3785 1736 3858; x_wconf 78' lang='lat' dir='ltr'><strong>[pag.</strong></span> <span class='ocrx_word' id='word_1_557' title='bbox 1756 3786 1828 3858; x_wconf 81' lang='grc'><strong>222]</strong></span> <span class='ocrx_word' id='word_1_558' title='bbox 1847 3780 1981 3859; x_wconf 90' lang='lat' dir='ltr'><strong>comedi,</strong></span> <span class='ocrx_word' id='word_1_559' title='bbox 2004 3783 2080 3866; x_wconf 91' lang='lat' dir='ltr'><strong>quia</strong></span> <span class='ocrx_word' id='word_1_560' title='bbox 2096 3783 2197 3850; x_wconf 84' lang='lat' dir='ltr'><strong>aliter</strong></span> <span class='ocrx_word' id='word_1_561' title='bbox 2218 3808 2278 3871; x_wconf 91' lang='lat' dir='ltr'><strong>per</strong></span> 
     </span>
     <span class='ocr_line' id='line_1_42' title="bbox 275 3863 2276 3950; baseline 0.006 -24"><span class='ocrx_word' id='word_1_562' title='bbox 275 3883 341 3926; x_wconf 91' lang='lat' dir='ltr'><strong>non</strong></span> <span class='ocrx_word' id='word_1_563' title='bbox 359 3863 503 3929; x_wconf 88' lang='lat' dir='ltr'><strong>audeant</strong></span> <span class='ocrx_word' id='word_1_564' title='bbox 523 3887 642 3930; x_wconf 88' lang='lat' dir='ltr'><strong>nomen</strong></span> <span class='ocrx_word' id='word_1_565' title='bbox 666 3866 824 3950; x_wconf 90' lang='lat' dir='ltr'><strong>theologi,</strong></span> <span class='ocrx_word' id='word_1_566' title='bbox 856 3867 917 3931; x_wconf 91' lang='lat' dir='ltr'><strong>hoc</strong></span> <span class='ocrx_word' id='word_1_567' title='bbox 944 3868 1052 3931; x_wconf 89' lang='lat' dir='ltr'><strong>minus</strong></span> <span class='ocrx_word' id='word_1_568' title='bbox 1078 3874 1248 3930; x_wconf 88' lang='lat' dir='ltr'><strong>contume-</strong></span> <span class='ocrx_word' id='word_1_569' title='bbox 1300 3866 1477 3935; x_wconf 82' lang='lat' dir='ltr'><strong>efficacium</strong></span> <span class='ocrx_word' id='word_1_570' title='bbox 1515 3864 1649 3948; x_wconf 89' lang='lat' dir='ltr'><strong>spiritus</strong></span> <span class='ocrx_word' id='word_1_571' title='bbox 1683 3865 1734 3930; x_wconf 90' lang='lat' dir='ltr'><strong>sui</strong></span> <span class='ocrx_word' id='word_1_572' title='bbox 1766 3867 1921 3948; x_wconf 90' lang='lat' dir='ltr'><strong>perficere</strong></span> <span class='ocrx_word' id='word_1_573' title='bbox 1954 3867 2094 3932; x_wconf 88' lang='lat' dir='ltr'><strong>salutem</strong></span> <span class='ocrx_word' id='word_1_574' title='bbox 2128 3883 2276 3938; x_wconf 79' lang='grc'><strong>20222222</strong></span> 
     </span>
     <span class='ocr_line' id='line_1_43' title="bbox 275 3946 2278 4037; baseline 0.006 -26"><span class='ocrx_word' id='word_1_575' title='bbox 275 3946 393 4012; x_wconf 86' lang='lat' dir='ltr'><strong>liceum</strong></span> <span class='ocrx_word' id='word_1_576' title='bbox 417 3950 560 4026; x_wconf 83' lang='lat' dir='ltr'><strong>videtur,</strong></span> <span class='ocrx_word' id='word_1_577' title='bbox 589 3972 681 4016; x_wconf 86' lang='lat' dir='ltr'><strong>rcum</strong></span> <span class='ocrx_word' id='word_1_578' title='bbox 708 3953 813 4017; x_wconf 87' lang='lat' dir='ltr'><strong>facere</strong></span> <span class='ocrx_word' id='word_1_579' title='bbox 838 3954 944 4037; x_wconf 92' lang='lat' dir='ltr'><strong>turpis</strong></span> <span class='ocrx_word' id='word_1_580' title='bbox 966 3952 1184 4034; x_wconf 90' lang='lat' dir='ltr'><strong>corruptelae,</strong></span> <span class='ocrx_word' id='word_1_581' title='bbox 1213 3959 1250 4015; x_wconf 93' lang='lat' dir='ltr'><strong>ut</strong></span> <span class='ocrx_word' id='word_1_582' title='bbox 1300 3959 1413 4033; x_wconf 90' lang='lat' dir='ltr'><strong>potest.</strong></span> <span class='ocrx_word' id='word_1_583' title='bbox 1459 3951 1557 4016; x_wconf 86' lang='lat' dir='ltr'><strong>Ratio</strong></span> <span class='ocrx_word' id='word_1_584' title='bbox 1583 3961 1647 4029; x_wconf 89' lang='lat' dir='ltr'><strong>est,</strong></span> <span class='ocrx_word' id='word_1_585' title='bbox 1678 3952 1718 4016; x_wconf 88' lang='lat' dir='ltr'><strong>de</strong></span> <span class='ocrx_word' id='word_1_586' title='bbox 1745 3972 1781 4016; x_wconf 91' lang='lat' dir='ltr'><strong>re</strong></span> <span class='ocrx_word' id='word_1_587' title='bbox 1808 3973 1873 4016; x_wconf 90' lang='lat' dir='ltr'><strong>nen</strong></span> <span class='ocrx_word' id='word_1_588' title='bbox 1901 3955 2088 4019; x_wconf 87' lang='lat' dir='ltr'><strong>neccssaria</strong></span> <span class='ocrx_word' id='word_1_589' title='bbox 2112 3977 2180 4021; x_wconf 91' lang='lat' dir='ltr'><strong>non</strong></span> <span class='ocrx_word' id='word_1_590' title='bbox 2206 3980 2278 4023; x_wconf 88' lang='lat' dir='ltr'><strong>esso</strong></span> 
     </span>
     <span class='ocr_line' id='line_1_44' title="bbox 274 4033 2277 4127; baseline 0.006 -30"><span class='ocrx_word' id='word_1_591' title='bbox 274 4033 334 4097; x_wconf 79' lang='grc'><strong>212</strong></span> <span class='ocrx_word' id='word_1_592' title='bbox 362 4055 394 4098; x_wconf 80' lang='lat' dir='ltr'><strong>a</strong></span> <span class='ocrx_word' id='word_1_593' title='bbox 411 4036 581 4119; x_wconf 77' lang='lat' dir='ltr'><strong>secnlegic</strong></span> <span class='ocrx_word' id='word_1_594' title='bbox 609 4036 803 4103; x_wconf 85' lang='lat' dir='ltr'><strong>excusabilis</strong></span> <span class='ocrx_word' id='word_1_595' title='bbox 831 4039 882 4103; x_wconf 89' lang='lat' dir='ltr'><strong>sit.</strong></span> <span class='ocrx_word' id='word_1_596' title='bbox 926 4036 1086 4120; x_wconf 89' lang='lat' dir='ltr'><strong>Disputat</strong></span> <span class='ocrx_word' id='word_1_597' title='bbox 1113 4037 1179 4101; x_wconf 91' lang='lat' dir='ltr'><strong>illic</strong></span> <span class='ocrx_word' id='word_1_598' title='bbox 1207 4058 1247 4100; x_wconf 84' lang='lat' dir='ltr'><strong>ex</strong></span> <span class='ocrx_word' id='word_1_599' title='bbox 1299 4036 1499 4119; x_wconf 89' lang='lat' dir='ltr'><strong>pertinacius</strong></span> <span class='ocrx_word' id='word_1_600' title='bbox 1520 4036 1727 4121; x_wconf 87' lang='lat' dir='ltr'><strong>litigandum,</strong></span> <span class='ocrx_word' id='word_1_601' title='bbox 1751 4036 1868 4102; x_wconf 91' lang='lat' dir='ltr'><strong>deinde</strong></span> <span class='ocrx_word' id='word_1_602' title='bbox 1890 4059 1932 4102; x_wconf 81' lang='lat' dir='ltr'><strong>er</strong></span> <span class='ocrx_word' id='word_1_603' title='bbox 1949 4042 2114 4104; x_wconf 91' lang='lat' dir='ltr'><strong>communi</strong></span> <span class='ocrx_word' id='word_1_604' title='bbox 2135 4043 2277 4127; x_wconf 90' lang='lat' dir='ltr'><strong>scriptu·</strong></span> 
     </span>
     <span class='ocr_line' id='line_1_45' title="bbox 271 4119 2276 4206; baseline 0.006 -24"><span class='ocrx_word' id='word_1_605' title='bbox 271 4119 420 4203; x_wconf 84' lang='lat' dir='ltr'><strong>professo</strong></span> <span class='ocrx_word' id='word_1_606' title='bbox 431 4122 640 4205; x_wconf 85' lang='lat' dir='ltr'><strong>Augustinus</strong></span> <span class='ocrx_word' id='word_1_607' title='bbox 651 4123 690 4187; x_wconf 91' lang='lat' dir='ltr'><strong>de</strong></span> <span class='ocrx_word' id='word_1_608' title='bbox 702 4144 800 4188; x_wconf 89' lang='lat' dir='ltr'><strong>carne</strong></span> <span class='ocrx_word' id='word_1_609' title='bbox 811 4124 1046 4200; x_wconf 87' lang='lat' dir='ltr'><strong>Christi:eam,</strong></span> <span class='ocrx_word' id='word_1_610' title='bbox 1059 4131 1097 4187; x_wconf 88' lang='lat' dir='ltr'><strong>ut</strong></span> <span class='ocrx_word' id='word_1_611' title='bbox 1106 4143 1186 4187; x_wconf 84' lang='lat' dir='ltr'><strong>vera</strong></span> <span class='ocrx_word' id='word_1_612' title='bbox 1195 4122 1248 4199; x_wconf 85' lang='lat' dir='ltr'><strong>eit,</strong></span> <span class='ocrx_word' id='word_1_613' title='bbox 1300 4143 1357 4188; x_wconf 87' lang='lat' dir='ltr'><strong>rae</strong></span> <span class='ocrx_word' id='word_1_614' title='bbox 1385 4122 1536 4187; x_wconf 90' lang='lat' dir='ltr'><strong>doctrina</strong></span> <span class='ocrx_word' id='word_1_615' title='bbox 1562 4123 1741 4206; x_wconf 89' lang='lat' dir='ltr'><strong>petendum</strong></span> <span class='ocrx_word' id='word_1_616' title='bbox 1769 4144 1839 4188; x_wconf 91' lang='lat' dir='ltr'><strong>esse</strong></span> <span class='ocrx_word' id='word_1_617' title='bbox 1868 4126 2175 4192; x_wconf 82' lang='lat' dir='ltr'><strong>communicationis</strong></span> <span class='ocrx_word' id='word_1_618' title='bbox 2205 4151 2276 4194; x_wconf 91' lang='lat' dir='ltr'><strong>mo-</strong></span> 
     </span>
     <span class='ocr_line' id='line_1_46' title="bbox 274 4204 2277 4294; baseline 0.006 -26"><span class='ocrx_word' id='word_1_619' title='bbox 274 4225 335 4269; x_wconf 88' lang='grc'><strong>220</strong></span> <span class='ocrx_word' id='word_1_620' title='bbox 357 4204 558 4271; x_wconf 90' lang='lat' dir='ltr'><strong>dimensione</strong></span> <span class='ocrx_word' id='word_1_621' title='bbox 576 4208 664 4272; x_wconf 88' lang='lat' dir='ltr'><strong>finiri</strong></span> <span class='ocrx_word' id='word_1_622' title='bbox 682 4210 857 4274; x_wconf 85' lang='lat' dir='ltr'><strong>contendit.</strong></span> <span class='ocrx_word' id='word_1_623' title='bbox 890 4207 1102 4292; x_wconf 89' lang='lat' dir='ltr'><strong>Respondent</strong></span> <span class='ocrx_word' id='word_1_624' title='bbox 1111 4208 1249 4291; x_wconf 88' lang='lat' dir='ltr'><strong>Magde·</strong></span> <span class='ocrx_word' id='word_1_625' title='bbox 1301 4208 1389 4273; x_wconf 90' lang='lat' dir='ltr'><strong>dum.</strong></span> <span class='ocrx_word' id='word_1_626' title='bbox 1434 4208 1612 4292; x_wconf 83' lang='lat' dir='ltr'><strong>Excipient</strong></span> <span class='ocrx_word' id='word_1_627' title='bbox 1632 4229 1691 4292; x_wconf 89' lang='lat' dir='ltr'><strong>pro</strong></span> <span class='ocrx_word' id='word_1_628' title='bbox 1712 4231 1811 4288; x_wconf 88' lang='lat' dir='ltr'><strong>more,</strong></span> <span class='ocrx_word' id='word_1_629' title='bbox 1842 4208 1964 4292; x_wconf 88' lang='lat' dir='ltr'><strong>aliquid</strong></span> <span class='ocrx_word' id='word_1_630' title='bbox 1985 4212 2125 4294; x_wconf 83' lang='lat' dir='ltr'><strong>speciale</strong></span> <span class='ocrx_word' id='word_1_631' title='bbox 2140 4236 2220 4281; x_wconf 87' lang='grc'><strong>,2222</strong></span> <span class='ocrx_word' id='word_1_632' title='bbox 2243 4216 2277 4280; x_wconf 88' lang='lat' dir='ltr'><strong>in</strong></span> 
     </span>
     <span class='ocr_line' id='line_1_47' title="bbox 272 4291 2279 4378; baseline 0.005 -22"><span class='ocrx_word' id='word_1_633' title='bbox 272 4291 454 4375; x_wconf 87' lang='lat' dir='ltr'><strong>burgenses</strong></span> <span class='ocrx_word' id='word_1_634' title='bbox 477 4292 612 4375; x_wconf 78' lang='lat' dir='ltr'><strong>physica</strong></span> <span class='ocrx_word' id='word_1_635' title='bbox 633 4296 758 4360; x_wconf 88' lang='lat' dir='ltr'><strong>ratione</strong></span> <span class='ocrx_word' id='word_1_636' title='bbox 780 4296 921 4378; x_wconf 89' lang='lat' dir='ltr'><strong>turpiter</strong></span> <span class='ocrx_word' id='word_1_637' title='bbox 942 4306 1126 4376; x_wconf 88' lang='lat' dir='ltr'><strong>corruptam</strong></span> <span class='ocrx_word' id='word_1_638' title='bbox 1150 4295 1249 4359; x_wconf 84' lang='lat' dir='ltr'><strong>luisse</strong></span> <span class='ocrx_word' id='word_1_639' title='bbox 1301 4313 1409 4358; x_wconf 82' lang='lat' dir='ltr'><strong>coena</strong></span> <span class='ocrx_word' id='word_1_640' title='bbox 1443 4293 1540 4374; x_wconf 77' lang='lat' dir='ltr'><strong>Quod</strong></span> <span class='ocrx_word' id='word_1_641' title='bbox 1564 4302 1598 4360; x_wconf 91' lang='lat' dir='ltr'><strong>ut</strong></span> <span class='ocrx_word' id='word_1_642' title='bbox 1620 4316 1734 4361; x_wconf 86' lang='lat' dir='ltr'><strong>verum</strong></span> <span class='ocrx_word' id='word_1_643' title='bbox 1746 4317 1817 4361; x_wconf 90' lang='lat' dir='ltr'><strong>esse</strong></span> <span class='ocrx_word' id='word_1_644' title='bbox 1827 4296 1939 4374; x_wconf 85' lang='lat' dir='ltr'><strong>fatear,</strong></span> <span class='ocrx_word' id='word_1_645' title='bbox 1962 4298 2139 4363; x_wconf 89' lang='lat' dir='ltr'><strong>tenendum</strong></span> <span class='ocrx_word' id='word_1_646' title='bbox 2162 4309 2279 4366; x_wconf 89' lang='lat' dir='ltr'><strong>tamen</strong></span> 
     </span>
     <span class='ocr_line' id='line_1_48' title="bbox 272 4377 2276 4470; baseline 0.005 -29"><span class='ocrx_word' id='word_1_647' title='bbox 272 4377 481 4461; x_wconf 85' lang='lat' dir='ltr'><strong>theologiam.</strong></span> <span class='ocrx_word' id='word_1_648' title='bbox 527 4378 631 4459; x_wconf 79' lang='lat' dir='ltr'><strong>Quasi</strong></span> <span class='ocrx_word' id='word_1_649' title='bbox 653 4381 871 4462; x_wconf 83' lang='lat' dir='ltr'><strong>persuadeant</strong></span> <span class='ocrx_word' id='word_1_650' title='bbox 893 4401 928 4447; x_wconf 90' lang='lat' dir='ltr'><strong>se</strong></span> <span class='ocrx_word' id='word_1_651' title='bbox 949 4383 984 4445; x_wconf 93' lang='lat' dir='ltr'><strong>in</strong></span> <span class='ocrx_word' id='word_1_652' title='bbox 1006 4380 1104 4446; x_wconf 90' lang='lat' dir='ltr'><strong>robus</strong></span> <span class='ocrx_word' id='word_1_653' title='bbox 1127 4378 1247 4445; x_wconf 90' lang='lat' dir='ltr'><strong>divinis</strong></span> <span class='ocrx_word' id='word_1_654' title='bbox 1299 4379 1512 4458; x_wconf 87' lang='grc'><strong>1222202222,</strong></span> <span class='ocrx_word' id='word_1_655' title='bbox 1541 4401 1607 4445; x_wconf 93' lang='lat' dir='ltr'><strong>non</strong></span> <span class='ocrx_word' id='word_1_656' title='bbox 1629 4380 1763 4447; x_wconf 90' lang='lat' dir='ltr'><strong>tendere</strong></span> <span class='ocrx_word' id='word_1_657' title='bbox 1785 4382 1820 4447; x_wconf 93' lang='lat' dir='ltr'><strong>in</strong></span> <span class='ocrx_word' id='word_1_658' title='bbox 1843 4382 1943 4447; x_wconf 87' lang='lat' dir='ltr'><strong>alium</strong></span> <span class='ocrx_word' id='word_1_659' title='bbox 1966 4383 2075 4463; x_wconf 89' lang='lat' dir='ltr'><strong>finem,</strong></span> <span class='ocrx_word' id='word_1_660' title='bbox 2097 4406 2198 4467; x_wconf 90' lang='lat' dir='ltr'><strong>quam</strong></span> <span class='ocrx_word' id='word_1_661' title='bbox 2221 4388 2276 4470; x_wconf 94' lang='lat' dir='ltr'><strong>qui</strong></span> 
     </span>
     <span class='ocr_line' id='line_1_49' title="bbox 273 4462 2278 4550; baseline 0.005 -24"><span class='ocrx_word' id='word_1_662' title='bbox 273 4462 376 4527; x_wconf 90' lang='lat' dir='ltr'><strong>multe</strong></span> <span class='ocrx_word' id='word_1_663' title='bbox 399 4464 526 4529; x_wconf 87' lang='lat' dir='ltr'><strong>acutius</strong></span> <span class='ocrx_word' id='word_1_664' title='bbox 548 4485 691 4543; x_wconf 87' lang='lat' dir='ltr'><strong>cernere,</strong></span> <span class='ocrx_word' id='word_1_665' title='bbox 720 4488 819 4550; x_wconf 90' lang='lat' dir='ltr'><strong>quam</strong></span> <span class='ocrx_word' id='word_1_666' title='bbox 840 4475 990 4532; x_wconf 90' lang='lat' dir='ltr'><strong>sanctum</strong></span> <span class='ocrx_word' id='word_1_667' title='bbox 1011 4465 1105 4530; x_wconf 90' lang='lat' dir='ltr'><strong>illum</strong></span> <span class='ocrx_word' id='word_1_668' title='bbox 1130 4466 1245 4544; x_wconf 85' lang='lat' dir='ltr'><strong>virum,</strong></span> <span class='ocrx_word' id='word_1_669' title='bbox 1300 4464 1378 4529; x_wconf 93' lang='lat' dir='ltr'><strong>alibi</strong></span> <span class='ocrx_word' id='word_1_670' title='bbox 1400 4464 1605 4532; x_wconf 87' lang='lat' dir='ltr'><strong>describitur.</strong></span> <span class='ocrx_word' id='word_1_671' title='bbox 1648 4467 1740 4533; x_wconf 89' lang='lat' dir='ltr'><strong>Hace</strong></span> <span class='ocrx_word' id='word_1_672' title='bbox 1766 4467 1855 4530; x_wconf 90' lang='lat' dir='ltr'><strong>enim</strong></span> <span class='ocrx_word' id='word_1_673' title='bbox 1882 4468 2052 4550; x_wconf 87' lang='lat' dir='ltr'><strong>perfectio,</strong></span> <span class='ocrx_word' id='word_1_674' title='bbox 2081 4491 2119 4547; x_wconf 85' lang='lat' dir='ltr'><strong>ac</strong></span> <span class='ocrx_word' id='word_1_675' title='bbox 2140 4481 2278 4541; x_wconf 85' lang='lat' dir='ltr'><strong>nostrae</strong></span> 
     </span>
     <span class='ocr_line' id='line_1_50' title="bbox 274 4549 2276 4637; baseline 0.005 -24"><span class='ocrx_word' id='word_1_676' title='bbox 274 4569 338 4630; x_wconf 91' lang='lat' dir='ltr'><strong>quo</strong></span> <span class='ocrx_word' id='word_1_677' title='bbox 359 4570 419 4615; x_wconf 91' lang='lat' dir='ltr'><strong>nec</strong></span> <span class='ocrx_word' id='word_1_678' title='bbox 441 4551 548 4634; x_wconf 88' lang='lat' dir='ltr'><strong>magis</strong></span> <span class='ocrx_word' id='word_1_679' title='bbox 570 4549 709 4616; x_wconf 89' lang='lat' dir='ltr'><strong>solidum</strong></span> <span class='ocrx_word' id='word_1_680' title='bbox 731 4555 765 4616; x_wconf 93' lang='lat' dir='ltr'><strong>in</strong></span> <span class='ocrx_word' id='word_1_681' title='bbox 784 4551 990 4637; x_wconf 88' lang='lat' dir='ltr'><strong>dogmatibus</strong></span> <span class='ocrx_word' id='word_1_682' title='bbox 1010 4551 1246 4630; x_wconf 87' lang='lat' dir='ltr'><strong>ecclesiasticis,</strong></span> <span class='ocrx_word' id='word_1_683' title='bbox 1279 4624 1282 4631; x_wconf 27' lang='lat'>¹</span> <span class='ocrx_word' id='word_1_684' title='bbox 1299 4551 1464 4616; x_wconf 82' lang='lat' dir='ltr'><strong>felicitatis</strong></span> <span class='ocrx_word' id='word_1_685' title='bbox 1485 4553 1635 4619; x_wconf 91' lang='lat' dir='ltr'><strong>cumulus</strong></span> <span class='ocrx_word' id='word_1_686' title='bbox 1656 4563 1715 4631; x_wconf 90' lang='lat' dir='ltr'><strong>eet,</strong></span> <span class='ocrx_word' id='word_1_687' title='bbox 1733 4563 1776 4617; x_wconf 87' lang='lat' dir='ltr'><strong>ut</strong></span> <span class='ocrx_word' id='word_1_688' title='bbox 1786 4552 1940 4619; x_wconf 86' lang='lat' dir='ltr'><strong>Christus</strong></span> <span class='ocrx_word' id='word_1_689' title='bbox 1962 4575 2021 4636; x_wconf 91' lang='lat' dir='ltr'><strong>per</strong></span> <span class='ocrx_word' id='word_1_690' title='bbox 2039 4553 2186 4622; x_wconf 87' lang='lat' dir='ltr'><strong>fidemin</strong></span> <span class='ocrx_word' id='word_1_691' title='bbox 2205 4580 2276 4623; x_wconf 93' lang='lat' dir='ltr'><strong>cor·</strong></span> 
     </span>
     <span class='ocr_line' id='line_1_51' title="bbox 273 4635 2277 4726; baseline 0.007 -29"><span class='ocrx_word' id='word_1_692' title='bbox 273 4653 334 4698; x_wconf 91' lang='lat' dir='ltr'><strong>nec</strong></span> <span class='ocrx_word' id='word_1_693' title='bbox 361 4635 592 4703; x_wconf 87' lang='lat' dir='ltr'><strong>modestiorem</strong></span> <span class='ocrx_word' id='word_1_694' title='bbox 620 4637 699 4701; x_wconf 91' lang='lat' dir='ltr'><strong>tulit</strong></span> <span class='ocrx_word' id='word_1_695' title='bbox 725 4647 795 4703; x_wconf 87' lang='lat' dir='ltr'><strong>tota</strong></span> <span class='ocrx_word' id='word_1_696' title='bbox 826 4640 1009 4721; x_wconf 89' lang='lat' dir='ltr'><strong>antiquitas.</strong></span> <span class='ocrx_word' id='word_1_697' title='bbox 1064 4637 1247 4702; x_wconf 87' lang='grc'><strong>12222020</strong></span> <span class='ocrx_word' id='word_1_698' title='bbox 1300 4636 1395 4702; x_wconf 91' lang='lat' dir='ltr'><strong>dibus</strong></span> <span class='ocrx_word' id='word_1_699' title='bbox 1416 4636 1570 4703; x_wconf 89' lang='lat' dir='ltr'><strong>habitans</strong></span> <span class='ocrx_word' id='word_1_700' title='bbox 1592 4661 1657 4703; x_wconf 91' lang='lat' dir='ltr'><strong>non</strong></span> <span class='ocrx_word' id='word_1_701' title='bbox 1679 4636 1775 4702; x_wconf 91' lang='lat' dir='ltr'><strong>modo</strong></span> <span class='ocrx_word' id='word_1_702' title='bbox 1796 4639 1956 4705; x_wconf 91' lang='lat' dir='ltr'><strong>bonorum</strong></span> <span class='ocrx_word' id='word_1_703' title='bbox 1977 4641 2132 4720; x_wconf 89' lang='lat' dir='ltr'><strong>omnium,</strong></span> <span class='ocrx_word' id='word_1_704' title='bbox 2156 4645 2277 4726; x_wconf 88' lang='lat' dir='ltr'><strong>quibus</strong></span> 
     </span>
     <span class='ocr_line' id='line_1_52' title="bbox 274 4719 2275 4810; baseline 0.007 -28"><span class='ocrx_word' id='word_1_705' title='bbox 274 4719 357 4784; x_wconf 92' lang='lat' dir='ltr'><strong>nihil</strong></span> <span class='ocrx_word' id='word_1_706' title='bbox 380 4722 511 4800; x_wconf 88' lang='lat' dir='ltr'><strong>mirum,</strong></span> <span class='ocrx_word' id='word_1_707' title='bbox 535 4721 563 4787; x_wconf 91' lang='lat' dir='ltr'><strong>si</strong></span> <span class='ocrx_word' id='word_1_708' title='bbox 586 4743 646 4787; x_wconf 92' lang='lat' dir='ltr'><strong>nos</strong></span> <span class='ocrx_word' id='word_1_709' title='bbox 669 4723 905 4791; x_wconf 89' lang='lat' dir='ltr'><strong>homunciones</strong></span> <span class='ocrx_word' id='word_1_710' title='bbox 926 4722 1110 4810; x_wconf 85' lang='lat' dir='ltr'><strong>magistrali</strong></span> <span class='ocrx_word' id='word_1_711' title='bbox 1133 4744 1246 4805; x_wconf 90' lang='lat' dir='ltr'><strong>super·</strong></span> <span class='ocrx_word' id='word_1_712' title='bbox 1300 4722 1440 4788; x_wconf 88' lang='lat' dir='ltr'><strong>donatus</strong></span> <span class='ocrx_word' id='word_1_713' title='bbox 1462 4731 1513 4788; x_wconf 88' lang='lat' dir='ltr'><strong>est</strong></span> <span class='ocrx_word' id='word_1_714' title='bbox 1534 4745 1554 4788; x_wconf 92' lang='lat' dir='ltr'><strong>a</strong></span> <span class='ocrx_word' id='word_1_715' title='bbox 1574 4733 1676 4807; x_wconf 89' lang='grc'><strong>22222,</strong></span> <span class='ocrx_word' id='word_1_716' title='bbox 1696 4733 1864 4790; x_wconf 88' lang='grc'><strong>202202222</strong></span> <span class='ocrx_word' id='word_1_717' title='bbox 1891 4745 1929 4790; x_wconf 92' lang='grc'><strong>22</strong></span> <span class='ocrx_word' id='word_1_718' title='bbox 1950 4728 2052 4792; x_wconf 89' lang='grc'><strong>200122</strong></span> <span class='ocrx_word' id='word_1_719' title='bbox 2073 4728 2188 4807; x_wconf 88' lang='lat' dir='ltr'><strong>faciat,</strong></span> <span class='ocrx_word' id='word_1_720' title='bbox 2217 4731 2275 4796; x_wconf 91' lang='lat' dir='ltr'><strong>sed</strong></span> 
     </span>
     <span class='ocr_line' id='line_1_53' title="bbox 273 4805 2277 4895; baseline 0.006 -26"><span class='ocrx_word' id='word_1_721' title='bbox 273 4805 348 4871; x_wconf 90' lang='grc'><strong>21110</strong></span> <span class='ocrx_word' id='word_1_722' title='bbox 370 4816 579 4889; x_wconf 90' lang='lat' dir='ltr'><strong>prosternant</strong></span> <span class='ocrx_word' id='word_1_723' title='bbox 600 4809 655 4892; x_wconf 93' lang='lat' dir='ltr'><strong>qui</strong></span> <span class='ocrx_word' id='word_1_724' title='bbox 674 4810 720 4875; x_wconf 89' lang='lat' dir='ltr'><strong>sic</strong></span> <span class='ocrx_word' id='word_1_725' title='bbox 742 4811 776 4874; x_wconf 93' lang='lat' dir='ltr'><strong>in</strong></span> <span class='ocrx_word' id='word_1_726' title='bbox 789 4812 1014 4895; x_wconf 85' lang='lat' dir='ltr'><strong>Augustinum</strong></span> <span class='ocrx_word' id='word_1_727' title='bbox 1032 4810 1247 4893; x_wconf 82' lang='lat' dir='ltr'><strong>proterviunt.</strong></span> <span class='ocrx_word' id='word_1_728' title='bbox 1299 4809 1401 4873; x_wconf 88' lang='lat' dir='ltr'><strong>vitam</strong></span> <span class='ocrx_word' id='word_1_729' title='bbox 1424 4830 1552 4893; x_wconf 92' lang='lat' dir='ltr'><strong>quoque</strong></span> <span class='ocrx_word' id='word_1_730' title='bbox 1573 4829 1666 4874; x_wconf 89' lang='lat' dir='ltr'><strong>suam</strong></span> <span class='ocrx_word' id='word_1_731' title='bbox 1692 4810 1854 4892; x_wconf 89' lang='lat' dir='ltr'><strong>inspiret,</strong></span> <span class='ocrx_word' id='word_1_732' title='bbox 1876 4810 2018 4895; x_wconf 89' lang='lat' dir='ltr'><strong>adeoque</strong></span> <span class='ocrx_word' id='word_1_733' title='bbox 2039 4835 2142 4877; x_wconf 90' lang='lat' dir='ltr'><strong>unum</strong></span> <span class='ocrx_word' id='word_1_734' title='bbox 2165 4816 2277 4882; x_wconf 88' lang='lat' dir='ltr'><strong>nebie-</strong></span> 
     </span>
     <span class='ocr_line' id='line_1_54' title="bbox 361 4893 2275 4982; baseline 0.007 -27"><span class='ocrx_word' id='word_1_735' title='bbox 361 4893 563 4957; x_wconf 87' lang='lat' dir='ltr'><strong>Vicesimum</strong></span> <span class='ocrx_word' id='word_1_736' title='bbox 596 4897 730 4961; x_wconf 86' lang='lat' dir='ltr'><strong>tertium</strong></span> <span class='ocrx_word' id='word_1_737' title='bbox 759 4906 990 4979; x_wconf 84' lang='lat' dir='ltr'><strong>argumentum</strong></span> <span class='ocrx_word' id='word_1_738' title='bbox 1021 4915 1088 4959; x_wconf 88' lang='grc'><strong>202</strong></span> <span class='ocrx_word' id='word_1_739' title='bbox 1122 4895 1248 4961; x_wconf 87' lang='grc'><strong>2122022</strong></span> <span class='ocrx_word' id='word_1_740' title='bbox 1301 4913 1376 4958; x_wconf 90' lang='lat' dir='ltr'><strong>eum</strong></span> <span class='ocrx_word' id='word_1_741' title='bbox 1399 4897 1464 4959; x_wconf 88' lang='lat' dir='ltr'><strong>fiat.</strong></span> <span class='ocrx_word' id='word_1_742' title='bbox 1510 4895 1606 4961; x_wconf 89' lang='lat' dir='ltr'><strong>Ultra</strong></span> <span class='ocrx_word' id='word_1_743' title='bbox 1628 4895 1714 4960; x_wconf 89' lang='lat' dir='ltr'><strong>hane</strong></span> <span class='ocrx_word' id='word_1_744' title='bbox 1736 4906 1857 4961; x_wconf 90' lang='lat' dir='ltr'><strong>metam</strong></span> <span class='ocrx_word' id='word_1_745' title='bbox 1883 4896 2035 4982; x_wconf 86' lang='lat' dir='ltr'><strong>progredi</strong></span> <span class='ocrx_word' id='word_1_746' title='bbox 2056 4919 2158 4981; x_wconf 91' lang='lat' dir='ltr'><strong>quum</strong></span> <span class='ocrx_word' id='word_1_747' title='bbox 2181 4903 2275 4968; x_wconf 80' lang='lat' dir='ltr'><strong>nefus</strong></span> 
     </span>
     <span class='ocr_line' id='line_1_55' title="bbox 272 4977 2274 5065; baseline 0.007 -27"><span class='ocrx_word' id='word_1_748' title='bbox 272 4977 451 5055; x_wconf 86' lang='lat' dir='ltr'><strong>proferunt.</strong></span> <span class='ocrx_word' id='word_1_749' title='bbox 514 4980 619 5045; x_wconf 89' lang='lat' dir='ltr'><strong>Nemo</strong></span> <span class='ocrx_word' id='word_1_750' title='bbox 650 4983 739 5048; x_wconf 91' lang='lat' dir='ltr'><strong>enim</strong></span> <span class='ocrx_word' id='word_1_751' title='bbox 778 4990 934 5047; x_wconf 50' lang='lat' dir='ltr'><strong>nostrum¹</strong></span> <span class='ocrx_word' id='word_1_752' title='bbox 967 4982 1149 5065; x_wconf 88' lang='lat' dir='ltr'><strong>reperietur</strong></span> <span class='ocrx_word' id='word_1_753' title='bbox 1188 4981 1249 5046; x_wconf 89' lang='lat' dir='ltr'><strong>hoo</strong></span> <span class='ocrx_word' id='word_1_754' title='bbox 1300 4980 1357 5059; x_wconf 90' lang='lat' dir='ltr'><strong>eit,</strong></span> <span class='ocrx_word' id='word_1_755' title='bbox 1386 5002 1452 5045; x_wconf 92' lang='lat' dir='ltr'><strong>non</strong></span> <span class='ocrx_word' id='word_1_756' title='bbox 1479 4980 1543 5044; x_wconf 90' lang='lat' dir='ltr'><strong>alio</strong></span> <span class='ocrx_word' id='word_1_757' title='bbox 1569 4979 1705 5046; x_wconf 90' lang='lat' dir='ltr'><strong>consilio</strong></span> <span class='ocrx_word' id='word_1_758' title='bbox 1732 4982 1916 5048; x_wconf 88' lang='lat' dir='ltr'><strong>institutam</strong></span> <span class='ocrx_word' id='word_1_759' title='bbox 1943 5005 2014 5048; x_wconf 90' lang='grc'><strong>2220</strong></span> <span class='ocrx_word' id='word_1_760' title='bbox 2035 5005 2172 5050; x_wconf 89' lang='lat' dir='ltr'><strong>coenam</strong></span> <span class='ocrx_word' id='word_1_761' title='bbox 2193 4987 2274 5054; x_wconf 90' lang='lat' dir='ltr'><strong>dici·</strong></span> 
     </span>
     <span class='ocr_line' id='line_1_56' title="bbox 268 5066 2272 5153; baseline 0.009 -32"><span class='ocrx_word' id='word_1_762' title='bbox 268 5091 478 5112; x_wconf 76' lang='lat'><em>—--—-</em></span> <span class='ocrx_word' id='word_1_763' title='bbox 1299 5088 1384 5143; x_wconf 91' lang='lat' dir='ltr'><strong>mus,</strong></span> <span class='ocrx_word' id='word_1_764' title='bbox 1406 5067 1471 5132; x_wconf 90' lang='lat' dir='ltr'><strong>nisi</strong></span> <span class='ocrx_word' id='word_1_765' title='bbox 1493 5076 1532 5131; x_wconf 90' lang='lat' dir='ltr'><strong>ut</strong></span> <span class='ocrx_word' id='word_1_766' title='bbox 1549 5066 1610 5133; x_wconf 92' lang='lat' dir='ltr'><strong>hcc</strong></span> <span class='ocrx_word' id='word_1_767' title='bbox 1620 5066 1717 5133; x_wconf 89' lang='lat' dir='ltr'><strong>modo</strong></span> <span class='ocrx_word' id='word_1_768' title='bbox 1726 5069 1989 5145; x_wconf 83' lang='lat' dir='ltr'><strong>coalescamusin</strong></span> <span class='ocrx_word' id='word_1_769' title='bbox 2006 5089 2125 5153; x_wconf 90' lang='lat' dir='ltr'><strong>corpus</strong></span> <span class='ocrx_word' id='word_1_770' title='bbox 2135 5072 2272 5139; x_wconf 87' lang='lat' dir='ltr'><strong>Christi.</strong></span> 
     </span>
     <span class='ocr_line' id='line_1_57' title="bbox 344 5151 2273 5239; baseline 0.002 -17"><span class='ocrx_word' id='word_1_771' title='bbox 344 5162 369 5222; x_wconf 73' lang='lat'><strong>1)</strong></span> <span class='ocrx_word' id='word_1_772' title='bbox 388 5167 605 5238; x_wconf 78' lang='lat' dir='ltr'><strong>phssoeophique.</strong></span> <span class='ocrx_word' id='word_1_773' title='bbox 829 5181 833 5189; x_wconf 94' lang='lat'>·</span> <span class='ocrx_word' id='word_1_774' title='bbox 1299 5152 1366 5219; x_wconf 90' lang='grc' dir='ltr'><strong>Η10</strong></span> <span class='ocrx_word' id='word_1_775' title='bbox 1387 5152 1488 5218; x_wconf 88' lang='lat' dir='ltr'><strong>stulte</strong></span> <span class='ocrx_word' id='word_1_776' title='bbox 1509 5151 1810 5239; x_wconf 85' lang='lat' dir='ltr'><strong>Magdeburgcnses</strong></span> <span class='ocrx_word' id='word_1_777' title='bbox 1836 5156 2083 5239; x_wconf 89' lang='lat' dir='ltr'><strong>promissionem</strong></span> <span class='ocrx_word' id='word_1_778' title='bbox 2112 5156 2153 5222; x_wconf 93' lang='lat' dir='ltr'><strong>de</strong></span> <span class='ocrx_word' id='word_1_779' title='bbox 2174 5179 2273 5226; x_wconf 80' lang='lat' dir='ltr'><strong>carne</strong></span> 
     </span>
    </p>
   </div>
   <div class='ocr_carea' id='block_1_3' title="bbox 0 0 2399 5844">
    <p class='ocr_par' dir='ltr' id='par_1_3' title="bbox 0 0 2399 5844">
     <span class='ocr_line' id='line_1_58' title="bbox 0 0 2399 5844; baseline 0 0"><span class='ocrx_word' id='word_1_780' title='bbox 0 0 2399 5844; x_wconf 95' lang='lat' dir='ltr'><strong> </strong></span> 
     </span>
    </p>
   </div>
  </div>
 </body>
</html>
