4724 5886
209 300 371 370 xxvm
809 293 1080 364 morasus
1102 293 1634 370 55555551555155555.

213 495 317 556 555555
331 489 463 573 previas
483 488 608 571 555555
630 508 668 553 ee
688 486 789 554 nitito
810 506 875 552 esse
896 489 1103 566 nonpossint
1122 503 1202 564 qnae
1228 483 1403 567 sipnifiees,
1428 484 1582 549 nimirum
1608 504 1630 548 5
1656 484 1737 549 uiris
1762 483 1824 565 fide
1844 484 1950 571 <lienis
1970 485 2120 551 55555555
2140 484 2208 569 tibi

214 601 259 670 Et
274 602 426 667 indicium
447 600 571 682 quiden
591 604 635 665 est
655 599 771 681 eapitis
791 597 908 683 eprepie
929 595 1076 662 eerebrosi
1092 595 1271 677 perditique
1292 599 1321 660 et
1341 594 1494 677 deplorati
1515 595 1551 659 in
1568 614 1618 676 eo,
1646 595 1792 676 55555555
1819 600 1877 676 est,
1900 595 1955 677 qni
1975 596 2137 678 5555555555
2157 617 2211 663 no

212 715 297 778 mine
318 711 516 794 supposititio
536 715 641 777 55555
654 715 681 775 te
694 711 737 776 55
757 714 898 775 sentem
918 713 1056 788 55555555
1078 711 1124 772 est
1144 705 1360 793 architectatus
1381 713 1477 772 oaett
1510 705 1615 772 Addit
1636 708 1736 772 etiam
1758 705 1917 771 nonnulla
1939 707 1979 772 de
2001 705 2209 777 castellionis

212 823 479 913 annotationibus
500 822 536 886 in
558 819 638 903 (lap.
659 820 721 886 IX.
745 820 788 886 ad
808 821 978 885 Romanos
1007 839 1088 902 quas
1109 818 1211 901 igitur
1231 838 1269 883 eo
1291 838 1376 883 anno
1398 818 1465 882 iam
1487 817 1658 902 evulgatas
1678 819 1777 884 fuisse
1797 819 1894 883 noris.
1939 816 2071 885 (lalviui
2093 820 2209 902 episto-

211 936 289 1014 lam,
311 935 472 1018 adquam
494 933 548 999 hio
568 933 624 1000 illa
646 931 832 1015 respondet,
855 930 1057 1015 deperditam
1079 928 1319 1007 desideramus;
1339 930 1486 1012 sequitur
1504 937 1615 995 autem
1635 929 1740 1015 altera
1762 950 1790 996 a
1812 929 1843 994 d.
1865 928 1945 994 VII.
1967 929 2042 995 idus
2063 930 2209 1015 Augusti

212 1046 342 1128 scripta,
366 1067 408 1111 ex
430 1065 494 1128 qua
521 1044 602 1111 haec
630 1023 849 1127 excerpimus:
887 1041 1039 1120 Gestatio,
1065 1041 1145 1106 5575
1171 1041 1273 1121 55555,
1302 1061 1365 1106 non
1392 1042 1500 1108 minna
1525 1040 1681 1107 virulento
1703 1047 1747 1105 est
1768 1040 1865 1107 leuia
1891 1061 1987 1122 quem
2008 1041 2161 1109 55555555
2181 1047 2210 1108 et

206 1158 368 1238 perones.
414 1155 583 1222 Omitetem
604 1155 741 1235 5555555,
763 1175 871 1238 nerine
891 1158 925 1217 nt
945 1152 1136 1232 5555555555,
1158 1173 1255 1234 wem
1274 1157 1378 1219 temen
1398 1152 1480 1218 nite
1490 1153 1689 1237 erropentins
1704 1152 1783 1236 fietpi
1803 1157 1902 1234 queat.
1947 1152 2102 1218 tentam
2118 1152 2209 1219 illectu

212 1268 371 1334 atrocitas
390 1269 426 1332 in
447 1288 495 1332 me
510 1266 640 1349 probris
659 1266 809 1348 refertum
830 1267 899 1348 ipse
919 1269 947 1330 et
968 1263 1028 1328 olii
1049 1265 1307 1330 consarcinarent
1326 1284 1360 1329 55
1380 1263 1511 1330 oonsilio
1532 1269 1565 1328 ut
1586 1263 1709 1329 subitus
1729 1265 1766 1328 in
1785 1283 1834 1330 me
1854 1265 1988 1346 57555555
2006 1269 2207 1348 eornnrperet

213 1378 320 1463 Lonpe
339 1379 453 1460 5555555
479 1383 560 1444 sant.
613 1377 700 1442 Nam
726 1377 857 1443 555555
881 1380 1009 1440 senatus
1034 1380 1070 1439 nt
1093 1376 1172 1441 5555
1200 1375 1345 1459 tepente
1365 1376 1500 1441 555555.
1550 1373 1730 1440 Militare
1757 1395 1820 1440 non
1842 1376 1930 1442 55555
1945 1380 2125 1459 promptam
2144 1375 2209 1458 fnit

212 1490 443 1556 eolnmniernm
463 1489 590 1555 5555555
611 1490 771 1568 tumere,
792 1489 846 1554 sed
868 1487 962 1553 etiam
982 1492 1152 1553 mentae
1173 1488 1208 1551 in
1228 1495 1330 1552 555555
1351 1487 1474 1552 tantm
1495 1486 1648 1568 55555555
1668 1487 1772 1552 odiose
1792 1486 1939 1553 55555555
1957 1487 2071 1570 fueret.
2114 1487 2208 1552 Haec

212 1602 324 1668 omnia
344 1601 534 1684 neutiquam
555 1600 597 1664 ad
620 1600 875 1667 controversiam
897 1599 938 1664 de
958 1596 1255 1682 praedestinatione
1276 1605 1310 1663 et
1329 1597 1537 1682 providentia
1554 1605 1703 1663 exortam
1713 1599 1889 1681 pertinent,
1910 1599 1968 1664 sed
1985 1597 2206 1664 omninoSer·

211 1715 338 1780 veticae
360 1733 477 1780 causae
499 1711 708 1778 corollarium
728 1712 871 1791 filerunt,
899 1718 933 1776 et
953 1711 1010 1778 vix
1032 1710 1220 1776 dubitamus
1248 1709 1329 1792 quin
1350 1708 1489 1789 libellus,
1512 1729 1610 1792 quem
1630 1708 1789 1776 Calvinus
1817 1732 1837 1776 a
1859 1709 2056 1776 Ousnlfionc
2082 1716 2111 1778 et
2132 1710 2208 1799 otiis

210 1825 460 1890 renuendum
481 1823 567 1903 dicit,
590 1824 662 1908 ipsa
682 1823 823 1888 Martini
843 1822 942 1887 Ballii
961 1823 1085 1887 famosa
1106 1822 1207 1887 fuerit
1227 1820 1385 1905 Farrago.
1417 1820 1557 1886 Interim
1580 1842 1622 1886 ex
1643 1819 1705 1887 bac
1726 1821 1916 1888 confusione
1938 1828 2038 1887 uatus
2060 1830 2110 1888 est
2128 1842 2208 1906 quo-
2273 1840 2276 1847 ·

213 1934 355 2000 rundam
376 1955 476 2014 error,
499 1936 555 2017 qui
576 1933 710 2000 alterius
731 1933 821 1998 illius
842 1953 903 1999 neo
923 1934 1033 1998 minus
1054 1934 1189 1999 acerbae
1210 1931 1412 2015 infelieisque
1432 1931 1502 1997 litis
1523 1932 1654 1997 initium
1681 1932 1724 1998 ad
1750 1954 1873 1998 annum
1905 1937 1984 1998 1554
2014 1933 2129 1999 referri
2151 1932 2207 1998 de-

211 2045 289 2111 bere
310 2045 459 2113 arbitrati
481 2053 568 2112 sunt

365 2158 416 2224 Ne
437 2159 532 2242 plura
559 2159 640 2224 citra
668 2157 897 2223 necessitatem
925 2175 1153 2239 congeramus,
1181 2156 1291 2239 ipsum
1311 2153 1546 2220 castellionem
1573 2154 1689 2223 ducem
1717 2165 1751 2220 et
1771 2159 1965 2225 monitorem
1986 2160 2074 2226 uaotu'
2096 2178 2208 2224 rerum

211 2278 379 2356 gestarum
397 2271 514 2336 seriem
526 2268 635 2334 dubiis
656 2267 793 2335 liberam
804 2288 1031 2351 proponemus.
1065 2265 1174 2348 Quam
1196 2276 1308 2332 tamen
1327 2265 1451 2331 nonita
1460 2267 1553 2333 nobis
1574 2267 1630 2331 ille
1651 2265 1848 2334 declaratam
1866 2270 2054 2359 suppeditat
2074 2279 2113 2335 ut
2129 2270 2208 2336 sim·

211 2381 341 2465 pliciter
361 2383 398 2445 in
419 2383 488 2446 eius
510 2378 620 2445 verbis
642 2380 820 2446 subsistere
840 2379 1011 2462 possimus,
1037 2398 1156 2444 verum
1176 2386 1287 2444 tamen
1314 2378 1394 2442 talia
1419 2377 1516 2442 offert
1547 2379 1664 2460 quibus
1685 2378 1799 2444 sedulo
1821 2383 1973 2464 expensis
1995 2381 2074 2447 nodi
2094 2402 2207 2448 omnes

211 2493 295 2559 solvi
316 2513 410 2576 posse
431 2490 594 2556 videntur.
638 2489 780 2574 Scripsit
800 2489 954 2556 Oastellio
977 2511 1089 2556 meuse
1110 2491 1201 2557 Maio
1232 2511 1259 2555 a.
1286 2491 1367 2554 1558
1388 2489 1608 2571 Defensionem
1628 2489 1672 2554 55
1693 2496 1832 2556 eumen
1849 2491 1923 2558 tert
1943 2494 1995 2558 orei
2015 2493 2126 2559 titulus
2147 2497 2207 2558 est:

213 2603 398 2670 0555555555
414 2602 580 2682 55555555,
603 2602 655 2667 oui
677 2602 812 2669 accessit
833 2621 945 2668 mense
956 2599 1149 2685 Septembre
1160 2601 1332 2684 Appendie
1352 2622 1417 2684 qua
1437 2622 1473 2666 se
1495 2599 1642 2667 defendit
1662 2609 1776 2668 eontra
1792 2603 1899 2668 Besae
1922 2605 2079 2689 scriptum
2100 2622 2208 2686 nuper

211 2715 350 2780 editum:
380 2713 553 2794 Responsio
574 2715 617 2780 55
640 2713 706 2779 see.
729 2711 928 2785 castellionis
948 2713 1132 2779 eetnmnies.
1181 2712 1348 2778 Insertum
1374 2712 1514 2796 legimus
1542 2712 1631 2779 hunc
1653 2712 1861 2781 Castelliouis
1887 2716 2035 2783 libellum
2060 2717 2208 2784 eiusdem

211 2825 400 2911 Opusoulis,
424 2824 560 2892 Goudae
585 2829 666 2889 1613
688 2825 857 2909 impressis
877 2845 953 2909 pag.
966 2828 1135 2889 341-382
1154 2832 1188 2890 ct
1209 2823 1342 2908 quidem
1363 2845 1401 2889 eo
1422 2823 1566 2909 perlecto
1588 2845 1654 2890 nou
1672 2826 1838 2909 potuimus
1856 2847 1923 2892 non
1941 2827 2136 2913 adstipulari
2155 2829 2207 2895 his

211 2939 269 3022 qui
289 2938 326 3002 in
347 2944 413 3003 toto
430 2936 492 3003 hoo
512 2936 644 3022 negotio
667 2937 737 3002 eius
758 2936 952 3003 modestiam
972 2934 1251 3016 commendarunt,
1273 2937 1509 3019 intemperatae
1520 2933 1654 3002 Oalviui
1671 2937 1907 3019 vehementiae,
1930 2941 2070 3024 nequid
2093 2941 2207 3007 durius

211 3049 371 3129 dimmus,
401 3050 521 3115 mirum
543 3055 703 3133 quantum
723 3047 980 3133 praeferendam.
1028 3037 1156 3114 Verum
1183 3047 1235 3114 his
1262 3048 1391 3114 omissis
1418 3055 1535 3114 testem
1562 3055 1709 3114 nostrum
1738 3048 1779 3115 de
1805 3049 1940 3117 historia
1967 3054 2207 3120 coutroversiae

210 3160 375 3228 literariae
397 3158 559 3226 dicentem
586 3161 623 3226 in
643 3158 789 3227 medium
817 3159 1027 3245 producimus
1055 3160 1188 3243 eiusque
1217 3158 1313 3226 dictis
1339 3159 1483 3224 examini
1511 3158 1664 3226 subiectis
1691 3169 1839 3227 nostram
1863 3165 2059 3229 senteutiam
2080 3165 2207 3230 sincera

210 3271 458 3356 exprimendam
480 3278 751 3356 superstruemus.
801 3269 919 3337 Oratio
947 3273 1017 3337 eius
1045 3271 1091 3338 sio
1118 3271 1262 3338 decurrit
1286 3271 1308 3337 l.
1336 3271 1358 3336 l.
1387 3292 1461 3356 pag.
1485 3275 1547 3335 342
1569 3292 1671 3356 seqq.:
1702 3271 1868 3356 Sumpsisti
1888 3279 1993 3340 55555
2014 3279 2111 3340 meet
2137 3275 2206 3342 ulia

208 3385 349 3467 5555555
372 3388 500 3466 nenne
521 3385 556 3448 tn
578 3382 668 3465 tibris
689 3384 755 3449 tais
771 3389 800 3449 et
819 3384 855 3448 in
870 3384 992 3465 primis
1011 3381 1132 3450 libettm
1150 3384 1230 3450 dnos
1251 3384 1445 3450 nominatim.
1502 3383 1605 3450 Unum
1630 3384 1791 3467 55555555
1816 3405 1899 3450 anno
1924 3385 2039 3469 555555
2058 3407 2205 3468 samone,

209 3497 301 3560 euius
321 3496 433 3561 titulus
452 3501 511 3560 est:
537 3494 732 3579 η1555555555
753 3495 775 3559 i
795 3496 946 3562 nmtnes
967 3495 1134 3560 solonates
1154 3499 1183 3561 et
1202 3494 1393 3577 blespttetnes
1414 3501 1485 3562 ene
1537 3495 1682 3560 Altnum
1707 3494 1761 3561 boe
1783 3515 1877 3576 anno,
1904 3496 1961 3562 troc
1987 3497 2093 3565 titula
2128 3496 2207 3577 „Oa-

209 3606 348 3672 tnmnioe
366 3605 527 3672 nebulonis
548 3607 712 3672 55555555
732 3610 803 3672 etc“
851 3605 894 3671 In
905 3606 1017 3687 priore
1038 3627 1086 3672 me
1106 3605 1323 3673 nominastis
1345 3607 1462 3672 uubis:
1506 3604 1624 3691 „Getny
1645 3608 1702 3690 qni
1722 3628 1744 3672 5
1769 3608 1909 3691 compost
1928 3608 2044 3676 leserit
2069 3610 2130 3676 soit
2151 3609 2206 3676 Se·

209 3716 329 3782 bnstien
352 3716 500 3784 0555555
520 3739 561 3784 ou
581 3718 710 3800 5555555
729 3716 917 3783 5555515555.“
953 3717 996 3782 In
1010 3719 1181 3800 posteriore
1201 3737 1358 3799 55555555
1374 3723 1409 3784 tn
1430 3719 1554 3800 quiden
1574 3739 1622 3784 nee
1642 3719 1868 3799 nominasset
1887 3721 1934 3786 ite
1954 3722 2207 3805 55555οηί55555

210 3835 246 3894 nt
267 3829 368 3894 555555
388 3850 448 3895 non
470 3832 576 3896 minna
591 3831 795 3913 pnspiennm
815 3830 860 3895 sit
876 3831 912 3895 in
932 3848 1023 3912 55555
1044 3828 1213 3909 innuen,
1231 3849 1328 3912 qwm
1347 3831 1379 3894 si
1398 3849 1448 3896 nte
1468 3831 1652 3895 5555555555
1671 3830 1857 3914 5555515555.
1890 3831 1933 3897 15
1952 3839 2079 3914 555555
2099 3838 2205 3898 enea

209 3960 259 4005 me
279 3941 425 4022 55555555
444 3942 482 4007 55
497 3942 783 4022 proededinatione
803 3945 832 4006 et
853 3940 969 4006 omitte
988 3940 1054 4006 Dei
1068 3941 1269 4022 5555555555
1289 3960 1386 4023 piem
1406 3960 1428 4006 5
1449 3960 1498 4006 me
1525 3942 1653 4023 scriptis
1681 3944 1861 4027 5555555νὶ
1882 3950 1912 4010 et
1931 3945 2001 4010 edio
2022 3943 2205 4028 invidiaque

210 4052 344 4135 proveri
370 4052 451 4118 elicis
478 4058 507 4118 et
534 4053 628 4118 obiter
649 4072 746 4134 55555
766 4052 875 4119 multis
901 4071 950 4117 me
976 4051 1151 4118 meditatis
1182 4052 1387 4134 metaneae
1401 4053 1596 4137 praecinctis,
1625 4057 1692 4118 tnnt
1720 4054 1755 4119 in
1776 4056 1896 4137 5555575
1921 4053 2119 4137 5555555555
2144 4055 2204 4120 eri·

209 4163 332 4228 minum
352 4163 523 4230 insimules
544 4184 624 4246 5555
644 4166 734 4232 etuti
752 4164 859 4248 plodio
874 4164 1043 4245 55555555
1063 4168 1145 4228 sunt.
1193 4162 1250 4228 Ad
1270 4163 1345 4230 5555
1366 4165 1472 4231 onmia
1493 4163 1549 4229 tibi
1569 4165 1678 4232 ordine
1698 4167 1882 4250 5555555555
1883 4214 2042 4231 ......
2065 4166 2115 4232 Aa
2130 4168 2205 4248 pri

209 4295 298 4339 mum
319 4276 399 4357 qnod
420 4275 463 4341 55
483 4276 602 4357 scripte
624 4277 730 4342 555555
748 4275 832 4358 fotis
859 4276 1016 4341 iniuriam
1042 4275 1122 4340 mibi
1143 4276 1194 4340 oni
1215 4274 1320 4342 aena
1341 4275 1472 4341 555555.
1524 4276 1613 4343 Nem
1638 4278 1790 4361 55555555
1817 4277 1898 4342 illud
1921 4276 2072 4359 55555555
2098 4284 2205 4347 conto

120 4389 122 4393 ’
210 4385 292 4468 qaod
311 4390 346 4450 tn
367 4387 487 4466 sudis,
509 4391 630 4451 tentum
651 4387 734 4453 obest
754 4393 790 4452 nt
810 4407 913 4453 555555
933 4388 985 4467 sit,
1007 4391 1043 4451 nt
1063 4387 1099 4453 iet
1120 4407 1157 4452 ne
1178 4387 1303 4468 ’555555
1320 4408 1461 4470 anquam
1483 4389 1527 4454 55
1546 4388 1628 4455 tren
1649 4390 1733 4456 55555
1753 4387 1896 4453 venem.
1946 4385 2036 4453 Sicut
2056 4410 2110 4456 nee
2131 4390 2205 4458 alte·

209 4516 283 4562 rem
303 4502 410 4563 conte
431 4498 511 4578 qnod
532 4498 634 4564 eodem
654 4499 817 4580 55555555
837 4519 921 4565 nano
941 4499 1075 4564 5555555
1102 4498 1241 4565 55555555
1259 4500 1401 4578 mirati,
1418 4499 1478 4566 loe
1492 4501 1597 4567 ttene:
1621 4499 1756 4578 „Breuis
1776 4499 1937 4579 55555555
1953 4500 1996 4568 Ν.
2018 4502 2062 4568 od
2081 4503 2204 4569 diluen-

208 4610 270 4675 555
294 4608 455 4675 munis
481 4610 648 4675 winsten
672 4610 850 4676 calumnias
877 4610 990 4692 555555
1018 4612 1191 4677 docuinam
1217 4611 1256 4676 55
1282 4616 1407 4677 aeterno
1432 4611 1497 4678 Dei
1518 4611 1803 4695 mcedntnetione
1826 4610 1953 4693 foetere
1979 4619 2107 4680 conones
2130 4620 2202 4681 est.“

212 4720 2206 4809 Quodsiteeoeecnsereuotes,qnodmenoncntosetdnbitentnfeceisantcran,qneereeneeteenripitnrme

209 4832 257 4896 uel
277 4832 455 4899 5555555555
474 4834 698 4912 nnnineeeris,
725 4833 755 4898 si
783 4831 864 4898 5555
885 4838 1013 4916 555555
1039 4836 1241 4901 centenum
1267 4834 1423 4901 55555559
1473 4834 1529 4900 An
1556 4839 1592 4898 nt
1611 4833 1752 4899 odiosum
1771 4855 1819 4900 nee
1839 4835 2009 4903 redderes?
2053 4837 2100 4903 At
2119 4840 2206 4905 55555

210 4948 255 5008 est
275 4944 411 5010 bominis
431 4964 552 5027 555555
579 4945 716 5010 comiti.
766 4944 824 5011 An
847 4946 929 5027 5555
954 4947 1143 5012 cannenses
1167 4945 1333 5012 55555559
1382 4945 1429 5011 At
1453 4947 1539 5014 istud
1564 4951 1610 5012 est
1633 4945 1759 5028 5555555
1780 4947 1926 5029 minati.
1976 4947 2027 5013 De
2048 4949 2205 5015 Artiaelis

210 5074 296 5134 uero,
323 5058 461 5122 selenen
481 5078 524 5123 on
545 5058 682 5124 insciens
709 5057 788 5134 miti
806 5057 889 5140 subo
910 5079 961 5124 eos
982 5057 1116 5137 tribues,
1138 5057 1275 5122 nondam
1285 5058 1463 5139 pesenae
1477 5057 1580 5140 potui.
1628 5056 1717 5138 Quot
1733 5059 1764 5123 si
1781 5059 1992 5142 setensteten
2013 5061 2204 5138 malitiosum

210 5170 271 5232 est:
293 5168 346 5232 555
365 5169 511 5251 incarn,
530 5170 742 5235 temerarium
776 5170 975 5238 Alterutrum
995 5175 1073 5236 certo
1095 5186 1215 5234 5555555
1236 5171 1281 5233 est
1301 5174 1330 5236 et
1350 5170 1504 5235 55555555
1520 5187 1674 5251 perenm
1694 5175 1765 5236 tuoe
1786 5171 2081 5240 indecentissinnm.
2116 5170 2204 5238 Nom
