4776 5844
242 308 286 373 st
1006 303 1226 373 SECUNDA
1247 300 1484 370 enumero
2206 303 2247 368 48

243 492 280 560 in
308 513 385 560 eum
410 489 568 571 invehar,
604 513 664 576 pro
692 499 802 559 vestm
827 491 1004 576 prudentia
1030 497 1065 558 et
1091 495 1166 572 [pag.
1186 496 1220 572 t]
1271 489 1370 558 Unde
1390 491 1492 557 etiarn
1513 489 1654 576 emergit
1673 489 1817 557 altcrm
1838 489 1967 576 dogma,
1995 509 2052 556 ore
2073 488 2169 575 impii
2189 486 2250 555 ho·

244 578 423 663 aequitate,
458 576 577 662 quibus
609 598 663 643 me
690 577 834 644 stimulis
866 577 908 644 ad
969 579 1014 643 rit
1034 576 1219 662 expendite.
1272 576 1372 642 minis
1393 596 1460 642 non
1477 595 1571 643 secus
1587 575 1788 661 ingurgitari
1800 575 1827 660 ¹)
1843 573 1968 643 Christi
1986 595 2103 660 eorpus
2120 580 2156 639 et
2171 594 2250 641 san·

243 663 409 730 Haereses
437 669 472 730 et
493 662 685 743 haereticos,
707 662 882 730 diabolicas
903 662 1134 748 basphemias,
1157 663 1220 728 im·
1272 661 1408 746 guinem
1437 682 1537 746 quam
1563 681 1684 746 panem
1712 668 1747 727 et
1772 660 1899 728 uinum.
1949 659 2019 741 Qui
2040 661 2080 726 fit
2100 657 2191 726 enim
2212 666 2251 725 ut

242 749 333 834 piam
354 748 536 833 scripturae
557 748 818 849 abnegationem,
846 749 1051 815 eversionem
1073 748 1221 814 omnium
1271 755 1342 814 tarn
1363 747 1576 831 pertinaciter
1604 745 1729 812 aIuda
1755 765 1823 811 non
1848 746 1960 812 minas
1985 766 2086 829 quam
2106 764 2128 810 a
2146 744 2250 812 Petra

212 889 217 896 .
243 853 421 912 sacrorum
440 840 475 900 et
494 833 655 900 eiusmodi
672 834 820 902 conficis
841 833 978 901 subinde
999 840 1119 917 erepat
1153 832 1220 898 De·
1272 841 1440 917 sumptum
1467 833 1569 899 fuisse
1596 831 1724 898 Christi
1750 852 1867 915 eorpus
1895 831 2052 910 affirmet,
2080 830 2147 897 nisi
2173 831 2251 915 qnia

242 920 433 1070 ffquffi
453 919 518 1069 allio
540 926 667 1070 spdactat
688 918 780 1000 liber,
803 920 926 1071 nisinqrft
947 939 1007 985 nos
1029 917 1220 1070 anathemet
1271 915 1968 1071 lsrofflfiiffiredulitatesubstantitqusigni
1988 915 2251 1069 nonDrgrintatuss

1148 1025 1161 1067 1
1575 1024 1629 1068 rro
1660 1023 1706 1067 uu
1956 1023 2021 1068 uae
2171 1022 2211 1068 er

244 1026 335 1172 &d
360 1026 530 1156 miliinhioi
552 1026 721 1157 rssiiiiuhh
735 1025 841 1169 ufiriil,e
857 1025 989 1156 nisierrii
1015 1023 1220 1155 hrrilhmhodo
1271 1026 1419 1155 minimi¹
1434 1024 1654 1156 consehianea
1675 1023 1912 1172 eshfflhntnparii
1933 1023 2088 1154 busson
2115 1024 2251 1155 οοζοοω

244 1182 393 1276 aptarem
410 1174 529 1240 durum
551 1196 705 1254 cuneum,
716 1178 741 1254 ¹)
768 1197 811 1242 ne
837 1174 900 1241 sibi
925 1176 961 1241 in
987 1195 1048 1242 sua
1069 1173 1221 1242 vecordia
1272 1196 1367 1242 snam
1387 1173 1648 1241 substantialiter
1669 1174 1791 1258 affigat
1840 1173 1927 1239 Nam
1948 1171 2037 1257 quod
2055 1172 2250 1253 obtendunt,

243 1260 343 1327 nimis
363 1259 532 1345 placeret?
583 1261 747 1346 Equidem
775 1261 804 1326 si
825 1261 977 1327 homines
996 1261 1079 1328 istos
1097 1259 1221 1326 molliri
1272 1258 1451 1326 absurdum
1468 1279 1540 1326 esse
1559 1260 1586 1325 si
1609 1257 1651 1324 ab
1667 1257 1839 1325 hominum
1859 1256 1925 1325 fide
1946 1257 2089 1358 pendeat
2109 1257 2250 1342 promis·

242 1367 339 1431 posse
360 1366 436 1430 spes
457 1352 560 1426 esset,
587 1368 655 1412 non
681 1366 867 1413 recusarem
894 1346 1055 1413 demissus
1082 1365 1121 1411 ac
1142 1366 1220 1430 snp-
1271 1346 1401 1412 sionum
1421 1344 1488 1410 Dei
1506 1345 1637 1422 veritas,
1659 1343 1751 1410 nullo
1772 1345 1903 1429 negotio
1925 1342 2071 1409 diluitur.
2115 1342 2251 1410 Diserte

243 1431 321 1516 plex
354 1431 510 1498 ecclesiae
537 1451 652 1515 paoem
676 1431 846 1498 redimere.
903 1430 972 1498 Sed
1003 1452 1067 1515 quo
1096 1432 1220 1496 feratur
1271 1432 1359 1496 enim
1381 1436 1543 1496 testamur
1563 1428 1694 1496 nullam·
1711 1429 1977 1496 incredulitatem
1998 1427 2139 1509 obstare,
2169 1430 2251 1514 quin

243 1517 393 1601 ipsorum
414 1516 587 1596 violentia,
616 1516 766 1583 omnibus
794 1518 875 1583 satis
903 1527 1020 1583 nutum
1048 1523 1107 1582 est
1150 1515 1219 1580 Ita·
1271 1536 1367 1583 suam
1388 1516 1459 1582 vim
1485 1522 1519 1580 et
1539 1522 1692 1580 naturam
1723 1517 1865 1581 retineat
1886 1535 1979 1581 sacru
2000 1513 2127 1581 Christi
2154 1515 2250 1581 insti-

264 1623 307 1668 ue
333 1621 442 1667 meam
473 1602 509 1666 in
542 1603 607 1668 ista
638 1599 759 1668 duritie
791 1602 963 1669 tractanda
995 1602 1221 1674 austeritatem
1271 1602 1367 1680 tutio,
1389 1602 1469 1684 quin
1490 1600 1648 1666 offeratur
1673 1621 1712 1666 ac
1734 1600 1829 1666 detur
1851 1600 2005 1667 omnibus
2022 1620 2098 1667 caro
2120 1600 2192 1667 eius
2212 1601 2251 1665 in

241 1623 308 1755 hei
329 1708 374 1771 qu
415 1708 456 1752 ue
477 1688 665 1772 exemplum
687 1694 837 1767 excusat,
869 1689 927 1771 qui
960 1708 996 1753 se
1015 1686 1221 1770 pronunciat
1271 1687 1476 1772 spiritualem
1496 1686 1606 1753 cibum
1627 1694 1661 1751 et
1680 1686 1716 1751 in
1738 1693 1851 1770 potum
1872 1686 2022 1785 sangtris,
2050 1685 2130 1770 quin
2152 1685 2251 1770 panis

242 1794 310 1840 non
341 1792 439 1839 moo
468 1773 697 1840 inclementius
730 1779 881 1838 acturum
909 1793 985 1838 cum
1016 1772 1219 1856 praefractis,
1271 1793 1387 1840 vorum
1415 1773 1460 1838 sit
1491 1773 1600 1839 carnis
1633 1771 1821 1856 symbolum
1856 1779 1890 1837 et
1920 1791 2036 1837 vinum
2068 1771 2249 1856 sanguinis,

242 1856 302 1925 sed
319 1863 432 1925 conha
449 1878 505 1924 eos
521 1859 742 1941 praefractum
761 1857 831 1924 fore
849 1858 1017 1943 (Psalle,
1036 1861 1100 1936 26).
1136 1855 1219 1922 Cae-
1270 1860 1351 1943 quin
1372 1857 1487 1923 stabile
1508 1877 1546 1923 ac
1567 1866 1677 1923 ratum
1694 1856 1739 1924 sit
1755 1855 1842 1940 quod
1852 1855 2008 1923 Christus
2028 1878 2047 1922 e
2067 1855 2156 1923 coelo
2173 1877 2251 1941 pro·

242 1951 352 2010 terum
362 1943 424 2009 etsi
440 1942 524 2008 mihi
532 1965 663 2039 summo
674 1943 784 2011 studio
793 1944 865 2023 fuit,
888 1965 958 2009 rem
969 1944 1073 2026 ipsam
1094 1943 1220 2025 reeta²)
1271 1944 1417 2024 nunciat,
1440 1963 1567 2026 corpus,
1589 1941 1677 2027 quod
1698 1943 1800 2009 semel
1816 1943 1854 2007 in
1870 1942 2066 2008 sacnficium
2086 1942 2174 2026 patri
2190 1942 2251 2009 ob-

242 2029 402 2113 persequi,
425 2034 464 2094 ut
484 2029 525 2094 ab
543 2029 615 2095 eius
636 2030 832 2094 tractatione
850 2049 951 2113 quam
972 2028 1148 2093 minimum
1171 2026 1220 2091 di·
1270 2029 1356 2108 tulit,
1376 2050 1466 2095 nunc
1486 2026 1674 2093 hominibus
1694 2029 1731 2092 in
1752 2027 1946 2094 alimentum
1967 2028 2095 2093 offerre.
2128 2025 2169 2094 Si
2185 2026 2251 2094 hoo

242 2112 1220 2282 r
1271 2111 2252 2284 a...

2043 2248 2052 2278 5

242 2305 312 2350 non
328 2290 388 2361 ost,
421 2304 585 2350 summam
603 2286 705 2351 totius
733 2292 865 2350 nostrae
887 2284 1132 2367 disceptationis
1159 2283 1220 2347 tri·
1272 2291 1475 2352 sacramento
1496 2292 1670 2367 propterea
1690 2283 1867 2368 quidquam
1894 2282 2067 2351 decedere:
2099 2283 2179 2367 quia
2194 2282 2251 2349 in·

241 2369 436 2437 bus‘rerbis
455 2370 678 2454 perstringere
699 2368 818 2436 licebit.
867 2370 920 2436 De
941 2369 1089 2453 legitimo
1110 2388 1219 2435 sacra-
1270 2378 1402 2454 tegrum
1423 2376 1545 2435 manet.
1580 2367 1773 2436 Swundum
1790 2369 1991 2453 quaestionis
2007 2374 2192 2452 eaputnon-
2205 2388 2252 2435 ex

242 2460 433 2521 mentorum
455 2476 528 2534 usu,
551 2453 713 2539 dignitate
734 2462 768 2521 et
788 2454 934 2522 efficacia
954 2463 1145 2522 reverenter
1165 2473 1220 2519 me
1272 2455 1336 2521 clio
1368 2455 1458 2521 fonte
1486 2455 1611 2532 oritur,
1647 2475 1746 2538 quam
1778 2475 1821 2520 ex
1850 2454 1948 2519 modo
1979 2454 2251 2521 communicatio·

242 2540 306 2606 scri
330 2539 420 2618 sisse,
439 2559 482 2605 ne
502 2540 574 2622 ipse
595 2537 725 2625 quidem
748 2548 858 2625 negat.
898 2539 1007 2622 Quam
1029 2538 1144 2606 dextre
1164 2538 1220 2605 vel
1271 2541 1334 2621 nis,
1356 2561 1453 2622 quem
1465 2539 1683 2624 Westphalus
1704 2559 1780 2605 unm
1798 2539 1943 2624 corporis
1960 2537 2086 2605 Christi
2105 2538 2251 2604 immam

243 2645 304 2691 eru
328 2624 372 2690 'te
393 2625 465 2690 eius
491 2623 626 2707 iudicio,
660 2625 744 2691 nihil
775 2646 899 2704 moror,
929 2624 1058 2709 quando
1090 2623 1221 2709 pietatis
1271 2626 1369 2692 sitate
1390 2625 1572 2692 necessario
1593 2625 1804 2692 coniunctum
1824 2645 1896 2690 esse
1916 2630 2025 2708 putat:
2048 2623 2115 2690 nisi
2135 2644 2251 2691 coram

243 2708 376 2776 laudem
398 2710 439 2776 ab
460 2709 594 2776 inimico
616 2709 700 2776 mihi
716 2711 817 2778 tribui
838 2712 918 2777 satis
937 2717 996 2777 est
1016 2744 1019 2749 ·
1040 2711 1093 2777 De
1115 2709 1220 2776 tribus
1271 2713 1408 2777 sistatur
1429 2709 1554 2776 Christi
1577 2731 1709 2794 corpus,
1738 2717 1839 2794 nogat
1864 2730 1944 2775 rere
1963 2709 2211 2776 communicari.
2218 2707 2251 2795 ²)

241 2815 322 2879 ergo
343 2794 504 2878 capitibus
524 2795 694 2861 residuum
712 2795 761 2861 illi
784 2803 837 2862 est
854 2802 1035 2863 certamen:
1058 2796 1136 2880 qnia
1161 2815 1220 2878 pa·
1271 2797 1341 2863 Nos
1362 2803 1478 2861 contra
1496 2795 1687 2879 excipimus,
1708 2795 1856 2861 locorum
1873 2794 2030 2862 distantia
2045 2815 2113 2861 non
2133 2794 2251 2879 probi·

241 2901 320 2946 nem
341 2900 461 2946 coenae
482 2880 556 2947 vult
576 2879 835 2947 substantialiter
856 2902 929 2949 esse
950 2879 1219 2964 oorpusChristi;
1270 2883 1341 2949 beri
1367 2883 1564 2947 immensam
1591 2881 1726 2964 spiritus
1754 2881 1927 2959 drtutem,
1954 2898 2041 2964 quae
2072 2880 2176 2947 uitam
2204 2902 2251 2947 ex

242 2963 361 3031 deinde
382 2972 421 3031 ut
437 2965 591 3033 Christum
612 2973 820 3050 praesentem
837 2988 873 3033 se
894 2965 1045 3033 fidelibus
1065 2967 1101 3031 in
1118 2984 1220 3033 coena
1272 2967 1397 3035 Christi
1425 2987 1523 3032 carne
1550 2966 1587 3031 in
1618 2987 1680 3032 nos
1707 2966 1917 3032 transfundit
1975 2969 2050 3045 [pag.
2068 2971 2102 3046 7]
2133 2965 2251 3050 Atque

243 3050 412 3131 exhibeat,
440 3050 514 3118 vult
534 3052 730 3119 immensum
760 3072 832 3118 esse
854 3053 924 3118 eius
945 3072 1071 3136 corpus,
1094 3059 1128 3117 et
1147 3050 1220 3117 ubi·
1270 3053 1325 3120 hic
1348 3053 1512 3138 detegitur
1533 3072 1647 3117 eorum
1668 3051 1876 3135 improbitas,
1901 3051 1959 3134 qui
1980 3048 2092 3117 odiose
2112 3050 2150 3116 in
2171 3051 2251 3118 vul·

242 3157 307 3288 que
327 3156 400 3204 esse
421 3145 516 3203 extra
536 3137 660 3218 locum,
682 3138 781 3205 tertio
790 3137 916 3203 nnllam
926 3137 963 3202 in
973 3135 1082 3204 verbis
1093 3135 1220 3203 Christi
1271 3161 1333 3224 gua
1354 3144 1524 3223 spargunt,
1546 3157 1607 3202 nos
1629 3136 1757 3203 Christi
1776 3137 1997 3222 praesentiam
2018 3156 2038 3201 a
2058 3156 2160 3202 coena
2180 3135 2250 3201 tol-

267 3242 383 3307 guram
415 3221 489 3288 vult
521 3221 666 3302 admitti,
704 3222 858 3307 quamvis
894 3221 935 3287 de
966 3243 1002 3288 re
1034 3222 1219 3289 conveniat.
1270 3226 1354 3304 lere,
1386 3224 1463 3309 quia
1494 3222 1559 3288 Dei
1589 3224 1771 3306 potentiam
1799 3243 1900 3289 sensu
1930 3227 2042 3288 nostro
2078 3221 2248 3287 metimur.

243 3307 343 3374 Tanti
368 3307 521 3374 aestimat
547 3307 659 3374 verbis
679 3307 885 3392 morffiow)
911 3308 1079 3388 insistere,
1107 3314 1145 3372 ut
1166 3328 1219 3373 saa
1271 3310 1375 3393 Quasi
1396 3330 1475 3376 vero
1492 3307 1592 3373 huius
1612 3307 1763 3394 mysterii
1789 3306 1974 3373 sublimitas
1995 3306 2132 3372 humani
2151 3307 2248 3392 inge-

242 3393 310 3459 tius
339 3392 384 3459 sit
410 3392 542 3460 concuti
568 3400 676 3460 totum
702 3393 830 3473 orbem
862 3413 961 3477 quam
983 3393 1221 3478 expositionem
1270 3396 1318 3461 nii
1339 3403 1471 3480 captum
1492 3414 1561 3459 non
1581 3400 1723 3477 superet,
1752 3393 1934 3471 Christum,
1956 3391 2035 3459 lieet
2055 3392 2093 3457 in
2112 3390 2248 3459 molesti

242 3477 348 3544 ullam
368 3476 507 3544 admitti.
556 3478 627 3545 Nos
654 3499 788 3546 carnem
810 3478 937 3545 Christi
963 3485 997 3544 et
1024 3479 1220 3564 sanguinem
1270 3481 1377 3566 gloria
1395 3486 1538 3558 maneat,
1560 3479 1667 3563 quoad
1688 3479 1834 3564 corporis
1854 3477 2035 3558 saisitum,
2057 3496 2178 3544 aroana
2195 3483 2248 3543 ta-

105 3565 106 3568 ’
241 3582 320 3630 vere
348 3563 443 3630 nobis
470 3563 508 3627 in
534 3583 637 3630 coena
662 3564 775 3629 offerri
802 3564 995 3644 asserimus,
1028 3570 1067 3630 ut
1093 3564 1220 3630 animas
1269 3587 1349 3633 men
1370 3566 1506 3650 spiritus
1527 3564 1637 3649 gratia
1657 3564 1700 3630 ad
1721 3585 1780 3631 nos
1804 3562 2009 3642 descendere,
2037 3569 2076 3629 ut
2095 3582 2159 3629 nos
2180 3562 2247 3629 sibi

241 3654 372 3714 nostras
392 3649 576 3715 vivifioent:
605 3669 666 3715 nso
687 3647 842 3750 ambigua
862 3655 913 3714 est
930 3657 1045 3716 nostra
1065 3648 1218 3728 definitio,
1270 3653 1380 3717 unitus
1408 3650 1496 3718 vitae
1522 3671 1603 3716 suae
1635 3651 1733 3717 faciat
1758 3649 1943 3733 participes.
1998 3646 2104 3729 Quasi
2132 3646 2248 3714 minus

241 3753 311 3798 non
338 3732 437 3800 ahter
464 3733 527 3799 hoc
553 3734 719 3818 spirituali
747 3733 920 3814 ahmento,
952 3732 1037 3819 quod
1063 3734 1159 3800 nobis
1183 3734 1220 3799 in
1271 3736 1442 3822 splendide
1473 3735 1610 3800 extollat
1641 3734 1706 3800 Dei
1738 3735 1936 3819 potentiam,
1974 3734 2032 3818 qui
2067 3733 2171 3801 vitam
2202 3754 2246 3799 ex

243 3837 346 3885 coena
366 3818 513 3898 offertur,
535 3820 683 3905 vegetari
703 3819 844 3897 amma,
871 3839 970 3903 quam
991 3839 1128 3904 corpora
1143 3839 1220 3885 nos·
1271 3843 1370 3890 earne
1398 3820 1527 3887 Christi
1553 3821 1591 3885 in
1616 3840 1677 3886 nos
1704 3820 1845 3886 influere
1872 3818 1981 3899 docet,
2014 3839 2114 3904 quam
2141 3819 2201 3902 qui
2227 3839 2247 3882 e

244 3909 300 3968 tra
320 3924 406 3986 pane
423 3909 555 3970 terreno
576 3905 719 3970 aluntur.
763 3903 856 3971 Vera
874 3904 977 4004 igitur
999 3909 1072 3985 [pag.
1093 3909 1128 3985 e]
1149 3925 1221 3970 car·
1270 3907 1360 3976 coelo
1382 3907 1452 3972 eius
1473 3925 1607 3973 carnem
1627 3904 1724 3987 elicit,
1752 3912 1793 3971 ut
1812 3905 1908 3972 nobis
1928 3905 1973 3970 sit
1995 3905 2133 3972 mutua
2176 3903 2247 3970 ne-

243 3988 298 4054 nis
320 3994 355 4053 et
375 3989 546 4072 sanguinis
566 3988 692 4056 Christi
712 3990 921 4074 participatio
942 3990 978 4055 in
1000 4005 1102 4058 coena
1123 4011 1219 4056 ano-
1269 3994 1357 4059 viter
1377 3992 1461 4059 haec
1482 4012 1571 4058 nunc
1592 3991 1707 4071 delibo,
1736 4012 1821 4075 quae
1841 3991 1946 4057 fusius
1966 3996 2001 4058 ot
2028 3990 2160 4057 uberius
2192 4009 2246 4053 re-

242 4073 293 4139 bis
319 4073 484 4139 statuitur.
542 4074 595 4140 De
623 4096 702 4142 voce
729 4074 931 4142 substantiae
961 4076 990 4141 si
1021 4076 1094 4159 quis
1126 4075 1219 4140 litem
1270 4079 1404 4163 perietis
1425 4076 1494 4144 suis
1514 4076 1595 4144 locis
1616 4076 1773 4161 exposita
1818 4078 1869 4143 Au
1890 4097 1934 4142 ne
1954 4097 2012 4143 vos
2034 4096 2055 4142 a
2075 4073 2151 4140 libri
2178 4072 2248 4140 leo·

240 4165 381 4237 moveat,
404 4157 575 4225 Christum
597 4160 773 4227 asserimus
795 4180 815 4225 a
836 4161 945 4227 carnis
965 4181 1044 4227 snae
1065 4161 1218 4227 substan·
1270 4165 1361 4229 tione
1382 4162 1505 4228 diutius
1524 4182 1681 4243 remorer,
1704 4161 1746 4229 de
1766 4161 1882 4228 ulfmo
1903 4161 2011 4246 capite
2031 4161 2098 4226 iam
2119 4156 2248 4243 aliquid

240 4242 289 4308 tia
309 4241 414 4308 vitam
435 4243 472 4307 in
494 4244 621 4310 animas
643 4252 772 4313 nostras
793 4247 934 4330 spirare:
964 4246 1031 4311 imo
1051 4247 1218 4329 propriam
1270 4249 1441 4334 attingam.
1485 4247 1587 4314 Nefas
1607 4248 1775 4314 existimat
1796 4266 1954 4331 quaerere
1975 4266 2042 4331 quo
2062 4265 2164 4312 sensu
2185 4263 2247 4328 pa-

240 4329 277 4393 in
297 4346 360 4393 nos
380 4329 486 4394 vitam
508 4329 708 4410 diffundere,
735 4331 833 4397 modo
859 4352 903 4396 ne
928 4352 1001 4417 qua
1015 4331 1219 4398 substantiae
1270 4355 1349 4399 nem
1370 4333 1524 4400 Christus
1546 4332 1667 4399 dixerit
1687 4353 1807 4418 corpus
1829 4352 1942 4412 suum,
1970 4333 2047 4417 quia
2067 4329 2248 4398 uerborum

240 4413 418 4480 transfusio
456 4415 611 4498 fingatur.
654 4415 749 4483 Haeo
783 4416 994 4483 inexorabilis
1031 4417 1219 4483 iracundiae
1270 4420 1404 4487 claritas
1430 4439 1562 4484 omnem
1588 4418 1825 4502 expositionem
1850 4418 1985 4502 respuit.
2039 4416 2109 4482 Nos
2134 4421 2248 4481 autem

240 4519 342 4566 causa
363 4505 414 4564 ost
433 4498 643 4583 Westphnlo,
666 4499 752 4584 quod
773 4523 875 4585 quum
892 4501 1059 4569 vivificam
1081 4522 1153 4569 esso
1169 4502 1218 4568 fa-
1270 4504 1313 4570 ad
1339 4502 1534 4570 familiarem
1561 4504 1741 4587 tritumque
1766 4504 1949 4587 scripturae
1975 4521 2102 4567 morem
2127 4519 2249 4583 prove-

241 4592 350 4650 temur
371 4582 497 4649 Christi
525 4605 673 4665 carnem,
701 4587 835 4669 eiusque
862 4608 922 4654 nos
950 4607 1029 4654 rere
1056 4587 1092 4651 in
1117 4608 1219 4655 coena
1270 4610 1398 4668 camus,
1427 4608 1511 4673 quae
1536 4589 1586 4655 rei
1607 4590 1754 4673 signatae
1775 4608 1905 4667 nornen,
1928 4587 2056 4672 quoties
2076 4584 2117 4652 de
2135 4604 2250 4652 saer*

241 4670 314 4735 fieri
335 4669 526 4754 participes,
554 4669 616 4737 hac
635 4671 844 4753 simplicitate
865 4692 933 4737 non
954 4679 1138 4753 contentus,
1161 4694 1218 4739 ur·
1269 4675 1389 4740 mentis
1407 4674 1526 4758 agitur,
1548 4673 1591 4739 sd
1611 4674 1744 4759 signum
1764 4673 1874 4756 ipsum
1890 4673 2064 4739 transfert:
2086 4669 2181 4740 cuius
2197 4672 2252 4737 rei

242 4761 300 4840 get
320 4774 359 4820 ac
380 4754 550 4822 contendit
573 4776 693 4839 panem
714 4754 973 4824 substantialiter
994 4778 1114 4842 corpus
1135 4780 1215 4825 esse.
1269 4758 1458 4842 exemplum
1478 4780 1545 4825 non
1566 4759 1669 4826 semel
1689 4766 1748 4825 aut
1763 4759 1884 4824 iterum
1904 4758 2056 4838 occurrit,
2077 4754 2138 4822 sed
2157 4755 2251 4841 apud

1269 4847 1393 4929 peritos
1420 4851 1555 5013 pgpter
1581 4864 1675 4910 suam
1702 4844 1921 4928 frequentiam
1946 4845 2052 4910 instar
2077 4846 2131 4908 est
2156 4862 2250 4909 oom-

293 4992 341 5075 ⁶1)
360 4995 383 5050 si
400 5010 471 5064 non,
494 5008 596 5051 mnne
618 5000 699 5064 porte
721 4994 748 5050 le
767 4994 913 5063 proverbe,
937 4997 955 5051 t
976 4956 1043 5052 rude
1066 5010 1131 5053 asne
1150 4996 1217 5053 rude
1269 4951 1380 4998 mum
1400 4951 1436 4995 m
1535 4979 1544 4995 '
1576 4929 1692 5014 noque
1713 4937 1827 4996 tamon
1843 4950 1936 4996 mm
1956 4929 2065 5014 ψη
2079 4946 2251 5080 Qm

243 5075 342 5195 ”mii
360 5127 424 5184 uun
441 5129 585 5212 οιοῑςοοι.
685 5198 691 5211 Ι
1340 5134 1369 5201 ι)
1387 5134 1464 5257 ff·

311 5195 343 5265 8)
359 5211 463 5254 comme
479 5197 521 5254 s’rl
538 5198 579 5255 les
596 5205 705 5269 prenort
721 5199 739 5254 t
755 5197 842 5254 belles
859 5196 947 5255 mnu.
1338 5201 1370 5271 2)
1460 5204 1590 5273 pristesps
1606 5202 1696 5258 mocio
1712 5217 1767 5274 qao
1779 5207 1864 5272 pudo
1880 5200 1999 5259 um:
2015 5201 2147 5259 combam
