4776 5844
43 142 103 203 159
800 128 981 196 ptume
1002 125 1269 194 ADMONFIIO

38 342 242 491 astitit
285 316 1011 488 ttttttdfflhssttlltttttt
1061 314 1373 485 ttttldtttt
1393 314 2043 481 htmlttttdtthhd

37 495 180 580 elogium
213 491 275 557 hoo
314 490 474 574 posterius
506 488 655 566 adducit,
690 488 767 571 quia
798 487 862 554 uisi
894 508 1011 570 eorpus
1063 507 1131 552 non
1142 495 1280 565 mutare,
1304 508 1345 551 ue
1357 483 1430 552 ideo
1446 487 1628 570 baptismus
1647 495 1818 554 oeusoatur
1835 483 1949 551 nullus
1960 505 2042 562 esse,

36 579 163 648 Christi
179 587 267 644 asset
284 576 388 659 panis,
406 596 511 659 neque
528 573 619 640 oibus
637 574 786 645 vivifious
805 582 899 639 esset
944 573 1012 640 Re·
1064 573 1140 656 quia
1159 571 1337 646 ineredulis
1364 584 1497 656 propter
1524 573 1663 640 abusum
1689 594 1756 638 uon
1782 570 1924 655 prodest
1967 569 2044 669 IIao

31 663 195 749 'spondeat
216 682 403 746 nunoergo,
424 661 585 744 impiosno
606 660 749 726 vivifioet
765 659 861 744 panis
877 677 1011 726 ooenae:
1063 660 1190 724 ratione
1211 657 1239 724 si
1263 656 1349 724 dieat
1370 659 1578 742 Augustinus
1599 657 1718 723 Iudam
1746 657 1892 741 eorporis
1915 653 2043 722 Christi

36 750 114 904 3:¹32
135 749 286 902 triti-¹¹
299 746 801 916 tttffl‘stttttfftt’
824 743 1013 897 hiddi:
1062 742 1907 914 mitilsslsslmlfflliillfflbffiddnlssss
1915 741 2044 893 “hili

36 943 140 989 unum
161 921 242 987 oitat
263 942 304 986 ex
326 918 410 984 libro
432 917 537 996 XIX,
571 916 612 983 de
634 915 777 984 Civitate
799 917 878 995 Dei,
907 917 1012 1001 eapite
1063 923 1129 981 net
1154 916 1223 981 Neo
1235 935 1312 981 vero
1324 914 1420 981 aliter
1430 926 1533 981 staret
1543 914 1630 1000 quod
1642 915 1719 981 alibi
1734 917 1759 999 ¹)
1772 913 1814 980 ab
1825 915 1895 998 ipso
1906 913 2045 998 ponitur

35 1008 208 1092 vigesimo,
239 1004 379 1071 libenter
408 1003 507 1070 huius
534 1023 663 1087 quoque
691 1002 802 1068 mendi
823 1002 955 1086 eulpam
976 1002 1012 1066 iu
1063 999 1248 1077 disemmen,
1272 1000 1353 1067 alios
1374 1001 1553 1084 sumpsisse
1574 1021 1693 1086 panem
1711 1002 1900 1084 Dominum,
1923 997 2045 1065 Iudam

34 1094 208 1161 librarium
231 1091 453 1167 transferrem,
477 1088 541 1154 nisi
563 1109 598 1153 se
621 1087 772 1171 proderet
792 1087 930 1154 scelesta
952 1088 1013 1153 ho·
1064 1109 1130 1153 non
1163 1087 1226 1153 nisi
1258 1107 1376 1170 panem
1409 1087 1555 1154 Domini.
1610 1086 1682 1152 Imo
1715 1085 1931 1171 Westphalus
1970 1086 2044 1163 ise

34 1180 134 1246 minis
157 1177 312 1245 vafrities.
357 1175 488 1241 Reoitat
509 1182 607 1258 eaput
628 1175 838 1258 vigesimum,
866 1172 942 1239 libri
965 1175 1012 1239 vi·
1085 1173 1156 1238 ussi
1178 1173 1419 1255 praevarioator
1446 1194 1505 1239 nos
1527 1172 1676 1250 adiuvat,
1708 1172 1847 1238 Petrum
1868 1183 1902 1237 et
1923 1108 2044 1237 ludiim

36 1265 153 1350 gesimi
174 1264 282 1347 primi,
306 1260 360 1327 ubi
379 1281 420 1326 ex
443 1259 583 1332 aliorum
605 1281 714 1337 seusu,
737 1280 804 1326 non
826 1281 886 1326 suo
908 1259 1012 1343 loqui·
1063 1194 1104 1324 de
1126 1257 1239 1324 eodem
1261 1279 1346 1341 pane
1367 1257 1545 1340 nomedisse
1567 1259 1720 1325 referens.
1765 1259 1837 1324 Iam
1858 1258 1954 1341 quasi
1972 1261 2044 1324 Au·

36 1362 93 1416 tur
120 1350 340 1434 Augustinus.
391 1346 502 1430 Caput
529 1346 723 1429 vigesimum
756 1346 922 1428 quintum,
957 1343 1012 1410 ubi
1063 1344 1234 1428 giratirmm
1261 1344 1323 1410 sibi
1350 1346 1421 1410 iure
1444 1344 1681 1423 nundinarent,
1708 1345 1796 1411 looos
1817 1343 1944 1410 diluere
1967 1348 2045 1423 [pag.

36 1436 210 1504 obieotioni
237 1431 412 1516 respondet
432 1432 658 1516 Augustinus,
691 1430 819 1497 silentio
845 1432 1010 1515 praeterit
1065 1434 1120 1509 57]
1140 1430 1341 1515 aggreditur,
1370 1451 1449 1512 quos
1472 1453 1492 1496 a
1513 1429 1634 1496 nostris
1656 1428 1780 1515 perfide
1807 1438 1841 1495 et
1862 1428 2044 1515 depravate

35 1521 79 1587 Iu
101 1521 209 1588 verbis
229 1541 312 1603 quae
332 1517 480 1602 protulit,
503 1514 582 1582 adeo
605 1517 698 1583 uobis
719 1517 803 1582 nihil
825 1524 875 1584 est
895 1515 1011 1582 adver·
1063 1516 1178 1581 uitatos
1200 1516 1299 1582 husee
1321 1514 1407 1582 dioit
1452 1514 1546 1582 Soiro
1568 1526 1677 1581 autem
1700 1515 1803 1602 velim
1824 1516 1961 1582 ubinam
1979 1517 2044 1582 sita

36 1629 110 1674 sum
130 1616 169 1672 ut
190 1627 256 1672 non
276 1603 407 1670 aliunde
430 1607 504 1684 [pag.
518 1607 572 1682 54]
592 1623 674 1687 opus
691 1603 736 1668 sit
753 1603 920 1668 doetrinae
937 1623 1012 1667 nos·
1064 1602 1107 1689 sit
1129 1602 1266 1684 perfidia
1287 1601 1342 1668 vel
1364 1599 1564 1702 depravatio.
1614 1601 1670 1668 An
1697 1603 1773 1685 quia
1795 1601 1839 1667 sit
1859 1600 1986 1684 aliquid
2007 1601 2043 1667 in

36 1702 109 1758 trae
126 1701 238 1776 petere
260 1699 381 1757 oertam
404 1701 438 1755 et
462 1688 618 1771 liquidam
645 1689 876 1771 probationem.
922 1686 1012 1769 Quid
1063 1687 1174 1754 verbis
1193 1694 1369 1767 mutatum,
1392 1687 1487 1754 srouti
1509 1687 1727 1772 Westphalus
1754 1690 1824 1771 ipse
1850 1686 1942 1753 aliud
1963 1687 2043 1758 sub·

37 1779 126 1845 enim
148 1777 211 1844 hoo
233 1776 293 1842 sibi
312 1774 395 1851 vult,
419 1796 473 1840 eos
491 1775 546 1858 qui
567 1781 646 1839 suut
662 1775 697 1838 in
715 1774 787 1856 ipso
798 1772 923 1839 Christi
939 1794 1012 1840 oor-
1064 1770 1140 1838 inde
1162 1794 1221 1856 pro
1243 1772 1307 1839 alio
1328 1773 1496 1858 suggerit?
1525 1795 1569 1839 an
1591 1773 1676 1857 quod
1698 1773 1803 1839 nostri
1824 1794 1865 1839 ea
1885 1774 1922 1838 in
1943 1794 2043 1839 suum

36 1885 115 1949 pore
145 1885 212 1929 nou
240 1861 343 1928 solum
374 1868 595 1939 saoramonto,
628 1859 686 1924 sed
713 1881 749 1924 re
778 1860 850 1943 ipsa
882 1880 1012 1925 sumere
1063 1858 1269 1925 oommodum
1289 1857 1479 1942 torquendo,
1501 1879 1674 1943 perperam
1695 1859 1867 1943 ageuuino
1884 1879 1987 1925 sensu
2008 1859 2043 1924 in

36 1949 160 2016 Christi
183 1969 309 2031 eorpus,
332 1946 395 2012 nisi
418 1945 504 2028 quod
527 1944 637 2029 palam
659 1941 850 2024 ostenditur,
873 1944 1012 2028 duplici·
1064 1944 1209 2009 alienum
1230 1944 1452 2011 transferant?
1496 1946 1599 2028 Atqui
1620 1943 1783 2030 syllabam
1799 1945 1840 2011 ab
1861 1945 1942 2029 ipsis
1959 1943 2043 2010 falso

37 2044 89 2101 ter
109 2035 195 2101 sumi
212 2032 339 2100 Christi
360 2052 488 2116 eorpus,
511 2039 714 2096 saoramento
736 2030 905 2113 duntaxat,
925 2040 960 2098 et
976 2051 1012 2096 re
1064 2029 1258 2113 produotam
1270 2029 1762 2115 esseneWestphalusquidem
1773 2029 1867 2097 diuet
1896 2028 2042 2114 Ideoque

36 2117 709 2273 ttluiltltztfftitzstt
722 2117 1013 2270 mitt?
1065 2114 2043 2287 ffi‘ttdlhtlilhdttltifflthtttt

37 2292 182 2378 ligitur,
197 2311 264 2356 non
286 2289 381 2356 aliter
402 2285 570 2354 eomedere
590 2288 714 2370 ,impios
736 2286 862 2354 Christi
883 2307 1003 2371 eorpus
1088 2286 1139 2352 uis
1161 2288 1271 2353 miuus
1293 2287 1440 2372 apposite
1462 2295 1580 2354 testem
1601 2309 1661 2373 pro
1678 2308 1714 2353 se
1736 2288 1962 2374 Augustiuum
1984 2287 2043 2354 ad·

37 2399 136 2462 quam
156 2377 429 2476 signirespeotu:
462 2375 538 2458 quia
558 2373 692 2456 reipsa
720 2375 901 2473 privantur.
946 2339 1014 2440 Sed
1065 2309 1172 2451 iuuat,
1196 2372 1339 2456 perfidus
1356 2374 1477 2452 statim,
1499 2373 1938 2457 aodepravatoroeusendus
1956 2372 2041 2441 erit?

38 2484 121 2547 quae
154 2463 315 2546 vigesimo
352 2461 465 2543 quinto
497 2459 602 2544 eapite
643 2468 791 2542 sequrtur
829 2459 1012 2544 explicatio,
1066 2455 1124 2523 Sia
1157 2457 1290 2543 quidem
1323 2459 1430 2542 plaeet
1458 2457 1664 2542 Westphalo.
1718 2458 1788 2527 Neo
1819 2480 1900 2526 vero
1932 2460 2042 2545 legem

38 2548 137 2633 longo
158 2547 265 2631 magis
286 2543 442 2611 diluoida:
466 2545 522 2612 ubi
541 2545 791 2630 fortiternegat,
813 2545 1014 2611 manduoare
1064 2543 1150 2611 hane
1181 2546 1392 2628 quantumvis
1424 2544 1542 2611 duram
1573 2566 1695 2612 reoueo.
1751 2543 1936 2616 Suheamus
1963 2567 2042 2630 ergo
2229 2580 2264 2611 α

39 2654 157 2716 oorpus
168 2631 303 2711 Christi,
326 2632 383 2714 qui
403 2633 438 2696 in
456 2631 526 2696 eius
547 2629 702 2696 membris
719 2630 930 2714 oomputandi
946 2652 1014 2696 non
1065 2630 1220 2713 perfidiae
1242 2630 1377 2710 crimen,
1400 2629 1494 2696 modo
1511 2631 1674 2696 inscitiam
1686 2631 1755 2716 ipso
1767 2643 1934 2717 coarguat
1967 2630 2043 2697 Hae
2212 2657 2262 2698 z

38 2728 131 2786 sunt:
149 2719 226 2803 quia
243 2738 309 2783 uon
327 2724 468 2801 possunt
481 2715 580 2782 simul
590 2737 661 2782 esse
679 2723 713 2782 et
721 2717 868 2783 membra
879 2716 1014 2796 Christi,
1065 2718 1100 2781 in
1122 2724 1214 2798 parte
1237 2716 1342 2783 bonus
1361 2716 1414 2781 vir
1435 2716 1682 2801 tergiversatur.
1734 2716 1823 2799 Quid
1844 2716 1942 2783 enim.
1956 2717 2042 2784 faee-

38 2816 73 2871 et
90 2803 242 2870 membra
262 2803 451 2870 meretricis.
502 2802 549 2868 Et
567 2800 722 2869 ooutinuo
743 2811 833 2886 post,
862 2801 1014 2868 Christus
1065 2800 1141 2867 ret?
1186 2802 1232 2867 Et
1253 2823 1317 2885 quo
1339 2802 1472 2868 meliora
1494 2801 1685 2887 oompendio
1715 2824 1751 2869 se
1771 2801 1934 2887 expediat,
1956 2802 2042 2869 loea-

38 2891 110 2978 ipse
131 2889 256 2957 diaeum
290 2886 356 2970 Qui
383 2885 562 2955 manduoat
587 2909 719 2954 earnem
745 2909 852 2954 meam
880 2896 915 2954 et
935 2887 1017 2955 bibit
1066 2887 1136 2953 lem·
1152 2886 1280 2955 Christi
1308 2887 1344 2952 in
1366 2908 1467 2956 ooena
1487 2889 1707 2972 praesentiam
1735 2888 1814 2956 dioit
1846 2910 1906 2955 uos
1935 2888 2041 2956 tribus
2173 2910 2256 2953 <n

40 2975 236 3061 sauguinem
257 2995 368 3040 meum
390 2973 427 3038 in
449 2994 503 3039 mo
525 2982 637 3039 manet
654 2980 687 3038 et
703 2994 763 3057 ego
781 2975 817 3039 in
834 2994 882 3052 eo,
905 2985 1014 3040 osten·
1066 2973 1170 3040 modis
1192 2978 1266 3055 [pag.
1290 2979 1344 3055 58]
1367 2981 1529 3052 evertere,
1557 2974 1634 3058 quia
1654 2974 1709 3041 vel
1730 2983 1861 3058 tropum
1883 2975 2044 3060 aonfingi·
2139 3006 2257 3022 —-

39 3061 89 3128 dit
110 3060 190 3146 quid
210 3062 254 3127 sit
275 3082 342 3126 uon
357 3068 569 3125 -saorameuto
592 3068 697 3138 tenus,
724 3058 782 3124 sed
805 3064 880 3139 [pag.
900 3065 953 3140 55]
979 3065 1014 3125 r'e
1066 3081 1154 3139 mus,
1183 3059 1235 3126 vel
1264 3057 1470 3129 obtendimus
1498 3059 1703 3143 spiritualem
1724 3081 1796 3128 esse
1818 3058 2044 3129 mandueatio·
2133 3090 2255 3107 --
2380 3069 2381 3072 ’

39 3168 120 3214 vera
139 3167 179 3214 oo
219 3167 259 3212 us
280 3144 407 3212 Christi
433 3142 632 3210 mauduoare
660 3153 694 3211 et
721 3144 792 3211 eius
820 3146 1015 3230 sauguinem
1066 3167 1159 3224 nem,
1188 3143 1241 3211 vel
1262 3165 1381 3229 eorpus
1402 3144 1529 3212 Christi
1554 3167 1714 3231 negamus
1736 3167 1807 3213 esso
1832 3147 2043 3213 immensum.
2124 3192 2187 3207 ο
2202 3165 2253 3236 ⁴¹:

39 3233 159 3301 bibere.
229 3253 269 3298 ou
289 3239 341 3298 est
361 3230 503 3297 enimin
522 3230 656 3297 Christo
676 3251 820 3310 manere,
842 3241 879 3296 ut
900 3232 937 3296 in
957 3230 1014 3296 illo
1065 3230 1159 3298 Haeo
1185 3230 1294 3315 capita
1326 3251 1427 3315 quum
1454 3253 1496 3298 ex
1526 3232 1712 3316 Augustino
1739 3231 1909 3316 probanda
1938 3232 2046 3298 nostri
2092 3227 2255 3294 „ft-r
2360 3301 2361 3305 Ἰ

40 3327 172 3386 maneat
193 3323 227 3384 et
246 3315 409 3385 Christus.
457 3314 515 3382 Sio
543 3318 632 3382 enim
654 3316 717 3382 hoo
745 3315 830 3382 dixit
858 3325 1015 3401 tanquam
1067 3317 1279 3400 susoeperint,
1303 3318 1472 3384 videamus
1489 3338 1553 3400 quo
1575 3315 2046 3385 artifieioeosretellatWest·
2082 3331 2255 3370 --‘·

41 3405 178 3473 diceret:
207 3402 274 3485 Qui
297 3424 362 3468 non
384 3410 497 3468 manet
518 3402 644 3482 inme,
671 3411 704 3467 et
724 3401 759 3467 in
781 3422 844 3486 quo
865 3424 925 3487 ego
947 3423 1014 3468 uon
1067 3402 1195 3485 phalus
1230 3404 1279 3467 Ao
1301 3402 1342 3467 de
1364 3404 1471 3487 figura
1482 3402 1618 3486 quidem
1635 3400 1817 3487 disputans,
1840 3412 1950 3488 negat,
1975 3406 2045 3469 Au·
2078 3414 2254 3456 ⁴⁹2·
2353 3477 2354 3481 Ἰ

40 3512 166 3570 maneo,
188 3510 256 3554 nou
277 3511 313 3554 se
333 3487 420 3553 dieat
446 3495 504 3553 aut
531 3486 697 3553 existimet
725 3486 922 3554 manducare
944 3509 1014 3554 eor·
1067 3490 1236 3573 guatinum
1264 3509 1401 3572 usquam
1436 3488 1536 3554 verba
1563 3487 1703 3554 Christi:
1737 3489 1811 3556 Hoo
1842 3501 1893 3555 est
1915 3511 2045 3580 ¹oorpus
2062 3498 2255 3552 aaa
2345 3521 2351 3604 ἵ

41 3595 103 3661 pus
124 3597 236 3642 meum
258 3583 315 3640 aut
336 3573 447 3640 bibere
469 3574 662 3656 sanguinem
690 3594 810 3638 meum.
861 3574 934 3640 Hoo
955 3575 1014 3640 sti·
1067 3596 1187 3652 meum,
1210 3573 1257 3639 ita
1277 3574 1484 3658 interpretari
1507 3575 1600 3658 quasi
1622 3576 1715 3657 panis
1735 3595 1853 3658 eorpus
1870 3571 2254 3660 signifieat-:51-
2343 3619 2344 3622 κ

41 3660 130 3726 mulo
151 3661 269 3727 sinon
296 3682 317 3744 p
391 3659 457 3724 'tur
477 3657 710 3741 Westphalus,
739 3660 864 3726 eunetis
890 3661 1016 3742 patriae
1067 3659 1215 3726 Hooeine
1235 3669 1287 3725 est
1306 3659 1461 3743 perfidiae
1480 3661 1683 3740 eonviuoere,
1706 3662 1761 3728 ubi
1778 3661 1889 3727 verbis
1907 3661 2255 3727 minimeer
2335 3681 2340 3754 p

40 3766 121 3813 suae
142 3744 244 3811 bobus
265 3746 353 3829 stupi
378 3747 425 3811 'or
445 3755 504 3810 est
606 3818 609 3824 .
1067 3743 1213 3811 obsouris
1241 3746 1405 3824 instruoti,
1439 3746 1583 3829 ingenue
1611 3746 1778 3828 prodimus
1805 3747 1840 3811 in
1873 3729 2254 3838 mediuer-jl
2328 3812 2331 3829 ,

127 3829 217 3912 Citat
249 3852 291 3897 ex
322 3832 427 3914 primo
460 3829 542 3896 libro
575 3838 690 3895 eontra
721 3829 838 3915 literas⁴
860 3829 1016 3897 Petiliani
1068 3831 1248 3915 Augustini
1270 3832 1371 3898 verbs
1391 3840 1484 3909 suut,
1512 3830 1694 3897 Dominum
1715 3853 1783 3898 nou
1806 3829 1975 3899 dubitasse
1998 3833 2255 3899 di-l-l·
2325 3832 2329 3904 ί

41 3917 254 3991 sententiam,
282 3917 338 3983 uhi
366 3916 552 3981 disseruere
579 3914 731 3980 iubemur
757 3915 885 3981 visibile
907 3938 1015 3983 suora-
1067 3937 1154 3984 oere:
1187 3915 1260 3982 Hoo
1287 3927 1341 3982 est
1363 3938 1481 4000 eorpus
1503 3939 1627 3996 meum,
1660 3939 1761 4001 quum
1789 3919 1922 4002 siguum
1952 3910 2256 3985 marest
2319 3946 2322 3979 r

41 4008 192 4068 mentum
220 4003 261 4067 ab
288 4000 445 4073 invisibili
473 4000 628 4066 unctione
654 4001 811 4068 oammtia
855 4000 908 4066 De
936 3999 1016 4085 bap·
1068 4002 1211 4086 eorporis
1233 4003 1293 4068 sui.
1338 4000 1383 4068 Et
1404 4023 1561 4086 quorsum
1581 4003 1628 4067 ita
1648 4001 1814 4086 loquitur?
1843 4014 1881 4069 ut
1903 4005 2254 4089 scriptu-121·
2315 3985 2320 4054 l

42 4089 141 4155 tismo
163 4086 277 4152 illioA
367 4089 456 4154 tinus
478 4086 631 4170 disputat
665 4085 704 4153 Si
726 4109 792 4153 uon
813 4108 928 4153 omnes
949 4088 1015 4171 spi·
1068 4110 1140 4155 ram
1162 4109 1260 4172 saepe
1282 4089 1421 4172 figurate
1443 4088 1530 4172 loqui
1551 4089 1674 4172 probet.
1719 4087 1812 4156 Dioit
1829 4089 1906 4156 alibi
1929 4089 2252 4173 Chris-33⁸·
2305 4111 2312 4204 j

44 4174 112 4240 ritu
136 4171 278 4255 baptisat
329 4172 464 4248 hristus,
492 4173 548 4257 qui
573 4193 659 4256 aqua
676 4173 859 4257 tinguntur,
881 4193 925 4237 au
941 4171 1017 4238 inde
1069 4185 1140 4239 tum
1161 4175 1266 4256 primo
1287 4173 1438 4241 eonvivio
1460 4172 1578 4239 Iudam
1604 4172 1804 4253 adhibuisse,
1832 4175 1867 4240 in
1891 4196 1958 4258 quo
1981 4174 2249 4261 diser-Ala·
2301 4232 2304 4258 ;

66 4259 193 4325 rotinus
214 4267 376 4341 sequetur,
398 4257 515 4323 Iudam
532 4257 710 4325 eomedisse
728 4258 853 4326 Christi
875 4258 1015 4341 eorpus?
1068 4259 1186 4344 uipulis
1204 4261 1344 4344 figuram
1373 4261 1518 4344 eorporis
1543 4261 1595 4325 sui
1622 4259 1862 4327 commendavit
1888 4273 1922 4326 et
1945 4246 2246 4328 radifi·
2295 4258 2302 4353 Ῑ

40 4281 139 4428 1Cuod
162 4344 190 4410 si
211 4342 252 4408 de
273 4363 374 4408 eoena
394 4351 481 4409 esset
501 4365 617 4421 sermo,
640 4344 734 4410 nobis
756 4346 877 4428 optime
899 4345 1017 4411 suffra·
1068 4345 1125 4411 dit.
1170 4345 1261 4418 Dioit
1287 4346 1382 4425 item,
1411 4367 1528 4428 panem
1555 4365 1674 4412 eoenae
1704 4343 1943 4431 quodammodo
1976 4357 2240 4414 ωβιδθ
2285 4381 2294 4424 ,1

42 4432 114 4517 gari
136 4428 287 4509 dicerem,
309 4430 385 4512 quia
407 4428 501 4494 malis
523 4451 590 4497 nou
600 4429 668 4514 nisi,
685 4428 812 4496 visibile
832 4451 1017 4496 sacramen·
1069 4431 1194 4497 Christi
1215 4452 1342 4515 eorpus,
1366 4433 1442 4514 quia
1463 4441 1705 4497 saoramentum
1728 4442 1779 4498 est
1789 4433 1945 4517 eorporis.
1980 4435 2096 4500 Lo
2116 4445 2234 4491 ⁶¹⁰·
2285 4425 2291 4502 l

42 4528 115 4584 tum
136 4515 333 4582 oonoeditur.
377 4512 473 4596 Quod
496 4523 583 4580 oerte
600 4513 817 4599 Westphalus
838 4515 1017 4582 seeundum
1068 4539 1144 4584 oum
1171 4540 1212 4583 ex
1239 4517 1324 4583 libro
1345 4516 1400 4582 111
1428 4516 1468 4582 de
1496 4517 1655 4583 Dootrina
1681 4516 1860 4584 ohristiana
1890 4524 1967 4599 [pag.
1992 4535 2061 4586 52
2100 4514 2229 4591 ⁴⁶9]

42 4622 142 4671 auum
161 4601 357 4686 phantasma
377 4601 418 4665 ab
440 4599 597 4665 invisibili
619 4622 716 4687 earne
738 4601 865 4668 Christi
886 4600 1018 4668 differre
1069 4601 1267 4682 edisserens,
1298 4624 1396 4687 quam
1425 4602 1538 4669 dextm
1566 4601 1728 4669 elabitur?
1777 4604 1820 4669 In
1841 4626 1974 4689 genere,
1996 4608 2220 4672 i-:A-n-
2275 4557 2282 4652 l

44 4694 119 4769 [pag.
132 4693 186 4767 56]
208 4695 340 4752 annuet
374 4686 482 4751 Loous
504 4707 546 4750 ox
563 4684 645 4751 libro
667 4689 772 4771 primo
794 4696 910 4753 eontra
920 4687 1017 4754 Cres·
1070 4690 1149 4774 quit,
1173 4687 1326 4756 admonet
1347 4686 1468 4769 fideles,
1491 4711 1558 4755 nou
1580 4687 1783 4755 haerendum
1794 4693 1911 4757 essein
1932 4693 2042 4777 sign?
2056 4704 2208 4764 Mars
2262 4677 2274 4807 f

43 4774 174 4839 eonium
192 4772 454 4839 Grammatioum
476 4769 676 4856 (quanquam
694 4774 763 4856 ipse
782 4794 909 4856 quoque
926 4795 1018 4838 men·
1070 4776 1151 4859 quin
1172 4775 1285 4841 adres
1313 4774 1460 4860 signatas
1488 4775 1595 4861 magis
1623 4774 1742 4841 attenti
1768 4776 1846 4841 siut
1894 4777 1969 4845 Hoo
1997 4788 2200 4843 izzi-

44 4858 131 4932 doso,
155 4856 260 4941 quoad
283 4860 398 4941 eapitis
415 4878 598 4936 numerum,
620 4858 751 4924 oitatus:
774 4860 909 4940 ponitur
930 4861 1018 4925 enim
1070 4863 1166 4927 metsi
1188 4870 1299 4926 sanoto
1321 4861 1392 4926 viro
1413 4860 1586 4927 eonsilium
1606 4861 1706 4927 fuisse
1727 4882 1794 4927 uon
1815 4862 1949 4941 infitior,
1973 4862 2062 4928 d'-
2149 4853 2188 4921 li·

44 4943 170 5009 XXIII
198 4964 257 5028 pro
274 4943 392 5017 XXV)
415 4964 481 5008 non
503 4941 567 5007 alio
595 4943 709 5021 tendit,
733 4964 831 5025 quam
852 4944 1018 5030 improbos

46 5050 143 5094 usurn
176 5027 334 5096 donorum
362 5028 427 5096 Dei
455 5050 514 5096 suo
542 5029 645 5095 abusu
677 5050 892 5112 eorrumpere.
945 5030 1018 5097 Iuro
1140 5048 1169 5110 1)
1188 5049 1318 5104 Tractare
1335 5049 1363 5103 in
1380 5049 1475 5105 1oana
1492 5048 1535 5104 ω.
