4748 5798
193 250 254 315 453
767 250 832 316 AD
849 248 1231 319 Palaemonem
1249 252 1613 321 LUGDUNBNSEM.
1721 340 1723 343 ι
2128 265 2194 330 454

278 437 1167 526 Siquainnobisapparentsignapietatis,cavilipen·
1219 439 1368 506 iundiore
1388 441 1507 507 lacuna
1528 449 1616 511 ortas
1638 465 1717 510 csse.
1732 445 1756 527 ¹)
1799 447 1846 512 Et
1866 447 1949 514 forts
1971 448 2093 516 diub‘us
2112 449 2192 520 hae-

194 525 241 589 dit
249 524 394 603 Gabriel,
406 524 737 608 quodbaeretioorum
749 524 1167 610 sacrificiaDeusnonpro·
1217 528 1314 593 sisset
1334 528 1369 593 in
1391 528 1453 593 hoc
1473 529 1552 608 lute,
1573 530 1639 597 nisi
1659 551 1772 597 eornm
1783 533 1931 613 stultitia
1951 536 2010 619 qui
2030 537 2193 605 cmshsi-

193 609 256 676 bea
269 611 359 676 Esne
370 612 490 677 mentis
499 632 640 693 compos,
651 610 708 693 qui
718 631 819 693 quum
831 610 1066 693 nuperdixeris
1076 613 1168 677 omni
1219 633 1289 680 mos
1309 634 1608 697 quosqueerrorcs
1636 623 1715 683 tunc
1741 617 1914 686 defendere
1923 622 1952 706 ²)
1974 624 2081 687 conati
2102 634 2189 704 aaut,

194 717 332 762 excusso
358 695 482 780 pudore
511 717 572 762 nos
601 716 701 780 agere
727 696 830 761 vitam
866 696 1046 776 beluinam,
1078 719 1167 764 nuno
1217 698 1336 766 luisset
1363 701 1622 786 expergefactus.
1678 702 1769 769 Seite
1801 704 1933 771 alicubi
1950 704 2044 773 dicit:
2079 708 2190 776 Velim

193 782 324 865 pietatis
353 792 386 847 et
414 782 551 847 aliarum
579 781 737 847 virtutum
761 781 908 865 speciem
936 784 1031 849 nobis
1052 804 1166 850 conce-
1218 785 1330 865 nolim,
1352 795 1475 870 cogunt
1496 806 1550 851 me
1569 787 1750 855 adversm
1771 791 1807 855 in
1829 791 1981 858 diesfieri
2003 792 2188 861 doctiorem.

192 867 283 947 dens,
305 868 436 933 laudem
457 889 588 934 omnem
609 867 770 933 deformes
788 890 856 934 una
876 869 1049 935 haereseos
1067 868 1166 935 nota?
1217 870 1345 956 Nempe
1367 892 1468 955 quum
1497 893 1601 939 novas
1629 874 1768 941 subinde
1796 876 2025 945 absurditates·
2041 881 2189 947 cumula·

194 955 297 1036 Quasi
320 976 398 1020 vero
419 955 561 1036 aliquam
579 955 614 1019 in
632 954 727 1025 nobis
746 953 897 1020 haeresin
919 954 1165 1021 demonstrave
1217 967 1301 1036 rent,
1324 977 1383 1023 cur
1403 979 1470 1023 non
1490 959 1633 1042 aperiret
1652 960 1762 1028 oeulos
1780 961 1821 1026 ad
1833 963 2068 1031 consideranda
2085 987 2189 1049 papae

194 1043 254 1106 ris:
274 1040 343 1106 nisi
362 1040 450 1106 forte
469 1040 629 1106 Ieremias
650 1041 768 1119 verbis,
791 1061 874 1124 quae
896 1061 972 1105 mox
994 1041 1083 1129 citas,
1106 1062 1166 1105 nos
1218 1044 1390 1128 mysteria,
1419 1044 1598 1128 dequibus
1620 1046 1785 1130 ambigere
1806 1070 1975 1132 nunquam
1997 1071 2097 1116 ausus
2118 1053 2189 1118 lue-

194 1127 362 1192 cxistimes
390 1148 462 1192 reos
490 1128 616 1210 peragi:
652 1126 776 1205 Nolite,
804 1125 912 1209 inquit
931 1126 987 1191 ille
1010 1130 1077 1206 (23,
1101 1126 1164 1212 lb),
1217 1129 1291 1193 rat?
1325 1128 1468 1211 Quodsi
1490 1130 1668 1214 quidquam
1684 1140 1792 1198 asarta
1809 1133 2038 1215 celassedieis,
2054 1145 2190 1219 utpau·

194 1212 306 1278 audire
334 1211 435 1278 verba
462 1213 696 1296 prophetarum
725 1211 781 1294 qui
814 1212 955 1277 visiones
981 1210 1087 1279 cordis
1115 1214 1166 1278 sui
1216 1215 1310 1280 latim
1332 1223 1366 1279 ct
1386 1215 1515 1299 oblique
1537 1216 1696 1300 serpendo
1719 1239 1754 1284 se
1775 1218 1966 1300 insinuaret,
1989 1222 2046 1304 qui
2067 1244 2188 1288 conve·

194 1298 387 1381 loquuntur,
416 1305 449 1363 et
474 1320 540 1363 non
569 1319 610 1363 cx
632 1320 688 1364 ore
710 1319 791 1362 meo.
835 1297 935 1363 Item:
968 1296 1164 1378 Ourrebant,
1216 1301 1287 1365 niet
1307 1300 1388 1366 haec
1409 1301 1572 1367 simulatio
1595 1325 1669 1369 oum
1691 1305 1907 1385 vehementia,
1936 1328 2034 1390 quam
2055 1316 2093 1373 tu
2114 1307 2188 1392 plus

195 1392 227 1449 ct
247 1406 314 1450 non
336 1386 505 1450 mittebam
528 1405 584 1450 eos
612 1382 668 1469 (ib.
686 1405 718 1448 v.
738 1385 802 1467 21).
853 1383 968 1449 Placet
988 1407 1067 1450 sane
1089 1405 1164 1450 con·
1216 1406 1314 1470 quam
1335 1387 1496 1452 violenter
1517 1388 1686 1473 exagitas?
1722 1389 1851 1455 Deinde
1869 1392 1899 1457 si
1920 1399 2009 1457 totus
2028 1393 2190 1478 flagrabat

195 1469 282 1549 ditio,
305 1471 470 1536 neminem
491 1491 562 1536 esse
580 1468 789 1549 audiendum,
806 1470 869 1534 nisi
892 1470 1009 1552 quiex
1031 1469 1165 1535 oreDo·
1215 1494 1318 1557 papae
1340 1472 1423 1550 odio,
1452 1481 1574 1556 quanto
1595 1475 1712 1540 fuisset
1733 1476 1846 1542 utilius
1868 1478 2039 1562 multiplici
2062 1480 2189 1563 impetu

194 1557 274 1622 mini
296 1556 448 1640 loquitur.
482 1554 570 1637 Quid
593 1577 671 1640 crgo
693 1576 796 1639 papae
817 1554 894 1621 liet?
918 1554 970 1618 cui
992 1577 1165 1621 commune
1215 1564 1351 1641 repente
1371 1566 1501 1636 tonare,
1529 1560 1583 1642 qui
1610 1568 1716 1625 totum
1745 1583 1849 1646 papae
1877 1585 2017 1648 regnum
2039 1564 2188 1632 horribili

194 1642 389 1725 principium
412 1650 463 1708 est
484 1664 558 1708 cum
579 1643 780 1718 Mehumete‚
802 1640 900 1706 fldem
923 1661 1094 1725 perperam
1117 1641 1164 1706 af·
1215 1642 1313 1708 modo
1340 1645 1578 1711 concussisset?
1630 1645 1704 1712 Hoc
1738 1655 1849 1712 tamen
1881 1650 2019 1732 probare
2051 1659 2188 1716 conatur

194 1728 252 1812 figi
279 1729 467 1818 scripturis,
494 1728 594 1794 seda
622 1728 756 1810 spiritus
784 1726 983 1792 revelatione
1012 1725 1163 1809 pendero.
1216 1728 1320 1813 ipsius
1345 1730 1486 1796 Lutheri
1513 1731 1637 1796 verbis:
1665 1740 1702 1797 ut
1729 1734 1786 1815 qui
1814 1736 1979 1801 confessus
2006 1737 2048 1802 sit
2075 1737 2187 1821 magui

194 1814 262 1882 Nos
285 1824 396 1882 autem
418 1838 460 1882 ex
481 1813 594 1881 eodem
615 1813 794 1897 prophetae
816 1812 882 1898 (23,
902 1813 958 1896 28)
980 1811 1050 1878 loco
1072 1834 1166 1898 rege-
1216 1812 1364 1881 beneficii
1385 1815 1457 1882 loco
1478 1836 1513 1881 se
1535 1817 1634 1882 brisso
1655 1816 1838 1900 ducturum,
1860 1821 1888 1885 si
1909 1821 1981 1904 quis
2007 1823 2187 1904 persuasis-

193 1905 309 1970 rimus:
324 1904 349 1987 ¹)
371 1901 538 1986 Propheta
559 1899 756 1984 apudquem
778 1907 829 1964 est
849 1917 1070 1976 sermomeus,
1094 1920 1166 1982 pro-
1217 1910 1268 1965 set
1292 1901 1328 1965 in
1355 1923 1456 1967 coena
1486 1902 1570 1967 nihil
1597 1924 1667 1968 esse
1694 1913 1825 1987 praeter
1851 1927 1971 1990 panem
2000 1916 2034 1972 et
2049 1908 2186 1987 vinum,

194 1990 277 2054 ferat
298 2009 482 2055 sermonem
504 2009 614 2052 meum
632 2007 757 2051 verum.
789 1981 891 2065 Quid
914 1984 1018 2067 paleis
1042 1983 1083 2050 ad
1105 1985 1164 2049 tri·
1216 1987 1293 2068 quia
1321 1986 1453 2052 videbat
1479 1996 1637 2071 quantum
1665 1988 1726 2056 hoc
1757 1992 1892 2075 papatui
1923 1992 2185 2060 incommodares

193 2074 317 2140 ticum?
371 2075 475 2139 Porro
504 2073 655 2156 quoniam
685 2069 785 2135 audet
805 2069 983 2154 sacrilegus
1005 2070 1068 2135 iste
1090 2090 1163 2153 pro·
1215 2072 1267 2136 Ea
1293 2073 1400 2138 bonus
1426 2074 1588 2156 interpres
1616 2076 1662 2141 sio
1687 2083 1830 2159 torquet,
1862 2085 1931 2142 tam
1957 2079 2056 2143 fuisse
2084 2099 2186 2163 pravo

193 2162 277 2226 torre
299 2159 489 2227 horribilem
512 2159 605 2224 illam
624 2157 721 2223 Pauli
742 2156 992 2236 sententiam:²)
1014 2156 1165 2220 Evancs-
1216 2159 1344 2235 affectu,
1366 2165 1406 2222 ut
1423 2168 1628 2242 praesentem
1645 2159 1816 2227 Christum
1837 2163 1936 2228 fuerit
1955 2165 1990 2228 in
2012 2184 2113 2230 coena
2130 2163 2186 2232 de·

192 2269 265 2314 ecre
287 2247 321 2313 in
333 2248 401 2312 suis
418 2245 667 2329 cogitationibus
690 2247 763 2323 [pag.
776 2245 829 2322 52]
852 2263 966 2307 omnes
988 2242 1044 2325 qui
1056 2242 1163 2306 Deum
1215 2253 1404 2327 negaturus,
1423 2244 1518 2309 modo
1538 2247 1671 2328 papatui
1687 2245 1952 2314 incommodaret
1985 2251 2080 2315 'lune
2097 2258 2186 2334 post·

192 2334 358 2417 cognitum
380 2354 446 2397 non
474 2331 671 2414 glorificant:
704 2329 788 2394 sicut
813 2328 889 2392 olim
915 2327 1033 2393 hohan
1055 2327 1164 2392 horta-
1216 2328 1277 2393 hac
1297 2329 1419 2395 iactare
1440 2329 1575 2396 audebis
1601 2351 1774 2414 generosos
1800 2333 1956 2399 nobilium
1982 2336 2125 2415 animos,
2152 2343 2186 2401 et

191 2427 317 2485 tuaest
340 2418 504 2501 Iosue('l‚
527 2417 580 2499 l‘l)
603 2415 646 2481 ad
672 2414 815 2480 dandam
842 2413 979 2498 gloriam
1001 2413 1089 2492 Doo,
1118 2414 1164 2478 ita
1215 2415 1314 2480 simul
1335 2425 1368 2480 te
1387 2413 1528 2482 nobilem
1550 2415 1688 2482 vocare?
1721 2415 1760 2483 Si
1781 2441 1823 2483 cx
1844 2419 2024 2485 clarissima
2045 2428 2079 2486 et
2099 2422 2186 2485 anti·

192 2505 219 2569 si
240 2512 327 2571 esset
343 2502 509 2581 sanabilis,
530 2500 671 2568 libenter
692 2521 768 2565 eum
785 2500 1105 2579 commonefacerem,
1127 2504 1166 2564 ut
1215 2501 1372 2584 quissima
1399 2501 1523 2567 familia
1556 2523 1644 2568 esses
1670 2505 1874 2588 progenitus,
1907 2506 2023 2588 quibus
2052 2507 2185 2591 flagitiis

189 2591 307 2656 saltem
330 2589 371 2655 ad
388 2597 591 2654 momentum
608 2587 789 2670 susciperet
809 2586 1040 2669 cogitationem
1058 2583 1164 2652 homi·
1216 2594 1385 2671 coopertus
1405 2608 1454 2667 es,
1484 2589 1635 2653 tenebras
1656 2591 1769 2672 generi
1791 2597 1848 2655 tuo
1869 2603 2000 2674 poteras
2020 2591 2184 2658 inducere.

188 2677 242 2741 nis
270 2675 384 2754 sobrii,
414 2676 491 2759 quia
512 2683 599 2741 certe
625 2692 704 2737 mox
731 2693 807 2738 cum
834 2672 887 2737 sui
916 2669 1082 2737 dedecoris
1102 2693 1163 2755 pn·
1214 2677 1289 2752 [pag.
1304 2677 1357 2753 54]
1379 2674 1475 2739 Nunc
1495 2682 1636 2757 quantae
1654 2675 1812 2740 stultitiae
1834 2685 1892 2753 est,
1915 2676 2019 2742 absrc
2036 2678 2184 2762 gloriari:

186 2761 290 2827 deret.
1215 2779 1317 2841 quum
1345 2766 1414 2823 tam
1436 2760 1561 2844 spurcis
1588 2759 1767 2827 mendaciis
1794 2762 1893 2827 otiam
1922 2763 2007 2846 apud
2035 2763 2186 2831 subulcos

275 2845 343 2913 Sed
365 2846 517 2930 quoniam
534 2846 571 2909 in
587 2844 761 2928 reprobum
779 2863 913 2908 sensum
932 2842 1097 2907 coniectus
1114 2842 1163 2906 vi·
1214 2845 1331 2908 merito
1352 2844 1458 2928 possis
1480 2844 1621 2911 foetere?
1655 2843 1740 2912 Dicit
1762 2847 1933 2913 Lutherus
1954 2870 1990 2914 se
2012 2869 2075 2933 qua
2093 2858 2186 2932 parte

186 2933 302 3011 detur,
333 2933 445 3016 paucis
471 2931 580 2997 verbis
608 2930 744 3014 quasin
773 2928 920 2995 clausula
942 2927 1163 2994 Praefationis
1214 2929 1356 2995 maxime
1377 2931 1515 2997 infestus
1535 2951 1638 3015 papae
1660 2932 1784 3011 fuisset,
1807 2933 1842 2997 in
1865 2955 1903 2998 ea
1924 2934 2024 2999 fuisso
2046 2944 2184 3016 mutum,

181 3020 314 3085 evomit
339 3018 521 3086 calumnias
548 3015 729 3098 expediam.
780 3014 854 3094 Quo
877 3013 1026 3079 odiosum
1048 3013 1163 3078 reddat
1214 3017 1292 3098 quia
1312 3037 1486 3100 persuasus
1506 3024 1655 3082 noncrat
1671 3020 1971 3084 rectaconscientia
1992 3041 2086 3103 posse
2103 3021 2184 3087 ficri

178 3104 332 3171 Luthcri
353 3125 488 3180 nomen,
518 3111 551 3167 et
576 3102 612 3167 in
637 3102 707 3167 aius
729 3121 870 3184 persona
891 3109 993 3164 totam
1015 3108 1162 3165 nostram
1214 3102 1279 3165 Hic
1311 3102 1576 3187 praestigiator⁸)
1602 3102 1687 3186 quod
1714 3103 1825 3168 album
1857 3105 2007 3170 omnibus
2040 3114 2184 3188 apparet,

177 3191 371 3256 doctrinam
403 3190 554 3267 infamet,
587 3194 820 3253 commemorat
871 3206 946 3250 uam
979 3186 1162 3265 obscurum,
1213 3186 1369 3270 nugando
1391 3187 1600 3271 persuadebit
1620 3197 1728 3252 atrum
1751 3210 1830 3254 esso.
1864 3189 1990 3255 Eadem
2001 3191 2036 3254 in
2058 3191 2184 3273 reliquo

175 3275 296 3341 debile
325 3283 359 3340 et
385 3282 607 3356 contemptum
635 3273 734 3337 fuerit
766 3207 949 3336 exordium:
986 3291 1162 3354 progressu
1213 3282 1369 3337 contextu
1390 3273 1594 3357 impudentia
1614 3273 1661 3339 sic
1682 3273 1717 3338 in
1739 3275 1925 3340 Lutherum
1946 3275 2123 3354 invehitur,
2145 3284 2185 3342 ut

172 3383 266 3430 vero
289 3361 445 3443 temporis
467 3361 519 3425 exi
544 3380 602 3424 uas
632 3356 789 3425 scintillas
815 3357 850 3421 in
873 3377 1030 3440 magnum
1051 3358 1162 3422 incen·
1213 3379 1249 3423 se
1274 3360 1380 3440 ipsum
1410 3358 1567 3425 vanitatis
1593 3368 1758 3444 coarguat
1808 3360 1880 3427 Hoc
1909 3368 2039 3426 tantum
2066 3359 2182 3441 dicam,

172 3448 281 3514 dium
313 3447 467 3528 erupisse.
517 3382 621 3526 auid,
654 3445 796 3520 obsecro,
827 3443 956 3508 fecisset
982 3441 1160 3521 Lutherus,
1213 3444 1392 3508 certamina
1409 3444 1632 3524 conscientiae,
1655 3444 1775 3527 quibus
1791 3448 1899 3511 virum
1920 3445 2014 3510 illum
2036 3448 2184 3513 exercuit

172 3535 240 3602 nui
263 3532 407 3598 scintilla
428 3541 566 3609 tuntum,
589 3541 622 3597 ct
642 3529 772 3613 quidem
790 3528 946 3595 obscurae
967 3527 1058 3606 lucis,
1081 3529 1160 3593 emi·
1212 3527 1315 3605 Deus,
1338 3527 1425 3596 claro
1442 3529 1636 3596 documento
1653 3531 1753 3596 fuisse
1775 3533 1858 3597 serio
1868 3530 1933 3595 Dei
1955 3532 2072 3597 timore
2088 3552 2184 3616 prae·

169 3617 324 3688 cunrat?
379 3617 524 3683 Protulit
552 3637 630 3701 crgo
657 3616 800 3700 ingenue
823 3613 908 3697 quod
930 3615 1069 3692 sciebat,
1097 3614 1160 3680 hoo
1214 3613 1333 3680 ditum:
1360 3616 1458 3681 sicuti
1480 3617 1550 3682 eius
1578 3617 1648 3681 vita
1674 3638 1741 3681 non
1762 3617 1871 3682 minus
1892 3617 1990 3700 louge
2012 3637 2032 3681 a
2054 3619 2182 3701 probris

167 3714 247 3781 est,
272 3703 371 3786 paulo
392 3703 467 3786 plus
489 3724 587 3787 quam
606 3701 698 3767 nihil.
741 3701 874 3766 Attollit
896 3711 1006 3766 tamen
1029 3699 1160 3764 cothur·
1213 3701 1278 3765 tuis
1300 3701 1412 3778 abfuit,
1435 3723 1532 3784 quam
1550 3701 1678 3768 scelesti
1697 3702 1746 3766 tui
1767 3722 1874 3767 mores
1891 3702 1932 3766 ab
1954 3703 2183 3770 omni'hones·

166 3813 247 3858 mos
271 3789 422 3866 Gabriel,
449 3799 483 3853 et
505 3789 690 3853 Lutherum
718 3787 872 3854 atrociter
898 3793 1042 3864 accusat,
1073 3785 1160 3869 quod
1213 3794 1280 3851 tate
1302 3788 1419 3851 remoti
1440 3797 1526 3852 sunt.
1570 3788 1640 3853 Nec
1660 3808 1740 3853 vero
1762 3789 1841 3852 satis
1862 3787 1986 3871 prolixe
2007 3791 2183 3855 mentitum

166 3897 301 3945 seorim
327 3875 363 3939 in
392 3874 555 3957 plerisque
583 3871 752 3950 dissideat,
787 3871 873 3956 quod
901 3892 1034 3957 papam,
1062 3893 1160 3955 qnam
1213 3894 1248 3938 se
1267 3873 1411 3956 putavit,
1438 3874 1502 3938 nisi
1525 3873 1564 3938 ad
1591 3884 1730 3939 mortem
1763 3894 1865 3956 usque
1887 3873 2028 3937 liutheri
2055 3885 2183 3957 proter-

163 3963 284 4029 initio
306 3962 465 4025 reveritus
493 3969 551 4038 est,
574 3960 695 4024 habere
717 3966 830 4041 postea
856 3959 961 4041 coepit
981 3979 1041 4041 pro
1063 3957 1156 4022 Anti·
1212 3958 1338 4041 viam⁴)
1360 3979 1453 4022 suam
1476 3958 1677 4024 extenderet.
1720 3959 1866 4023 Annotet
1883 3960 1987 4025 bonus
2011 3959 2182 4026 historicus

161 4050 327 4117 christo:
350 4047 584 4130 purgatorium,
607 4044 691 4127 quod
710 4065 745 4110 so
762 4043 893 4110 credere
905 4043 1067 4127 professus
1079 4052 1159 4122 erat,
1211 4043 1383 4108 subitanea
1392 4054 1496 4109 morte
1509 4045 1610 4110 fuisse
1621 4052 1867 4126 consumptum:
1881 4055 1913 4109 et
1924 4065 2054 4110 causam
2066 4047 2181 4113 mortis

155 4152 318 4201 :nerum
346 4133 540 4216 figmentum
573 4152 644 4196 asse
677 4129 768 4195 dicit:
801 4139 988 4195 sanctorum
1022 4127 1160 4211 denique
1211 4130 1357 4212 assignat
1376 4130 1544 4212 crapulam
1572 4150 1610 4195 ac
1631 4130 1830 4194 ebrietatem.
1879 4128 1982 4211 Quasi
2008 4151 2088 4196 vero
2116 4152 2181 4197 non

156 4217 442 4296 invocationem,
470 4217 664 4284 sacrificium
690 4216 809 4281 missae
837 4224 871 4279 et
896 4215 1026 4280 fictitios
1053 4214 1159 4280 cultus
1211 4215 1290 4279 satis
1310 4235 1472 4298 superque
1499 4215 1637 4299 publicis
1663 4215 1884 4280 monumentis
1911 4216 2079 4282 refellatur
2100 4217 2181 4283 haee

158 4302 339 4379 sustulit,
372 4303 579 4387 tyrannicam
602 4302 707 4385 legem
736 4301 776 4366 de
797 4300 957 4366 caelibatu
979 4309 1012 4365 et
1032 4301 1159 4366 confes·
1210 4300 1383 4385 fulsisset)
1431 4301 1504 4367 Nisi
1531 4320 1665 4385 prorsus
1694 4321 1782 4366 esses
1809 4300 2014 4384 desperatus,
2042 4301 2181 4367 dixisses

151 4395 279 4459 sione
302 4388 380 4454 abro
424 4389 482 4453 vit.
531 4388 655 4453 Mirum
682 4408 740 4451 our
761 4408 826 4450 nou
848 4386 884 4449 in
906 4386 1031 4451 crimen
1053 4407 1157 4463 voces,

154 4475 274 4564 quod
298 4495 363 4539 non
396 4481 539 4557 oquutus
566 4474 666 4539 etiam
694 4471 793 4537 fuerit
819 4479 993 4554 autequam
1015 4469 1160 4554 prodiret
1622 4504 1624 4507 ν

147 4584 196 4632 ε
222 4563 343 4628 matris
364 4568 467 4626 utero.
505 4560 588 4625 Plus
609 4557 668 4623 tibi
688 4558 812 4641 largior
833 4577 930 4639 quam
951 4578 1070 4622 sumas.
1102 4556 1158 4622 In·
1278 4557 1307 4623 1)
1322 4557 1408 4641 ‚AM-¹
1421 4555 1494 4613 0’08t
1510 4556 1573 4626 (111¹ss
1590 4571 1620 4611 ⁸0
1638 4555 1698 4612 faut
1714 4558 1839 4614 rechem
1856 4556 1891 4611 du
1909 4558 2043 4627 iuganeut
2060 4555 2093 4611 (¹0
2111 4555 2180 4613 Dieu

147 4646 376 4731 dulgentias
397 4646 535 4712 vocabat
555 4645 651 4710 initio
670 4645 743 4744 pias
765 4642 903 4708 fraudes.
947 4642 1069 4708 Inscite
1088 4663 1157 4707 om·
1209 4642 1259 4695 9²¹
1277 4628 1468 4753 ἓῗᾚᾞξζ
1483 4693 1522 4748 fic
1539 4694 1556 4748 ὃ
1572 4694 1621 4748 ric.

147 4737 281 4801 *5⁸⁰²
315 4734 388 4811 [Μ
412 4737 464 4811 ⁵³]
487 4752 604 4813 ¹¹⁰mP0
624 4750 700 4813 (1⁰¹⁸
724 4728 870 4795 mudum
891 4729 1022 4794 umba
1042 4749 1062 4793 ⁸
1083 4749 1158 4812 1³³⁰*
1279 4762 1309 4829 3)
1328 4764 1365 4818 Cs
1388 4765 1483 4818 ioucur
1505 4761 1538 4816 de
1562 4761 1685 4831 gobelets
1709 4801 1716 4816 .
1739 4802 1748 4818 .
1770 4802 1778 4818 .
1802 4802 1810 4817 .
1833 4779 1883 4832 par
1901 4777 1945 4816 ses
1962 4759 2103 4814 momeries
2120 4757 2180 4814 fera

1209 4834 1329 4887 acetrum
1345 4837 1393 4886 etc.

1276 4899 1307 4963 4)
1326 4916 1371 4955 scs
1386 4898 1601 4969 gaaouillemena

254 4970 285 5037 l)
304 4986 374 5025 nous
390 4971 437 5041 luy
452 4969 607 5026 donnerons
625 4976 717 5024 conae
735 4969 760 5024 lc
779 4983 898 5022 museau
1277 4967 1307 5032 b)
1327 4982 1428 5022 comme
1447 4968 1470 5021 si
1488 4983 1522 5021 on
1540 4983 1574 5021 ue
1592 4968 1679 5022 savoit
1701 4969 1778 5037 point
1795 4982 1846 5036 par
1863 4969 1922 5019 tant
1938 4962 1972 5017 dc
1989 4962 2071 5018 limes
2088 4963 2180 5032 impri-

254 5039 285 5104 2)
309 5037 374 5093 Tale
391 5040 497 5109 ahquid
513 5038 590 5108 apud
608 5039 727 5093 Paulam
741 5038 849 5104 fnestm
872 5035 1160 5106 gemmantemque
1209 5051 1268 5090 mea
1287 5052 1388 5092 comme
1414 5036 1434 5089 il
1456 5052 1473 5090 a
1498 5037 1642 5104 perrevere
1664 5034 1786 5104 iusqu’en
1808 5035 1836 5089 la
1858 5033 1894 5086 fin
1917 5032 1935 5087 t
1956 5032 2086 5100 invoquer
2102 5031 2180 5101 Dion,

150 5110 319 5165 editions
335 5108 420 5162 anua
436 5111 467 5163 a'a
484 5109 608 5177 magiae
629 5106 747 5161 laudm
763 5105 857 5161 bourn
894 5103 1025 5160 Fortasse
1040 5104 1161 5172 respexit
1211 5112 1293 5174 ayant
1315 5121 1349 5160 eu
1372 5122 1408 5159 uu
1431 5119 1531 5160 mesms
1553 5105 1629 5160 loisir
1650 5103 1684 5160 dc
1709 5103 1816 5173 prodire
1838 5118 1870 5157 sa
1887 5099 1933 5154 tu.
1974 5099 2062 5170 Voylu
2079 5115 2131 5169 que
2149 5110 2181 5158 tu

153 5177 224 5234 ed
240 5177 303 5234 Act»
321 5174 362 5245 13,
379 5175 423 5232 4L
1210 5188 1310 5242 gagnes
1327 5189 1394 5229 avec
1410 5180 1440 5228 ta
1456 5173 1585 5230 taumate.

1922 5249 1976 5305 ppo
