4748 5798
117 177 189 240 ¹407
848 165 1101 235 EXPOSI'I'IO
1122 164 1394 233 IMPIE'IA'I'IS

125 363 196 428 eius
219 361 383 438 deitatem,
406 358 459 424 oui
477 357 590 440 datum
608 363 659 422 est
680 376 760 422 csse.
793 355 898 433 Addo,
921 355 1006 438 quod
1025 377 1096 419 mu·
1148 354 1204 419 ubi
1226 355 1261 418 in
1284 354 1346 421 hoo
1367 375 1470 420 unum
1491 354 1615 421 insistit
1637 355 1709 438 pius
1738 354 1803 430 vir,
1832 353 1888 436 qui
1916 351 2062 418 absolute
2084 362 2117 418 ct

126 434 184 512 luo
205 447 359 512 conflictu
382 463 452 509 sese
473 449 687 526 prosternunt
709 450 766 508 tua
787 450 976 506 commenta.
1010 441 1097 507 Nam
1148 438 1316 504 indefinite
1328 451 1462 506 vocatur
1483 441 1518 505 in
1540 440 1703 524 scriptura
1714 440 1816 515 Deus,
1838 439 1930 503 illum
1952 460 2023 503 esse
2042 459 2115 503 vere

125 532 250 598 sinete
272 529 483 607 discretionis,
506 548 602 611 quam
625 528 750 606 statuis,
771 548 852 593 rora
873 535 932 603 est,
954 526 1097 592 residere
1148 526 1280 603 unicum
1294 524 1417 590 Deum:
1440 526 1610 591 Christum
1633 547 1710 592 vero
1732 523 1899 589 indefinite
1917 536 1950 587 et
1971 522 2116 590 absoluta

110 617 161 682 in
183 616 250 682 solo
271 626 363 698 patre
386 614 579 680 essentiam:
603 613 764 696 quemodo
786 614 884 679 stabit
905 612 995 691 illud,
1020 634 1095 677 ean·
1149 610 1257 676 Deum
1282 612 1397 677 vocari.
1448 611 1639 677 Memineris
1668 613 1754 676 hunc
1781 609 2024 693 disceptationis
2052 622 2116 675 sta·

125 702 201 767 dem
221 722 348 784 queque
369 701 545 766 essentiam
570 720 641 764 esse
662 698 749 763 filii?
785 720 868 781 quae
896 708 983 764 certe
1005 699 1096 762 nulla
1148 707 1218 760 tum
1239 696 1339 762 luisse
1361 698 1512 774 Irenaeo,
1541 698 1637 763 sicuti
1659 719 1700 762 ex
1727 706 1793 761 toto
1821 716 1997 780 progressu
2020 705 2115 779 patet,

125 789 188 853 orit
209 789 237 852 si
259 808 331 852 eam
354 784 504 851 vendicat
526 785 685 852 sibiselus
700 791 803 867 pater,
826 793 860 848 et
881 786 950 849 eius
971 784 1096 849 ratione
1148 804 1186 847 ao
1214 784 1402 866 pracsertim
1432 782 1508 848 libri
1534 782 1667 849 secundi
1696 783 1801 865 capite
1823 786 1879 861 46,
1913 804 1981 845 non
2006 782 2116 848 vocari

125 873 232 939 afilio
254 893 312 938 suo
335 870 453 935 differt.
504 869 541 935 si
570 890 702 936 oausam
732 877 821 935 tuam
844 869 980 952 probare
1002 870 1096 935 nobis
1148 876 1275 950 pertram
1297 869 1510 952 aenigmatice
1535 878 1570 933 et
1599 867 1778 952 parabolice
1805 869 1958 950 quivere
1983 867 2117 934 nonsit

124 958 265 1036 volebas,
288 978 355 1021 non
377 955 518 1026 debuisti
540 964 609 1021 tam
627 956 745 1022 crassis
766 954 943 1021 mendaciis
963 977 1020 1020 ora
1038 976 1095 1019 no·
1148 955 1248 1018 Deus.
1293 954 1388 1021 Adde
1410 974 1535 1018 nonum
1557 963 1655 1037 caput
1674 954 1749 1018 libri
1773 954 1870 1032 tertii,
1889 954 1944 1018 ubi
1964 954 2116 1019 coniunc-

125 1042 175 1110 bis
196 1044 348 1109 oblinere.
1149 1041 1206 1103 tiru
1230 1049 1296 1103 tam
1321 1039 1427 1103 filium
1456 1061 1554 1122 quam
1578 1053 1705 1123 patrem
1733 1039 1812 1105 dicit
1838 1062 1858 1103 a
1890 1037 2059 1121 prophetis
2085 1046 2117 1103 et

211 1128 300 1194 Satis
322 1128 387 1191 iam
405 1138 557 1210 putamus
580 1125 741 1193 discussas
763 1148 833 1192 esse
856 1127 1094 1192 absurditatum
1149 1129 1223 1203 [pag.
1244 1131 1298 1205 85]
1321 1125 1473 1206 apostolis
1494 1125 1717 1208 praedicatum
1739 1125 1840 1190 fuisse
1862 1123 1979 1189 Deum.
2024 1123 2116 1189 Duo·

124 1214 268 1292 nebulas,
291 1213 408 1295 quibus
430 1212 505 1277 fidei
528 1213 776 1278 nostraelncem
788 1212 999 1278 obtenebrare
1011 1214 1096 1277 frus·
1148 1211 1273 1276 decimo
1305 1218 1414 1276 autem
1447 1211 1552 1293 capite
1584 1211 1658 1280 libri
1690 1211 1778 1275 tertii
1810 1208 1916 1288 docet,
1956 1209 2116 1293 quomodo

124 1309 178 1364 tra
199 1300 340 1364 tentasti.
390 1297 525 1363 'Fabella
553 1306 625 1375 tua,
654 1298 711 1362 ubi
739 1299 877 1363 verbum
899 1300 961 1363 Doi
984 1298 1096 1363 fateris
1148 1296 1310 1375 Christus,
1337 1297 1392 1378 qui
1414 1295 1564 1362 dominus
1586 1307 1635 1362 est
1656 1298 1802 1361 omnium
1825 1307 1858 1358 et
1879 1318 1948 1373 rex,
1971 1305 2006 1360 et
2027 1295 2116 1373 deus,

125 1406 195 1450 esse
217 1383 325 1449 Deum
336 1384 448 1461 Israel,
472 1404 513 1447 ne
538 1380 735 1466 simplicium
757 1384 865 1451 ocules
885 1385 1094 1468 perstringat,
1147 1390 1180 1446 et
1202 1380 1309 1459 iudex,
1332 1381 1373 1446 ab
1395 1402 1433 1447 oo
1456 1383 1509 1464 qui
1533 1382 1688 1448 estDeus
1710 1382 1865 1459 omnium,
1888 1381 2116 1464 acceperitpo·

126 1475 200 1551 [pag.
223 1475 277 1549 83]
308 1490 371 1534 uno
400 1469 498 1534 verbo
529 1469 609 1533 dilui
635 1477 741 1553 potest
776 1469 826 1536 hio
854 1471 957 1535 lucus.
1009 1469 1094 1534 Nam
1146 1476 1309 1545 testatem,
1338 1489 1454 1551 nempe
1475 1466 1682 1533 subiectionis
1705 1478 1869 1550 respectu:
1903 1468 1981 1549 quia
2009 1466 2116 1531 humi-

124 1577 226 1639 quum
250 1564 377 1637 patrem
411 1555 516 1619 solurn
544 1575 694 1620 asserens
722 1556 830 1620 Deum
860 1554 963 1620 Israel
990 1555 1094 1619 filium
1146 1552 1244 1618 liatus
1266 1562 1315 1617 est
1336 1574 1439 1636 usque
1462 1552 1503 1617 ad
1525 1561 1671 1618 mortem.
1716 1553 1847 1617 interea
1864 1555 1970 1637 capito
1992 1553 2116 1618 decimo

125 1662 253 1724 semper
280 1638 451 1718 excludas,
489 1660 556 1704 non
583 1641 742 1723 relinquis
777 1639 851 1706 huie
879 1639 1093 1719 divinitatem,
1146 1648 1237 1704 sexto
1260 1639 1404 1705 eiusdem
1420 1637 1495 1703 libri
1518 1639 1603 1703 tertii
1620 1639 1728 1722 palam
1749 1639 1899 1715 affirmat,
1922 1639 2029 1703 filium
2047 1661 2117 1705 esse

124 1727 189 1791 nisi
202 1725 376 1790 secundam
389 1734 422 1789 et
433 1735 586 1801 creatam,
609 1727 673 1790 imo
684 1726 929 1810 imaginariam:
952 1728 1028 1809 quia
1043 1749 1094 1791 se·
1146 1724 1292 1806 opificem
1315 1724 1394 1790 coeli
1416 1735 1450 1789 et
1472 1734 1592 1803 terrae,
1621 1726 1674 1807 qui
1698 1724 1803 1808 legem
1832 1724 1906 1791 tulit
1932 1745 1991 1807 per
2013 1726 2117 1792 Mesia

126 1810 269 1878 cundum
289 1820 321 1876 te
343 1812 486 1876 essentia
506 1820 603 1889 caret,
626 1811 691 1877 nisi
712 1821 873 1894 quatenus
898 1814 1094 1877 essentiatur
1145 1831 1289 1888 manum,
1313 1820 1345 1874 et
1366 1810 1512 1892 patribus
1534 1810 1693 1892 apparuit.
1745 1811 1816 1874 Iam
1844 1819 1880 1874 ut
1902 1812 2027 1876 centies
2049 1812 2117 1878 bla-

125 1916 243 1963 a‘vero
266 1895 351 1961 Deo:
374 1918 470 1977 quem
491 1904 600 1960 tamen
621 1897 726 1962 solum
749 1899 799 1962 vis
821 1898 1004 1981 praeditum
1022 1920 1093 1963 esse
1146 1904 1247 1974 teres,
1277 1895 1381 1960 solnm
1409 1906 1533 1978 patrem
1562 1917 1632 1961 esse
1661 1896 1769 1960 Deurn
1790 1895 1903 1973 Israel,
1934 1898 2119 1982 rogerirnus

126 1982 275 2058 essentia,
299 1994 337 2047 ut
357 1983 444 2047 filius
466 1990 499 2048 et
520 1982 656 2065 spiritus
678 1983 826 2048 titulares
844 1984 911 2048 sint
927 2004 1091 2065 personae.
1146 1980 1205 2045 tibi
1235 1980 1320 2064 quod
1346 1980 1434 2046 idem
1465 1981 1603 2063 scriptor
1631 2001 1699 2065 cap.
1730 1982 1853 2047 decimo
1882 1991 1998 2048 octavo
2032 1985 2120 2050 eins·

126 2066 346 2150 Quantumris
375 2089 452 2151 ergo
483 2069 648 2134 flexuosus
675 2069 720 2133 sis
747 2090 897 2151 serpens,
931 2069 996 2134 tuis
1023 2070 1094 2135 istis
1145 2065 1219 2131 dam
1240 2066 1317 2131 libri
1328 2066 1415 2145 dicit,
1438 2066 1608 2132 Christum
1621 2089 1722 2132 unum
1740 2075 1774 2132 ct
1784 2067 1924 2133 eundem
1945 2070 2120 2136 exsistere:

125 2153 315 2237 ambagibus
337 2153 419 2217 nihil
441 2154 596 2235 proficies.
651 2153 766 2237 Itaque
792 2154 968 2239 propositio
996 2177 1092 2239 quant
1145 2153 1230 2218 sieut
1257 2162 1291 2217 et
1320 2157 1360 2216 23
1394 2154 1501 2235 capite
1526 2152 1567 2217 ad
1594 2152 1765 2218 Christum
1800 2154 1899 2218 refert
1927 2156 2124 2221 vaticinium

93 2316 95 2323 .
125 2240 243 2304 asseris
270 2259 340 2303 esse
368 2260 495 2317 veram,
530 2237 621 2303 Deus
649 2239 753 2304 Israel
784 2248 834 2306 est
861 2250 955 2323 pater
987 2243 1092 2307 verbi:
1145 2238 1316 2304 Habacuc:
1340 2237 1433 2305 Deus
1444 2238 1484 2302 ab
1497 2248 1608 2303 austro
1625 2239 1737 2303 veniet
1757 2238 1856 2321 (Hab.
1871 2244 1899 2316 3,
1913 2242 1955 2314 3).
1992 2242 2127 2307 Eodem

124 2326 152 2391 si
175 2322 311 2389 verbum
333 2325 440 2406 ipsum
462 2323 627 2402 excludat,
656 2325 756 2409 impia
784 2337 835 2391 est
861 2348 899 2392 ae
926 2327 1093 2412 sacrilega.
1146 2324 1289 2406 pertinet
1310 2323 1395 2407 quod
1416 2323 1537 2406 legitur
1559 2325 1664 2408 eapite
1682 2345 1768 2389 nono
1790 2327 1896 2407 quarti
1918 2327 2009 2391 libri:
2045 2328 2132 2411 Ipse
2244 2329 2283 2406 Ε

126 2410 226 2492 Atqui
250 2409 333 2474 nihil
355 2408 443 2473 aliud
465 2409 584 2474 latratu
607 2420 663 2474 tuo
673 2410 850 2488 contendis,
871 2413 935 2476 nisi
957 2424 995 2477 ut
1017 2434 1094 2478 vera
1145 2410 1247 2494 igitur
1268 2409 1430 2496 Christus
1444 2430 1517 2473 oum
1536 2423 1629 2492 patre
1650 2411 1803 2474 vivorum
1821 2421 1871 2476 est
1891 2413 1997 2478 Deus:
2022 2415 2139 2480 sicuti.
2228 2413 2289 2459 1

126 2493 246 2560 deitate
278 2494 447 2559 Christum
481 2495 640 2577 spolians,
674 2505 800 2579 patrem
832 2497 957 2563 statuas
990 2498 1093 2563 solum
1146 2505 1179 2559 et
1202 2492 1389 2560 duodecimo
1417 2494 1562 2561 eiusdem
1590 2495 1665 2561 libri
1691 2495 1926 2578 interpretatur
1946 2499 2148 2566 Abraham.
2215 2498 2295 2550 12

125 2580 244 2646 Deum.
288 2581 381 2644 Hace
403 2588 459 2645 tua
475 2588 536 2664 est
563 2581 762 2660 innocentia,
792 2603 909 2666 nempe
936 2583 1095 2650 diabolica
1147 2577 1322 2646 credidisse
1344 2579 1431 2658 Deo,
1461 2582 1538 2663 quia
1560 2582 1661 2647 factor
1682 2582 1763 2647 coeli
1790 2590 1825 2647 et
1846 2594 1952 2649 torrae
1975 2595 2011 2650 et
2033 2586 2159 2652 solun·
2204 2588 2299 2636 3

128 2665 285 2743 vafrities,
308 2688 373 2748 qua
400 2667 526 2730 conaris
551 2667 652 2732 solem
675 2668 845 2734 detrahere
868 2692 886 2735 e
906 2669 1008 2736 coelo:
1032 2671 1094 2735 nisi
1147 2667 1237 2732 Deus
1257 2667 1301 2731 sit
1318 2665 1480 2731 Christus.
1515 2667 1602 2732 Nam
1620 2665 1706 2749 quod
1726 2667 1864 2749 expendi
1885 2669 1980 2736 iubes
1993 2673 2017 2752 ¹)
2043 2672 2169 2740 heca
2195 2676 2303 2727 0⁰

126 2750 212 2903 ἓιιοᾶ
238 2751 275 2815 in
309 2753 482 2833 reprobum
514 2773 647 2818 sensum
681 2754 859 2835 coniectus,
892 2755 1095 2838 impudentia
1147 2752 1256 2831 verba,
1279 2753 1383 2817 lilium
1405 2773 1475 2817 esse
1493 2753 1529 2817 in
1550 2763 1652 2837 patre,
1672 2761 1707 2817 et
1728 2753 1854 2837 habere
1869 2755 1904 2819 in
1926 2777 1962 2821 se
1982 2767 2224 2840 patrem„
2239 2767 2306 2824 Β,

154 2845 284 2901 stanam
306 2859 450 2919 superas.
1147 2839 1310 2904 nescimus
1342 2859 1505 2921 quorsum.
1559 2838 1656 2905 Certe
1689 2838 1788 2904 fidem
1820 2848 1965 2906 nostram
1999 2847 2306 2927 optimaeee

212 2919 371 3006 Superest
405 2934 442 2987 ut
474 2922 561 2988 locos
594 2943 636 2989 ex
664 2924 800 2991 Irenaeo
833 2933 867 2992 et
892 2925 1096 2993 Tertulliano
1147 2926 1350 2990 confirmant.
1411 2925 1587 2989 Caeterum
1619 2924 1733 2991 eadem
1764 2924 1970 3007 impudentia
2003 2932 2242 3015 arripi&
2254 2924 2307 2989 is

126 3008 241 3075 citatos
263 3008 406 3073 breviter
428 3009 637 3091 explicemus.
680 3011 796 3093 Neque
818 3012 906 3076 enim
928 3012 1095 3097 sigillatim
1147 3009 1243 3089 illud,
1269 3030 1457 3075 mensuram
1486 3010 1589 3093 patris
1617 3031 1688 3076 esse
1716 3010 1837 3090 filium,
1866 3013 1944 3095 quia
1973 3025 2007 3079 et
2038 3019 2114 3101 capi
2128 3012 2305 3078 tiit

125 3093 271 3178 singulos
293 3104 445 3160 excutere
468 3116 599 3161 necesse
620 3094 691 3174 erit,
719 3095 847 3178 quando
869 3118 935 3162 ana
956 3107 1007 3163 ast
1026 3120 1095 3163 om·
1147 3117 1234 3160 eum:
1265 3096 1357 3178 qnasi
1379 3105 1506 3179 patrem
1528 3096 1774 3162 essentiatorem
1797 3099 2008 3166 constituant
2058 3103 2302 3170 Noetu

124 3181 217 3245 nium
238 3179 364 3245 solutio.
408 3181 481 3245 Hoc
500 3187 631 3245 tuntum
650 3201 692 3246 ex
713 3181 851 3248 Irenaeo
872 3182 1014 3268 adducis,
1037 3206 1095 3269 pa·
1139 3184 1225 3247 ‘vero
1248 3181 1325 3247 hinc
1347 3181 1442 3247 facile
1461 3183 1693 3266 cognoscimus,
1722 3193 1755 3247 te
1777 3204 1947 3267 nunquam
1970 3196 2299 3271 gustassoeo

124 3273 210 3331 trem
232 3264 357 3334 Christi
390 3287 460 3331 esse
492 3265 597 3330 solum
624 3268 732 3332 Deum
760 3268 872 3334 Israel.
924 3267 1012 3351 Quid
1034 3270 1094 3335 tibi
1145 3268 1181 3332 in
1202 3288 1300 3350 quom
1322 3270 1422 3333 finem
1444 3266 1538 3333 datus
1554 3268 1648 3333 nobis
1670 3268 1770 3333 fuerit
1790 3267 1952 3337 Christus.
1998 3273 2159 3340 Nam²
2180 3278 2294 3365 ⁹²)
2344 3270 2348 3303 ⁷

125 3351 244 3417 erroris
265 3372 396 3417 oausam
424 3350 624 3434 praebuerit,
653 3354 810 3420 coniicere
837 3353 923 3420 lieet.
973 3357 1096 3422 Arrisit
1147 3353 1223 3436 quia
1253 3353 1315 3418 Dei
1347 3353 1551 3420 immensitas
1584 3355 1620 3418 in
1652 3354 1719 3419 filio
1751 3375 1771 3419 a
1802 3354 1894 3420 nobis
1926 3360 2285 3449 concipimus,

125 3437 248 3503 seilicet
270 3438 327 3503 tibi
350 3459 469 3502 nomen
491 3435 556 3501 Dei
578 3437 691 3515 Israel,
714 3440 808 3522 quasi
830 3438 960 3522 aliquod
982 3442 1095 3508 subes·
1146 3444 1219 3518 [pag.
1232 3441 1286 3518 86]
1309 3438 1381 3504 ideo
1404 3439 1608 3505 vocatusluit
1625 3461 1786 3506 mensura.
1819 3441 1871 3505 ru
1890 3453 2004 3509 autern
2027 3447 2279 3530 pterea.
2324 3481 2327 3510 ι

126 3531 176 3588 set
214 3524 416 3607 mysterium.
486 3523 589 3605 Atqui
632 3524 892 3591 animadvertere
937 3525 1095 3594 debueras
1148 3525 1253 3590 netice
1275 3523 1336 3590 hoc
1358 3524 1399 3589 ad
1422 3525 1580 3608 originem
1604 3524 1764 3591 essentiae
1788 3526 1899 3592 trahis.
2314 3570 2318 3612 ,t

126 3613 239 3674 sancto
260 3609 333 3675 riro
355 3607 522 3692 negotium
544 3616 577 3673 et
603 3618 767 3675 certamen
793 3612 893 3677 fuisse
920 3632 993 3676 cum
1023 3618 1097 3694 [pag.
1233 3608 1285 3674 De
1303 3609 1504 3675 Tertulliano
1526 3610 1668 3693 primum
1686 3611 1732 3677 sic
1754 3611 1876 3694 accipe:
1900 3617 2058 3696 quamvis
2076 3639 2263 3692 aas.
2307 3669 2308 3672 ,

128 3697 181 3770 st]
202 3693 414 3776 phreneticis,
442 3694 499 3777 qui
520 3701 647 3777 patrem
669 3694 793 3761 Christi
814 3697 980 3781 negabant
1001 3700 1095 3765 illum
1146 3716 1206 3778 per
1227 3716 1264 3760 ao
1285 3696 1435 3778 spinosus
1456 3694 1621 3761 interdum
1642 3698 1686 3761 sit
1713 3697 1784 3762 eius
1805 3719 1927 3777 sermo,
1958 3723 2253 3784 summm-n
2304 3685 2307 3715 ⁹

127 3796 198 3842 esse
219 3777 327 3843 Deum
348 3781 402 3862 qui
423 3801 482 3862 per
492 3780 611 3846 Mosen
632 3787 666 3845 et
686 3782 862 3863 prophetas
883 3783 960 3847 clim
982 3783 1096 3868 loqun-
1147 3781 1314 3847 doetrinae
1335 3803 1433 3864 quam
1462 3791 1592 3847 tuemur
1613 3803 1688 3847 eum
1709 3805 1776 3849 nou
1797 3783 1951 3867 ambigue
1974 3789 2245 3867 trader-a:
2294 3778 2298 3818 l

128 3872 182 3926 tus
202 3863 323 3928 fuerat:
347 3865 403 3929 sed
424 3866 532 3932 nescio
556 3865 642 3949 quod
664 3881 827 3949 spectrum
849 3886 867 3931 e
888 3867 960 3934 labo
981 3871 1096 3936 mundi
1147 3888 1264 3949 nempe
1292 3889 1392 3950 quum
1420 3889 1506 3933 unus
1533 3868 1577 3933 sit
1600 3868 1711 3945 Deus,
1739 3868 1982 3951 dispensatione
2014 3882 2235 3954 tame=u
2284 3916 2285 3922 κ

128 3947 330 4032 productum.
380 3950 496 4034 Itaque
520 3951 556 4015 in
586 3952 647 4019 hoc
674 3960 762 4016 totus
790 3960 854 4032 est,
888 3962 925 4019 ut
945 3957 1096 4022 ostendat
1147 3953 1200 4017 vol
1223 3952 1408 4019 oeconomia
1420 3975 1490 4018 esso
1512 3954 1581 4018 eius
1593 3973 1791 4019 sermonem:
1814 3955 1947 4021 unicum
1958 3980 2041 4024 vero
2053 3981 2228 4035 68Ξο
2274 3959 2281 4025 l

129 4031 269 4098 eundem
290 4034 383 4099 illum
404 4036 525 4114 Deum,
555 4039 611 4119 qui
638 4059 696 4121 per
717 4039 833 4104 Mosen
857 4048 890 4103 et
918 4041 1094 4123 prophetas
1147 4030 1257 4103 Deum
1279 4060 1338 4123 per
1355 4039 1556 4104 substantiae
1574 4039 1742 4116 unitatem,
1765 4047 1798 4104 et
1811 4040 2029 4110 nihilominus
2051 4069 2138 4111 un:
2159 4053 2221 4113 ni·
2264 4053 2272 4128 l

127 4117 281 4201 loquutus
300 4127 451 4220 estesse
463 4121 588 4187 Christi
607 4131 742 4206 patrem,
763 4131 796 4189 et
806 4144 978 4208 perperam
996 4126 1096 4192 alium
1146 4132 1246 4190 tatem
1268 4125 1424 4208 mysterio
1447 4124 1698 4207 dispensationis
1718 4126 1753 4188 in
1776 4126 1959 4192 trinitatem
1976 4128 2213 4214 diepam:
2254 4140 2263 4222 l

128 4205 237 4269 Deum
260 4214 444 4288 excogitan.
488 4208 563 4277 Non
585 4210 704 4274 mirum
727 4208 829 4293 igitur
850 4211 879 4275 si
900 4213 996 4278 toties
1018 4234 1095 4279 con·
1147 4218 1214 4276 tres
1236 4230 1394 4276 essenon
1416 4217 1512 4289 statu,
1535 4209 1594 4276 sed
1655 4210 1733 4275 adu:
1761 4233 1820 4277 nec
1843 4215 2040 4295 substantia,
2064 4240 2109 4283 se·
2127 4221 2211 4285 ed
2253 4223 2255 4241 ³

126 4288 251 4368 cludat,
278 4310 344 4354 non
371 4290 474 4355 alium
495 4294 593 4359 fuisse
614 4294 745 4361 Israelis
767 4297 890 4374 Deum,
920 4318 1017 4380 quam
1039 4300 1095 4385 qui
1146 4297 1263 4361 forma:
1287 4316 1347 4362 nec
1369 4304 1541 4379 potestate,
1570 4317 1603 4361 se
1648 4297 1764 4379 specie.
1813 4298 1917 4364 Porro
1940 4321 2042 4383 quum
2060 4297 2208 4368 adfil-
2244 4257 2251 4335 l

125 4384 218 4527 ζιιὶει
243 4374 395 4474 est-Iesu
417 4375 551 4444 Christi.
601 4377 658 4445 Sic
687 4380 786 4446 etiam
814 4404 916 4459 nunc,
945 4383 1001 4448 nbi
1028 4385 1094 4449 tuis
1146 4403 1264 4447 versus
1273 4381 1502 4448 Monarchieos
1513 4381 1664 4465 disputat,
1677 4382 1795 4448 diserte
1806 4387 2005 4466 pronunciat
2015 4385 2212 4453 everw‘ti
2233 4349 2242 4439 l

149 4461 337 4544 lasphemus
363 4462 580 4529 resistendum
609 4475 674 4545 est,
708 4487 785 4533 vere
815 4465 959 4533 dicemus
985 4467 1094 4534 Deum
1145 4468 1209 4534 Dei
1230 4466 1463 4547 monarchiam,
1485 4488 1586 4550 quum
1608 4467 1672 4532 alia
1691 4467 1868 4534 dominatio
1879 4473 1973 4553 quasi
1991 4476 2126 4539 aemult
2135 4457 2232 4554 1th

126 4548 182 4630 qui
204 4548 281 4611 elim
304 4547 456 4630 apparuit
477 4546 638 4631 patribus,
664 4573 731 4616 non
754 4553 853 4617 alium
876 4554 975 4620 fuisse
996 4575 1094 4637 qnam
1146 4551 1418 4637 superinducitur.
1462 4553 1559 4620 Unde
1577 4561 1688 4636 aperte
1704 4553 1877 4639 colligitur,
1901 4555 1957 4620 ubi
1979 4543 2223 4648 deibtiestl

126 4632 306 4699 Christum.
351 4633 455 4697 Porro
484 4633 512 4697 si
540 4635 611 4716 quis
639 4637 792 4720 excipiat,
822 4638 923 4704 fuisse
952 4651 1093 4722 patrem:
2196 4678 2201 4693 .

126 4720 162 4784 in
183 4727 334 4802 promptu
355 4720 417 4783 erit
433 4720 615 4801 responsio,
643 4720 721 4786 dum
749 4744 808 4807 pro
839 4724 897 4789 lilii
924 4724 1095 4791 divinitate

127 4825 327 4888 pugnamus,
355 4825 415 4871 nos
445 4822 572 4886 patrem
599 4806 732 4873 minime
760 4808 941 4875 excludere.
985 4810 1024 4876 Si
1054 4811 1095 4876 ad
1214 4809 1243 4873 ll
1264 4807 1317 4864 Sic.
1338 4808 1442 4878 Galim,
1461 4808 1523 4863 Bet·
1542 4813 1568 4864 et
1584 4811 1669 4864 Ami·
1707 4810 1839 4882 Princeps
1855 4813 1937 4866 ”⁸⁰1ss
1955 4804 2034 4868 iubet

129 4888 189 4955 hoc
210 4889 340 4955 Irenaei
361 4891 531 4956 consilium
554 4892 716 4970 attendas,
744 4894 882 4960 cessabit
903 4897 1007 4960 omnis
1030 4896 1095 4962 dis·
1213 4878 1243 4944 2)
1265 4877 1312 4933 3⁴⁶
1328 4877 1405 4932 ΒΜ
1422 4884 1448 4932 ‘l
1464 4877 1550 4930 Amet.
1588 4878 1732 4947 maome:
1750 4880 1820 4937 Non.
1856 4876 1925 4935 Item
1946 4881 2050 4937 Galle
2068 4884 2107 4938 L*
2175 4887 2176 4890 ’

129 4975 260 5056 putatio.
295 4973 392 5055 Quod
414 4977 441 5042 si
463 4975 544 5041 haec
561 4976 644 5041 ratio
665 4977 892 5062 intemperiem
904 4990 995 5046 tuam
1013 5004 1094 5047 non·
1147 4945 1671 5085 foiffipssdlr'ffpffiffissgpffllipffiugss
1690 4964 1860 5074 {gffissue
1875 4967 1955 5090 9¹¹3}
1980 4952 2076 5020 puisaia

40 5160 51 5164 γλ
130 5057 205 5124 dum
228 5062 345 5144 placat,
368 5060 537 5127 obiicimus
553 5061 614 5128 tibi
634 5070 732 5144 caput
751 5073 879 5130 sextum
900 5066 975 5133 libri
997 5069 1094 5149 tertii,
1146 5086 1238 5139 misus
1255 5085 1320 5140 benc
1337 5083 1433 5153 opteri
1446 5098 1527 5153 posse
1543 5084 1658 5139 utetur.

1147 4709 1351 4718 ...-.-....-.-
