4748 5798
212 187 274 256 εει
939 182 1486 283 savosmonffmnffls
2145 189 2204 253 aar

212 379 329 445 bitarit.
382 377 521 444 Tandem
547 375 694 444 contentia
708 394 769 458 per
794 372 1045 441 illustrissimum
1066 373 1183 457 mapis-
1234 371 1327 440 ibium
1343 372 1449 440 Deum
1471 373 1577 441 Israel
1597 389 1662 440 esse
1677 377 1803 459 patrem
1823 372 1933 440 aubi?
1969 372 2007 440 Si
2027 373 2206 457 affirmarit,

210 468 328 530 tratum
348 463 455 528 sedata
474 462 551 545 fuit,
579 481 691 543 eoque
718 459 884 539 aunfatiis
904 459 1000 526 doctis
1021 480 1057 527 oc
1072 457 1184 542 probis
1233 458 1323 526 nubta
1346 458 1394 541 (ut
1415 461 1498 547 dici)
1520 462 1580 526 erit
1600 461 1682 526 inter
1703 479 1760 525 nos
1780 460 2002 526 emmonersia:
2032 461 2085 525 sin
2106 465 2207 527 aman

210 549 291 615 airis
324 549 496 637 subscripsi
527 483 709 629 caufbssioni
742 546 862 612 danini
896 543 1034 625 Cahoim,
1062 541 1183 627 putans‘
1233 544 1363 629 neqarit,
1383 546 1430 613 sic
1444 545 1590 628 probabo.
1738 548 1741 555 '

208 635 329 718 foreut
350 635 562 715 inposterum
584 633 765 696 omniatuta
785 636 815 696 et
835 630 1007 713 tranqudta
1027 650 1182 696 amnuen-
1324 629 1445 712 Quaero
1467 631 1506 696 ab
1533 653 1583 698 eo:
1625 631 1737 699 Utrum
1756 631 1963 713 patriarchae
1990 636 2018 696 et
2040 629 2208 714 prophetae

209 726 269 785 tur.
317 720 418 801 Quum
445 719 570 783 iuterim
597 737 660 783 ecce
688 716 744 782 tibi
765 713 908 782 miranter
934 721 1050 797 noster,
1077 716 1182 783 'nescio
1234 717 1444 782 inuocauerint
1472 717 1600 783 unicum
1626 717 1716 783 illum
1738 717 1843 783 Deum
1869 715 2000 783 Israel?
2046 716 2155 799 Neque
2173 716 2208 782 id

210 826 271 889 quo
297 811 396 871 oestro
416 805 570 886 percitus,
597 823 652 868 nas
680 823 784 868 ornnes
810 803 865 884 qui
896 801 1182 886 subscripseramus
1228 808 1307 886 puto
1329 823 1400 869 eum
1421 809 1615 887 nepotmum.
1667 802 1728 868 Sed
1754 803 1880 885 quando
1904 803 2028 884 fnestra
2048 803 2209 868 invocatur

210 911 231 958 a
318 896 439 956 ceteras
466 889 606 953 rectiones
634 888 771 954 aratione
794 887 923 972 prcbhica
944 909 1005 953 non
1025 887 1128 953 schum
1147 892 1182 952 ut
1234 887 1323 955 Deus
1350 889 1419 953 siue
1447 891 1626 970 mediatore,
1663 890 1833 971 quaeritur¹
1849 910 1910 971 per
1937 909 2026 970 quem
2054 892 2129 968 [pag.
2155 892 2228 968 53]·

243 979 351 1042 rianos
371 981 400 1053 et
422 975 606 1040 Seroetanos
624 975 754 1054 notaod,
783 994 889 1038 onum
914 974 1007 1038 etiam
1028 978 1063 1039 ut
1087 972 1182 1040 Geor-
1232 974 1433 1038 mediatorem
1454 976 1629 1041 invocarunt
1656 973 1772 1040 ittam?
1816 975 1932 1056 Aperte
1952 994 2067 1057 quaeso
2088 973 2140 1040 hic
2160 994 2208 1040 rc·

207 1065 327 1147 pianes,
348 1066 403 1126 aut
425 1059 549 1142 siquid
564 1062 661 1141 peius
684 1060 748 1125 dici
769 1059 933 1144 copitarim
949 1064 1057 1142 potest.
1094 1059 1182 1141 Quod
1232 1061 1381 1141 spondeat
1397 1060 1484 1145 (narn
1500 1082 1583 1126 oona
1604 1065 1648 1126 est
1664 1060 1723 1126 itta
1743 1060 1971 1145 terqioersatio:
1995 1060 2068 1125 Non
2089 1079 2209 1126 necesse

208 1169 303 1230 quum
325 1168 377 1230 eqo
398 1147 603 1225 rescivissent,
632 1145 738 1210 statim
764 1166 812 1211 me
833 1150 968 1211 concerti
988 1147 1031 1211 ad
1052 1145 1181 1210 uuic'um
1232 1149 1277 1210 est
1297 1144 1388 1210 ibhrm
1409 1166 1530 1230 semper
1551 1148 1737 1234 accurrere):
1756 1145 1825 1210 uolo
1846 1147 1928 1212 enim
1948 1146 2059 1226 doceri,
2089 1165 2134 1210 an
2154 1144 2208 1211 ho·

208 1234 300 1301 mun
320 1232 426 1297 Deum
449 1236 522 1313 [pag.
539 1235 590 1311 51]
613 1230 730 1311 Israel,
760 1251 852 1313 quem
885 1236 944 1296 toto
964 1236 1087 1312 pectore
1108 1229 1179 1311 coba,
1231 1231 1354 1295 buerint
1373 1231 1572 1310 mediatorem
1600 1253 1700 1299 necne.
1752 1230 1817 1298 Per
1840 1230 1997 1298 Christum
2025 1231 2208 1312 respondeat

204 1316 994 1470 Μλλλ
1010 1316 1181 1484 nm
1232 1321 1373 1468 uh
1395 1317 1884 1484 λελλλε
1904 1317 2077 1486 ΜεΜ
2100 1315 2208 1468 tm

367 1453 369 1455 ’
746 1453 753 1482 ι
1572 1455 1580 1485 h
1871 1454 1879 1484 h
2073 1451 2082 1483 h

158 1541 160 1548 λ
207 1491 355 1573 refaceret,
381 1509 487 1571 meque
508 1488 547 1552 ab
568 1488 649 1553 hisce
670 1488 837 1554 mhumniis
857 1493 886 1554 ct
905 1488 1091 1572 imposturis
1113 1493 1181 1553 tan·
1233 1488 1360 1553 Deam?
1407 1488 1501 1555 Absit
1526 1495 1561 1555 ut
1591 1488 1736 1556 Christus
1762 1490 1860 1571 fuerit
1890 1489 1959 1554 iltis
1989 1489 2144 1554 mediator
2173 1493 2209 1554 ut

206 1577 276 1643 dern
299 1576 343 1658 (si
363 1576 463 1657 oetbct)
486 1573 637 1640 liberaret.
680 1573 858 1639 Eacudiait
882 1574 935 1640 ote
950 1595 1059 1656 preces
1086 1594 1179 1655 meas,
1231 1573 1331 1641 Deus.
1385 1572 1423 1638 st
1450 1576 1550 1659 ipitur
1574 1575 1639 1658 fuit
1666 1575 1733 1641 iltis
1759 1576 1914 1641 mediator
1939 1578 2090 1657 antenus
2108 1573 2206 1656 fitius,

206 1666 234 1727 et
255 1663 411 1726 εενιιειεεε
432 1681 527 1743 qnam
543 1659 687 1725 hacteuus
706 1660 923 1727 subobscuram
946 1660 1180 1743 ctimpiicitom
1231 1661 1372 1742 sequitur
1398 1680 1478 1744 erqo,
1500 1662 1583 1743 quod
1603 1662 1716 1726 unicus
1737 1660 1791 1726 itte
1812 1660 1903 1727 Deus
1924 1659 2028 1726 Isracb
2049 1664 2094 1725 εει
2115 1680 2209 1726 amus

205 1746 349 1827 tacebam,
366 1746 491 1831 fuqatis
514 1746 646 1811 tenebris
664 1746 726 1811 sole
744 1748 814 1827 ipso
834 1766 895 1810 sua
916 1745 1099 1830 benipnitate
1117 1747 1181 1812 cha·
1231 1751 1260 1810 et
1280 1746 1438 1812 naturalis
1453 1752 1547 1828 pater
1571 1745 1706 1827 Chiristi,
1733 1751 1770 1811 ut
1787 1745 1880 1826 umbi,
1901 1747 1969 1812 sine
1988 1751 2128 1828 respectu
2149 1745 2207 1810 aii-

205 1833 321 1898 riorem
342 1833 478 1897 ostendit.
526 1832 626 1913 Quam
647 1831 805 1897 acritatem
826 1833 955 1913 ipsemet
965 1832 1054 1899 Deus
1066 1831 1178 1911 Israet,
1232 1832 1322 1897 euius
1340 1851 1500 1913 personae.
2107 1881 2109 1889 λ

206 1920 263 2002 qui
284 1918 364 1983 hanc
385 1917 544 1983 ecetesiam
565 1937 657 1982 acam
667 1918 824 2001 sinquhari
847 1937 953 1983 amore
967 1919 1179 2001 prosequitur,
1321 1918 1434 1999 Quare,
1456 1918 1512 1999 qui
1534 1921 1677 1988 asserunt
1700 1916 1858 1983 Christum
1880 1936 1945 1983 esse
1960 1915 2066 1998 fitium
2076 1914 2142 1982 Dei
2162 1937 2208 1982 re·

205 2024 266 2070 mo
287 2005 394 2071 diuirca
402 2004 600 2083 prouidentia
617 2003 692 2085 fecit
708 2008 742 2067 ut
763 2023 816 2087 eqo
837 2003 930 2069 iussu
952 2004 1180 2086 illustrissimo
1231 2008 1335 2084 spectu
1355 2003 1445 2069 iltius
1461 2023 1615 2084 personae
1625 2003 1819 2086 sophisticae,
1841 2023 1988 2087 maqnam
2009 2001 2060 2067 dli
2081 2002 2208 2084 quidem

204 2111 278 2156 rum
299 2089 508 2155 Dominarum
533 2089 687 2171 frequenti
711 2088 861 2154 tribunati
881 2089 1044 2172 confiterer.
1092 2089 1180 2171 Quod
1231 2089 1389 2154 iniuriam
1404 2090 1536 2171 facium,
1558 2094 1624 2153 tum
1641 2090 1732 2169 unico
1752 2088 1881 2155 iUiDeo
1893 2089 2006 2168 Israel,
2028 2089 2207 2155 tumetium

205 2177 345 2258 equidem
369 2175 417 2258 (ut
433 2174 543 2240 bonum
565 2194 602 2239 ac
622 2174 877 2255 fidetemseroum
900 2175 992 2260 decet)
1015 2176 1181 2240 siuccreet
1234 2173 1356 2240 Christo
1384 2175 1453 2241 eius
1472 2176 1551 2257 flio.
1605 2173 1659 2240 Sic
1687 2176 1770 2241 enirn
1796 2179 1981 2254 asserentes,
2009 2173 2150 2256 fatentur
2176 2195 2208 2242 se

204 2264 273 2328 siue
295 2262 359 2328 ubo
383 2260 455 2344 fuco
483 2260 561 2343 feci,
588 2261 680 2325 iuata
708 2261 868 2327 modulum
892 2260 969 2342 fidei
996 2282 1075 2343 quoe
1100 2261 1179 2325 mihi
1232 2281 1293 2326 narr
1314 2260 1421 2325 minus
1442 2261 1703 2345 iqnarmeverum
1718 2265 1844 2344 patrem
1862 2280 1958 2343 quam
1978 2281 2086 2324 amum
2094 2261 2206 2342 fitium,

205 2348 325 2413 tradita
346 2351 399 2411 est.
1231 2345 1420 2428 inquorum
1442 2368 1531 2429 pura
1557 2347 1724 2431 capnitione
1750 2347 1889 2412 consistit
1915 2345 1981 2410 rita
2002 2349 2146 2423 αειεεεα,
2174 2350 2207 2411 ει

291 2431 379 2497 Ηαεε
403 2451 506 2512 pauca
534 2451 567 2496 eo
589 2431 739 2514 praefari
766 2431 870 2497 uisum
898 2435 958 2515 est,
984 2432 1095 2512 optimi
1116 2432 1179 2498 riri
1232 2431 1299 2513 ipse
1322 2430 1468 2497 Christus
1483 2438 1608 2515 patrem
1630 2432 1790 2514 obloquens
1811 2434 1876 2498 ait:
1899 2432 1986 2496 Haec
2007 2436 2052 2496 est
2072 2433 2140 2496 uita
2157 2454 2207 2497 oe·

204 2518 279 2598 Dei,
301 2523 336 2583 ut
356 2518 429 2583 inde
446 2516 771 2599 iutehbiqeretisoerum
787 2517 878 2582 iUum
893 2522 1019 2597 patrem
1040 2522 1179 2583 nostrum
1231 2522 1334 2596 terna,
1368 2522 1403 2583 ut
1423 2524 1603 2602 coqnoscant
1623 2523 1651 2582 te
1671 2519 1771 2584 satum
1794 2537 1902 2586 amum
1922 2516 2037 2596 Deum,
2066 2522 2097 2582 et
2118 2538 2207 2599 quem

204 2605 341 2670 manime
362 2609 592 2681 asseverem,
614 2622 668 2667 uec
689 2602 994 2686 utbopactaiisqui
1015 2604 1179 2670 totocorde
1232 2602 1349 2668 misisti
1360 2603 1467 2668 Iesum
1491 2601 1660 2669 Christum.
1697 2603 1850 2686 Quomodo
1872 2604 1955 2668 enim
1975 2602 2078 2668 satum
2099 2623 2207 2668 oerum

204 2691 257 2757 ihbi
287 2689 389 2771 fidunt
422 2708 560 2770 unquam
590 2688 779 2770 defuturum.
837 2686 965 2754 Caetera
998 2709 1078 2770 puae
1110 2693 1180 2755 acta
1231 2688 1336 2754 Deum
1352 2693 1478 2772 patrem
1498 2694 1679 2773 coquoscent,
1701 2685 1757 2771 qui
1779 2695 1891 2772 nepant
1912 2689 2002 2754 ibium
2027 2687 2139 2754 habac
2158 2710 2208 2772 sp

205 2781 294 2856 sunt,
323 2775 446 2858 quanda
474 2772 559 2857 hanqe
579 2775 700 2839 notiora
720 2779 808 2854 sunt,
832 2794 930 2856 quarn
950 2779 986 2838 ut
1007 2775 1074 2840 uhta
1096 2775 1179 2840 indi-
1231 2775 1410 2857 uonpmiam
1439 2795 1510 2839 aum
1530 2776 1679 2854 essentia,
1708 2795 1788 2857 quae
1810 2780 1855 2840 est
1875 2774 1960 2841 solus
1981 2795 2073 2840 εενεε
2094 2773 2208 2841 Deus?

205 2866 297 2946 pcant
317 2861 505 2939 narratimre,
527 2859 681 2941 rdiquum
702 2864 746 2924 est
766 2864 801 2924 ut
822 2861 866 2925 ad
884 2860 996 2942 firmas
1012 2861 1179 2925 ratiocina-
1235 2861 1388 2942 Quomodo
1410 2862 1505 2925 ειιεεε
1521 2865 1695 2944 coqnosceut
1713 2859 1821 2926 Iesum
1835 2858 2002 2937 Christum,
2024 2860 2080 2943 qui
2102 2864 2208 2925 eontra

204 2949 302 3013 tiones
323 2947 492 3011 serdentiae
518 2965 601 3010 meae
628 2946 756 3010 breuiter
782 2945 972 3011 descendam.
1026 2946 1114 3028 Quod
1134 2947 1180 3013 sia
1231 2947 1429 3012 autoritatem
1450 2947 1681 3028 scripturarum
1699 2947 1824 3028 faciunt
1845 2967 1915 3012 cum
1928 2947 2031 3028 fitium
2052 2945 2146 3010 itlius
2162 2966 2209 3012 so-

204 3053 253 3098 me
273 3033 376 3116 facere
397 3031 556 3097 Dominus
576 3031 644 3113 ipse
665 3031 782 3111 spiritu
802 3050 860 3096 suo
875 3032 1044 3116 praecepit.
1227 3031 1382 3116 phisticae
1402 3033 1582 3112 personae?
1637 3032 1725 3098 Licet
1752 3033 1837 3097 enim
1860 3031 2018 3120 sophistae
2046 3029 2209 3096 Christum

299 3117 411 3184 Utrum
447 3118 543 3182 unica
575 3119 708 3182 essentia
747 3123 910 3182 concurrat
942 3118 978 3181 in
1009 3117 1180 3184 trinitatem
1229 3118 1335 3199 fitium
1356 3117 1421 3184 Dei
1435 3118 1632 3200 praedicent,
1658 3137 1754 3198 quum
1781 3122 1884 3183 tamen
1905 3122 1980 3196 [pag.
2004 3121 2057 3196 54]
2079 3118 2210 3182 εειειεε

204 3203 321 3270 necne?
366 3203 403 3268 Si
425 3223 486 3267 uon
508 3203 669 3282 cuccurrit,
691 3203 866 3269 necessario
886 3202 1015 3267 trinitas
1036 3204 1180 3285 eritsine
1231 3203 1322 3269 idum
1332 3204 1438 3270 Deum
1454 3203 1590 3269 sterilem
1611 3207 1640 3269 et
1660 3204 1878 3286 infoecundum
1898 3202 1961 3269 sibi
1976 3202 2125 3286 fabricati
2136 3204 2209 3282 siut,

205 3289 288 3372 Deo,
305 3290 368 3354 imo
388 3308 480 3368 nana,
503 3289 566 3352 imo
587 3288 691 3354 natta:
718 3289 772 3354 siu
794 3292 897 3353 autern
918 3290 1081 3370 counnrit,
1103 3309 1180 3354 conr·
1231 3310 1293 3355 non
1313 3310 1421 3355 versun
1438 3309 1475 3354 ac
1496 3289 1682 3369 naturalem,
1703 3289 1758 3355 sed
1777 3289 2012 3371 supposititium
2031 3288 2139 3369 fitium
2161 3290 2211 3355 in-

205 3376 313 3440 munis
334 3376 439 3458 opinio
461 3375 619 3441 dodorum
639 3375 876 3456 quaternitatem
896 3376 1014 3455 statuit,
1042 3395 1105 3440 nan
1126 3375 1181 3440 tri·
1232 3375 1370 3459 tettiqant
1392 3395 1512 3441 necesse
1532 3381 1585 3441 est.
1640 3376 1740 3457 Quasi
1768 3376 1882 3440 uniaris
1908 3375 1962 3440 ille
1982 3374 2074 3445 Deus
2102 3373 2211 3440 Israel

204 3463 341 3526 nitatem.
1232 3462 1386 3542 nequierit
1413 3461 1475 3526 sebi
1500 3462 1603 3542 fitium
1628 3462 1770 3545 arquere,
1796 3462 1862 3526 nisi
1882 3461 1942 3526 itta
1963 3460 2119 3526 diabolica
2136 3481 2213 3542 per·

234 3616 236 3621 ,
291 3550 366 3626 [pag.
391 3550 444 3625 52]
471 3545 654 3627 Quaeritur:
692 3543 803 3610 Utrum
832 3546 927 3610 unica
954 3545 1012 3611 itha
1038 3547 1179 3626 essentia,
1232 3566 1313 3611 sona
1334 3545 1398 3611 sibi
1418 3546 1511 3611 iilum
1521 3548 1728 3629 supposuerit.
1763 3547 1841 3628 Quis
1857 3566 1997 3628 unquam
2007 3546 2088 3611 tatia
2096 3546 2210 3627 faudo,

205 3652 299 3713 quam
319 3632 464 3697 dominus
477 3629 629 3696 Caluinus
649 3636 739 3714 nepot
748 3650 927 3697 concurrere
944 3633 978 3696 in
1000 3633 1180 3711 trinitatem,
1233 3632 1396 3698 audierit?
1449 3633 1527 3714 Quis
1547 3652 1610 3696 non
1631 3634 1721 3710 uidet,
1749 3633 1860 3713 optimi
1880 3632 1945 3696 ciri
1965 3631 2038 3711 Dei,
2060 3631 2116 3698 hoc
2137 3633 2214 3698 dia·

206 3718 308 3782 sitan
328 3718 603 3798 semetipsaoerus
623 3714 712 3781 Deus
739 3715 854 3799 absque
875 3717 939 3782 utto
956 3722 1094 3801 respectu
1109 3739 1182 3800 per-
1233 3717 1327 3783 bolico
1348 3722 1511 3783 commento
1531 3723 1625 3783 totam
1646 3719 1818 3783 trinitatem
1829 3717 2021 3785 adoherasse
2040 3717 2212 3799 sophistas,

206 3802 378 3867 sonarum?
429 3801 509 3867 Puta
535 3802 571 3868 id
598 3822 668 3867 eum
688 3803 818 3867 minime
837 3808 1029 3886 neqaturum.
1077 3803 1182 3884 Quare
1232 3803 1435 3870 Demnithum
1444 3803 1637 3886 foecundum,
1649 3804 1955 3885 sterihemfacientes:
1960 3807 2093 3885 patrem
2097 3823 2213 3885 perso·

207 3908 303 3971 quum
325 3887 475 3969 quaetibet
484 3889 580 3952 bium
595 3907 805 3970 personarum
815 3890 857 3954 sit
868 3889 1073 3955 essentiatiter
1082 3888 1181 3976 Deus,
1232 3888 2212 3972 namdlamsophistioam:uerbumfitiumeiusmodipersanaet

206 3972 999 4141 ihfflhtphhduhhibhhhuhmm
1025 3976 1182 4041 “mmm
1232 3973 2214 4143 Ustott”tttthhm⁰⁶tttmattstttch

297 4145 379 4210 Tria
398 4144 498 4228 iqitur
515 4149 697 4210 coucmrunt
713 4145 748 4208 in
758 4147 937 4227 trinitatem,
957 4147 1091 4212 essentia
1100 4165 1182 4228 quae
1232 4147 1403 4229 improprie
1423 4147 1459 4210 iu
1479 4167 1537 4211 uos
1557 4147 1698 4228 torqueri
1712 4151 1819 4229 posset
1836 4145 1918 4214 iilud
1927 4145 2079 4211 Danielis
2100 4147 2214 4212 amici·

207 4231 325 4297 dicitur
340 4235 447 4314 pater,
473 4229 562 4313 filius
588 4236 617 4295 et
642 4231 777 4312 spiritus
803 4237 939 4298 sanetus.
985 4231 1087 4314 Atque
1107 4230 1182 4298 haec
1232 4233 1338 4297 nium:
1361 4231 1547 4297 Adorabunt
1566 4232 1673 4298 Deum
1694 4252 1784 4315 quem
1804 4252 1866 4297 non
1886 4237 2088 4315 mpnoomuut
2097 4238 2215 4313 patres

208 4321 252 4384 est
273 4337 347 4381 aera
374 4316 516 4395 trinitas,
540 4336 620 4398 quoe
646 4321 691 4382 est
717 4318 813 4382 trium
840 4319 962 4398 unitas,
990 4337 1051 4382 non
1078 4323 1182 4387 autem
1232 4337 1348 4382 eorum.
1385 4318 1464 4399 Quis
1480 4319 1564 4382 euim
1580 4317 1627 4383 ach
1632 4317 1901 4398 patriarcharum,
1919 4317 1967 4381 oct
1972 4316 2210 4399 prophetarum,

208 4408 355 4488 mutuor:
382 4402 537 4484 quidquid
563 4401 646 4468 dieat
674 4403 820 4469 dominus
843 4402 995 4469 Οαιειεεε
1015 4403 1054 4469 de
1074 4409 1179 4488 etprno.
1232 4405 1282 4470 aei
1302 4403 1509 4484 apostotomcm
1530 4405 1667 4487 copnooit
1687 4423 1825 4488 rmqrmm
1845 4404 2000 4468 eiusmodi
2021 4401 2137 4484 Deum,
2154 4407 2212 4487 qni

298 4488 483 4571 Quaeritur:
518 4487 629 4554 Utrum
649 4489 798 4569 essentia,
814 4493 916 4569 poter,
944 4493 1107 4575 donicus
1128 4490 1182 4556 itte
1232 4490 1293 4555 sibi
1312 4488 1417 4570 flium
1433 4509 1495 4554 uon
1509 4489 1675 4573 penderit?
1709 4489 1888 4555 ancarum
1909 4489 1999 4556 Dens
2019 4490 2051 4555 is
2071 4495 2127 4572 εει,
2147 4511 2211 4556 non

208 4573 298 4640 Deus
315 4573 425 4659 ¹Israel
445 4574 509 4638 sint
528 4593 708 4657 squamma,
736 4595 816 4656 quae
832 4575 958 4658 possint
978 4575 1060 4639 inter
1079 4595 1113 4640 se
1134 4576 1182 4640 in
1236 4573 1509 4640 Christianorum.¹

207 4661 304 4727 uicem
325 4660 461 4740 supponi
481 4664 509 4724 et
523 4658 732 4739 praedicari?
1322 4659 1505 4742 Quaeritur:
1526 4659 1616 4727 Dum
1636 4659 1820 4726 cmtnrdunt
1840 4657 2000 4726 Christum
2020 4679 2087 4725 esse
2105 4660 2211 4746 fitium

299 4745 482 4828 Quaeritur:
511 4743 624 4810 Utrum
642 4743 733 4808 Deus
752 4745 829 4828 lepis
850 4744 1120 4828 etpraphetorum
1140 4747 1184 4810 sit
1233 4745 1297 4810 Dei
1318 4751 1455 4828 respectu
1470 4765 1635 4829 personae,
1658 4767 1701 4811 an
1722 4745 1898 4829 ιειειιιεαει
1914 4765 1984 4810 eum
2004 4766 2071 4811 esse
2092 4751 2210 4812 natm

204 4836 298 4915 poter
318 4829 425 4898 umbi?
473 4830 535 4912 Qui
555 4828 609 4895 hac
629 4830 793 4913 neqaoait,
822 4832 903 4898 sciat
922 4851 956 4898 se
976 4831 1011 4895 in
1035 4829 1184 4897 Cerdonis
1233 4830 1299 4896 Dei
1317 4831 1422 4912 flium
1438 4833 1558 4898 necne?
1605 4831 1644 4896 Si
1665 4832 1866 4914 affirmarim,
1887 4833 1995 4897 sinant
2010 4851 2125 4913 quaeso
2141 4836 2209 4896 tau·

210 4920 238 4980 et
258 4915 516 4982 Archonticornm
531 4915 642 4998 dopma
662 4913 842 4982 inaruisse
887 4913 1054 4983 Proderea
1068 4917 1183 4999 piures
1234 4918 1303 4984 dem
1323 4918 1427 4983 valere
1447 4917 1538 4982 ιιιεεε
1559 4922 1727 4999 respectum
1744 4917 1946 5000 personaten,
1974 4922 2002 4982 et
2023 4917 2120 4984 tibere
2140 4937 2209 4983 acm

212 4999 284 5069 deos
298 5007 408 5084 patres
426 5001 568 5083 fateatur
589 5004 711 5084 oportet.
1233 5005 1402 5086 scriptrnis
1414 5004 1624 5086 pronuncient
1643 5024 1714 5069 eum
1729 5024 1800 5070 aere
1814 5003 1919 5084 flium
1929 5002 2010 5078 Dei:
2031 5005 2085 5069 sin
2106 5008 2209 5070 aretem

301 5087 484 5168 Quaeritur:
511 5086 568 5152 Au
587 5091 675 5171 nepet
694 5084 839 5158 madores
861 5084 1029 5166 Calvinus,
1055 5087 1184 5154 uniarm
1234 5089 1393 5174 neqarint‚
1426 5090 1528 5155 sciant
1553 5089 1737 5155 uniuersam
1764 5090 1956 5184 scripturam
1981 5090 2151 5161 acreum
2175 5105 2207 5156 sc
