4724 5886
745 1443 1138 1526 CONSENSIONIS
1171 1443 1424 1525 CAPITUM
1457 1440 1801 1524 Exl'offlrlofl

357 1687 431 1761 [pag.
451 1687 505 1762 23]
528 1682 639 1762 Quum
668 1683 731 1765 piis
759 1683 910 1748 omnibus
937 1700 1083 1762 sanoque
1104 1687 1139 1745 et
1160 1687 1247 1745 recto
1301 1678 1471 1746 discordiis
1505 1689 1697 1762 pascantur,
1732 1678 1774 1744 ad
1806 1701 1899 1745 arma
1923 1680 2030 1746 denuo
2062 1681 2279 1747 conclamant

267 1767 388 1835 iudicio
410 1767 566 1852 praeditis
595 1777 662 1831 tam
690 1767 802 1833 odiosa
830 1766 957 1850 pridem
987 1774 1074 1831 esset
1095 1764 1247 1830 molesta·
1299 1765 1370 1830 Neo
1393 1787 1469 1832 vero
1491 1775 1556 1843 est,
1585 1764 1673 1848 quod
1701 1766 1808 1830 sancti
1836 1765 1896 1831 seli
1925 1777 2100 1849 praetextu
2120 1775 2281 1832 excusent

267 1874 342 1938 que,
364 1875 447 1936 quae
469 1852 530 1918 hac
553 1860 665 1918 nostra
687 1861 795 1919 aetate
816 1861 906 1917 motu
927 1852 1047 1928 fuerat,
1077 1849 1117 1915 de
1140 1870 1247 1915 sacra·
1300 1871 1395 1916 suam
1417 1851 1654 1933 intemperiem.
1700 1849 1792 1917 Satis
1814 1852 1900 1916 inter
1922 1873 1982 1916 nos
2004 1851 2168 1930 convenit,
2191 1853 2280 1918 veri-

267 1939 391 2004 meutis
413 1939 586 2016 eontentio,
615 1960 713 2020 quam
736 1938 910 2003 infeliciter
931 1937 971 2002 ab
993 1957 1033 2000 ee
1054 1956 1246 2018 prosperum
1300 1936 1378 2000 tntis
1399 1935 1528 2001 iactura
1549 1935 1684 2001 minime
1711 1934 1938 2001 redimendam
1966 1957 2038 2002 esse
2059 1957 2183 2020 pacem.
2231 1939 2280 2002 Ao

267 2024 431 2108 evangelii
454 2045 585 2089 cursum
608 2022 732 2089 tardari
753 2023 922 2088 videbant:
953 2043 1018 2087 non
1040 2019 1138 2085 modo
1160 2040 1248 2086 com·
1299 2021 1438 2104 proinde
1466 2022 1569 2087 satius
1597 2042 1668 2087 esse
1695 2023 1813 2101 fateor,
1847 2023 2109 2101 coelumterrae
2138 2024 2278 2102 misceri,

267 2109 366 2175 moda
387 2110 496 2193 eliqua
518 2110 643 2174 ratione
664 2109 719 2175 vel
740 2110 902 2192 sepultam
924 2128 1012 2185 esse,
1042 2107 1093 2173 vel
1116 2126 1247 2190 compo-
1299 2128 1399 2189 quam
1418 2106 1523 2173 deseri
1540 2113 1640 2173 sanae
1660 2106 1826 2175 doetrinae
1843 2109 2069 2192 patrocinium.
2086 2111 2110 2190 ¹)
2145 2106 2184 2174 si
2207 2108 2281 2192 quis

268 2197 366 2262 situm
395 2217 526 2278 semper
547 2201 716 2277 optarunt:
746 2194 803 2258 sed
831 2195 867 2258 in
891 2215 929 2259 eu
951 2213 1080 2276 quoque
1102 2191 1248 2258 sedanda
1301 2192 1486 2274 sophisticis
1508 2192 1709 2277 ambagibus,
1732 2213 1816 2276 quae
1838 2193 2021 2258 contrarias
2042 2191 2209 2259 doctrinas
2228 2194 2279 2259 fu·

265 2303 289 2346 a
310 2281 507 2364 quibusdam
529 2299 597 2343 non
616 2301 733 2361 parum
752 2279 873 2344 laboris
890 2277 1033 2361 positum
1056 2286 1114 2342 est
1149 2276 1247 2358 Quod
1301 2276 1405 2342 condo
1427 2277 1650 2361 conciliant,²)
1673 2285 1807 2343 strenue
1836 2299 1871 2344 se
1899 2277 2094 2360 oordateque
2124 2288 2277 2362 opponat,

265 2389 311 2432 ex
329 2376 404 2433 voto
421 2387 488 2430 nou
507 2366 655 2447 protinus
676 2365 841 2442 suecessit,
863 2366 898 2428 in
917 2385 957 2428 ea
976 2361 1131 2427 tarditate
1148 2383 1247 2445 qnam
1300 2383 1367 2427 non
1396 2363 1609 2445 reprehendo.
1661 2363 1752 2445 Quin
1780 2364 1889 2446 potius
1917 2364 2004 2429 hanc
2035 2363 2118 2428 mihi
2145 2363 2279 2430 laudem

269 2452 402 2518 difficile
423 2453 467 2516 sit
489 2452 600 2533 ignem
624 2449 770 2517 Satanae
792 2451 929 2515 artifieio
951 2448 1053 2514 semel
1074 2469 1248 2514 aneensem
1301 2451 1373 2513 iure
1395 2471 1468 2514 meo
1497 2447 1649 2528 vendico,
1680 2452 1738 2515 vix
1766 2450 1867 2514 alium
1890 2470 2087 2533 quemquam
2109 2471 2197 2526 esse,
2226 2452 2280 2516 eui

268 2536 439 2619 restingui,
459 2537 555 2600 triste
573 2533 808 2601 documentum
826 2535 988 2619 apperuit.
1022 2533 1098 2599 Huc
1116 2533 1249 2617 quidem
1301 2535 1407 2618 magis
1436 2534 1573 2617 placeat.
1589 2535 1734 2619 ingenua
1767 2536 1916 2601 veritatis
1943 2536 2111 2602 confessio.
2168 2534 2280 2617 Quare

268 2643 374 2704 usque
394 2621 576 2705 profectum
594 2629 652 2699 est,
676 2627 714 2685 ut
736 2620 848 2687 sedate
871 2619 1022 2686 nonnihil
1045 2620 1183 2697 fervore,
1207 2617 1248 2684 ad
1300 2618 1464 2685 famssant
1489 2621 1606 2685 inanes
1640 2621 1693 2685 isti
1720 2628 1927 2703 praetextus,
1960 2640 2071 2703 saepe,
2104 2642 2147 2685 ne
2173 2621 2282 2699 ineest

269 2706 455 2773 docendum
472 2707 587 2790 magis,
605 2727 704 2788 quam
723 2706 765 2770 ad
783 2705 996 2791 pugnandum
1014 2713 1151 2788 utraque
1172 2725 1248 2786 pars
1302 2726 1403 2770 sanae
1432 2705 1600 2770 doetrinae
1628 2705 1789 2783 defensio,
1825 2704 2016 2771 excitandas
2050 2727 2122 2773 osse
2154 2707 2278 2772 turbas.

267 2794 398 2859 intenta
415 2791 508 2856 foret.
542 2789 610 2856 Sed
632 2793 710 2875 quia
730 2791 837 2858 adhue
857 2814 899 2858 ex
916 2791 1030 2874 sopitis
1052 2790 1248 2856 carbonibus
1301 2789 1387 2855 Nam
1409 2791 1554 2874 primum
1575 2790 1659 2855 nihil
1687 2791 1725 2856 in
1751 2792 1814 2857 hnc
1840 2812 1938 2858 eausa
1966 2791 2102 2858 obscure
2128 2792 2183 2859 vel
2204 2813 2281 2876 per-

267 2875 408 2944 subinde
429 2875 596 2942 micabant
613 2876 784 2956 scintillae,
808 2900 828 2943 a
849 2878 967 2961 quibus
988 2897 1112 2942 novum
1133 2876 1248 2942 ineen·
1301 2875 1399 2960 plere
1427 2899 1447 2941 a
1476 2875 1570 2943 nobis
1598 2876 1736 2957 dietum,
1765 2876 1849 2942 nihil
1878 2885 1985 2943 astute
2007 2878 2165 2956 celatum,
2195 2878 2280 2943 nihil

267 2962 364 3029 dium
384 2984 500 3029 rursus
527 2960 713 3027 timendum
735 2970 821 3028 erat:
849 2962 936 3047 quod
964 2961 1126 3044 optimum
1153 2967 1249 3043 puta·
1303 2960 1443 3045 deniquo
1465 2962 1623 3027 omissum
1646 2961 1687 3028 de
1710 2968 1779 3028 totu
1796 2962 1844 3026 rei
1862 2983 1991 3028 summa
2014 2961 2202 3028 ostendam:
2224 2962 2280 3029 de·

268 3048 378 3115 vimus
398 3047 597 3126 remedium,
625 3069 686 3113 nos
709 3048 888 3132 'ligurinae
911 3053 946 3113 et
967 3047 1175 3113 Genevensis
1197 3068 1248 3111 ee-
1300 3046 1377 3111 iude
1399 3046 1484 3112 uihil
1507 3047 1616 3113 minus
1639 3047 1733 3113 nobis
1753 3049 1957 3132 propositum
1978 3048 2050 3127 fuit,
2074 3069 2175 3130 quam
2197 3047 2280 3114 libe·

266 3134 386 3202 elesiae
407 3141 564 3216 pastores,
583 3131 731 3199 adhibito
749 3134 850 3199 etiam
866 3133 989 3216 optimo
1011 3133 1112 3197 fratre
1134 3138 1249 3198 nostro
1300 3153 1375 3198 rum
1397 3133 1546 3200 veritatis
1567 3154 1700 3199 cursum
1720 3133 1928 3217 abrumpere.
1973 3133 2065 3215 Quin
2086 3134 2196 3215 potius
2218 3134 2280 3200 hoo

267 3220 411 3298 Farello,
434 3219 552 3284 afferre
574 3220 682 3286 eonati
710 3241 841 3298 sumus,
871 3240 915 3284 ne
937 3238 1001 3302 qua
1022 3218 1058 3282 iu
1079 3225 1248 3300 posterum
1301 3238 1450 3284 summae
1472 3240 1569 3284 curae
1585 3219 1658 3298 fuit,
1681 3218 1841 3302 quomodo
1858 3217 1985 3302 placide
2003 3230 2037 3283 et
2054 3220 2126 3285 sine
2143 3220 2278 3298 offensa,

267 3305 400 3373 residua
427 3313 576 3369 maneret
611 3304 791 3370 discordiae
820 3305 969 3370 materia.
1017 3304 1127 3369 Breve
1160 3323 1248 3369 eom·
1301 3303 1386 3386 quod
1413 3304 1497 3369 utile
1524 3304 1658 3388 cognitu
1691 3312 1741 3369 est
1768 3306 1803 3369 in
1831 3304 1893 3370 hae
1921 3326 1957 3369 re
1985 3313 2019 3369 et
2041 3304 2129 3370 tradi
2158 3316 2192 3369 et
2213 3306 2280 3390 legi

152 3412 153 3415 ’
292 3391 426 3457 endium
453 3388 631 3470 edidimus,
667 3389 755 3473 quod
781 3399 928 3456 nostram
962 3388 1002 3454 de
1035 3390 1248 3456 sacramentis
1300 3397 1418 3471 posset.
1474 3386 1542 3456 Sed
1575 3410 1616 3454 ne
1649 3391 1760 3456 verbis
1792 3390 1879 3455 ultro
1910 3391 2057 3473 citroque
2088 3391 2279 3476 ambigue⁸l

266 3413 453 3545 doctrinam
469 3475 517 3540 ita
534 3482 684 3555 testatur,
702 3485 740 3541 ut
756 3496 962 3541 communem
980 3474 1121 3539 eliorum
1138 3481 1247 3557 pasto-
1300 3482 1480 3540 certemus:
1503 3475 1566 3541 lroo
1584 3481 1714 3540 tantum
1735 3497 1755 3540 a
1777 3476 1951 3542 lectoribus
1968 3475 2108 3558 postulo,
2129 3483 2169 3540 ut
2191 3475 2280 3560 quod

268 3585 344 3629 rum
366 3583 578 3639 eonsensum,
606 3562 661 3645 qni
683 3583 806 3644 purum
827 3560 1036 3644 evangelium
1058 3559 1147 3642 apud
1168 3560 1249 3624 Hel·
1300 3559 1414 3625 solidis
1441 3569 1475 3624 et
1504 3561 1600 3626 claris
1629 3562 1813 3627 rationibus
1845 3561 2018 3644 probatum
2057 3572 2134 3628 ante
2165 3562 2279 3628 oeulos

268 3650 375 3715 vetios
396 3646 607 3729 Rhaetosque
626 3658 818 3730 sequuntur,
841 3648 1016 3711 contineat.
1059 3645 1135 3710 Hoc
1156 3645 1248 3710 testi·
1300 3666 1421 3728 ponem
1441 3647 1609 3730 recipiant.
2156 3721 2158 3727 Ι

270 3733 380 3800 monio
402 3733 438 3797 in
459 3733 628 3815 publicum
652 3732 749 3810 edito,
772 3730 876 3799 doctis
893 3740 928 3796 et
944 3729 1120 3796 moderatis
1142 3730 1248 3795 homi·
1386 3735 1461 3810 [pag.
1482 3737 1535 3811 25]
1557 3730 1740 3814 Principio,
1768 3733 1824 3798 ubi
1852 3731 1893 3796 de
1922 3734 2136 3799 sacramentis
2203 3735 2278 3812 tur,

270 3819 368 3885 nibus
397 3817 495 3900 plane
523 3816 725 3883 satisfactum
753 3837 840 3894 esse,
868 3816 963 3882 nobis
992 3820 1067 3894 [pag.
1090 3821 1145 3895 24]
1172 3836 1248 3898 per·
1300 3817 1415 3899 negari
1438 3837 1504 3881 non
1526 3823 1643 3900 potest,
1671 3817 1750 3898 quin
1772 3818 1944 3901 praecipue
1973 3818 2168 3884 consideran
2193 3841 2213 3884 a
2235 3821 2280 3885 sit

271 3904 451 3970 suasimus:
485 3905 651 3969 neminem
680 3909 767 3969 certe
795 3903 983 3987 putavimus
1005 3903 1052 3964 ita
1072 3921 1248 3980 morosum,
1300 3900 1436 3967 Domini
1457 3901 1630 3981 institutio,
1653 3904 1788 3986 eiusque
1806 3905 1889 3969 finis.
1933 3904 2023 3970 Hine
2044 3912 2079 3968 et
2096 3905 2148 3969 vis
2170 3925 2280 3972 saura-

270 3990 352 4073 quin
379 3988 527 4071 placatus
553 3989 744 4069 quiesceret.
795 3988 883 4052 Nem
909 3994 948 4052 ut
981 3993 1096 4070 postea
1124 3984 1249 4052 videbi·
1301 3996 1489 4051 mentorum
1508 3997 1541 4052 et
1558 4009 1638 4054 usus
1658 3989 1782 4072 optime
1799 3991 2019 4072 cognoscitur:
2038 3997 2076 4055 nt
2093 4012 2204 4056 errare
2222 4013 2281 4056 ne·

270 4095 356 4153 mus,
378 4071 519 4138 dilucida
537 4072 914 4139 illiooonstatomnium
933 4093 1054 4150 rerum,
1074 4071 1249 4154 dequibus
1301 4080 1410 4154 queat,
1433 4073 1581 4155 quisquis
1605 4073 1670 4140 huo
1695 4083 1841 4141 mentem
1870 4074 1998 4160 dirigit,
2029 4097 2093 4157 quo
2115 4074 2282 4143 Dominus

271 4159 413 4225 antehac
436 4165 597 4224 certatum
618 4166 683 4237 est,
713 4156 869 4236 definitio,
895 4179 979 4241 quae
1000 4157 1128 4221 nullum
1152 4157 1249 4222 sinis·
1300 4159 1371 4239 ipse
1393 4178 1452 4223 nos
1479 4168 1584 4224 vooat.
1647 4157 1815 4240 Quorsum
1842 4180 1919 4225 voro
1947 4160 2101 4226 instituta
2128 4163 2196 4225 sint
2229 4183 2283 4228 sa·

272 4254 344 4312 trae
366 4244 545 4327 suspicioni
571 4242 678 4308 locum
706 4244 880 4327 relinquat
934 4244 981 4308 Et
1004 4242 1162 4327 singulari
1185 4241 1250 4307 Dei
1301 4250 1479 4321 eramenta,
1501 4246 1724 4311 reeteanobis
1738 4244 1904 4323 traditum,
1930 4245 1984 4312 vel
1993 4246 2193 4330 iniquissimi
2208 4249 2283 4331 qui-

272 4329 431 4397 beneficio
443 4329 566 4393 lactum
584 4337 643 4407 est,
665 4338 703 4394 nt
721 4351 844 4414 magna
853 4331 890 4393 in
901 4337 994 4413 perte
1012 4350 1055 4394 ex
1077 4349 1135 4410 spe
1157 4336 1250 4395 veto·
1303 4349 1367 4411 que
1386 4329 1481 4394 fetori
1504 4339 1678 4414 cogentur:
1702 4352 1820 4415 nempe
1841 4341 1880 4397 ut
1895 4353 1955 4396 nos
1978 4330 2020 4396 ad
2042 4331 2169 4398 Christi
2191 4353 2283 4399 conr-

272 4438 336 4501 que
358 4422 469 4481 nostro
491 4415 692 4479 successerit.
736 4415 824 4480 Ecce
842 4423 953 4480 autem
971 4412 1070 4481 rebus
1090 4412 1251 4496 tranquil·
1303 4415 1495 4479 munionem
1524 4415 1697 4484 deducant
1753 4415 1983 4482 Oonfidentius
2022 4418 2122 4482 etiem
2154 4417 2282 4502 loquar,

272 4503 313 4570 lis
326 4504 350 4587 ¹)
373 4506 515 4584 surgunt
546 4499 726 4582 importuni
753 4499 886 4583 quidam
907 4501 1073 4580 homines,
1102 4506 1136 4564 et
1156 4498 1251 4581 quasi
1303 4499 1467 4564 neminem
1489 4520 1604 4566 eorum
1626 4503 1683 4586 qui
1710 4501 1804 4567 nobis
1832 4500 2023 4582 obtrectant,
2053 4524 2199 4587 imquam
2222 4506 2284 4571 ali·

273 4639 478 4654 -..-.....

181 4763 184 4773 ¹
341 4709 370 4773 t)
390 4705 427 4760 In
450 4704 524 4757 editt.
539 4703 644 4771 prinee.
668 4704 800 4758 insertur
820 4711 884 4772 pou
907 4704 1109 4772 praefationem
1135 4703 1251 4758 Occurru-
1303 4702 1347 4773 u’y
1364 4719 1380 4757 a
1398 4704 1482 4760 doute
1499 4720 1551 4773 que
1575 4703 1641 4761 εἰει
1658 4706 1705 4775 luy
1722 4706 1767 4774 qui
1786 4721 1886 4774 pousse
1905 4714 1934 4761 et
1951 4706 2090 4763 enflambe
2102 4710 2220 4765 cenans
2239 4725 2283 4767 es·

272 4778 360 4833 nonis
383 4773 532 4842 Ts'qurinoa
550 4777 639 4827 temus
657 4772 769 4842 isuper,
787 4779 813 4826 et
825 4771 1006 4838 Defmstons'e
1022 4773 1112 4827 imeri
1129 4773 1168 4826 tio
1184 4772 1251 4827 tace
1304 4773 1429 4828 cervelez
1442 4790 1513 4842 pour
1529 4790 1599 4829 nous
1617 4774 1685 4829 faire
1704 4772 1809 4830 donner
1825 4774 1875 4830 des
1894 4774 2011 4831 alarmes
2029 4792 2093 4832 saus
2109 4792 2214 4846 propos
2232 4784 2282 4834 etc.

273 4851 329 4901 ert:
359 4841 512 4911 Superioris
537 4840 688 4921 doctrinae,
715 4856 795 4907 quam
817 4840 948 4921 lectorum
972 4841 1055 4896 oeulis
1079 4788 1250 4905 audierimus,
1374 4840 1403 4904 1)
1421 4857 1474 4909 que
1492 4842 1525 4896 de
1550 4841 1660 4897 souffrir
1681 4858 1733 4910 que
1756 4842 1783 4896 la
1806 4858 1887 4912 vraye
1911 4844 2033 4900 doctrine
2058 4846 2111 4900 soit
2128 4847 2195 4900 mise
2215 4863 2282 4903 sous

273 4912 454 4969 confirmatio.
485 4909 661 4976 (llxpouuon
678 4909 713 4964 de
731 4909 759 4964 la
776 4909 897 4963 doctrine
916 4918 1049 4964 eontenue
1067 4926 1122 4964 eux
1139 4909 1250 4964 articles
1303 4909 1329 4964 le
1347 4909 1411 4978 pied
1428 4912 1567 4978 parlante
1585 4909 1685 4965 d'estre
1703 4910 1867 4965 maintenue.

275 4985 301 5038 oi
317 4983 414 5037 dessm
432 4978 573 5041 eouehez.)
1371 4977 1403 5043 2)
1424 4977 1497 5032 Actu
1525 4994 1561 5033 ou
1583 4979 1629 5046 qui
1651 4978 1763 5033 tendent
1785 4981 1802 5034 t
1824 4978 1892 5035 fuire
1915 4979 2078 5036 ressembler
2107 4980 2133 5036 le
2159 4984 2221 5038 noir
2247 5000 2283 5039 au

345 5049 374 5115 1)
394 5047 463 5101 Mais
481 5045 506 5100 le
525 5044 715 5101 diableestant
726 5044 822 5101 luscha
840 5043 977 5101 denostre
995 5043 1161 5166 usurpnilite,
1179 5060 1249 5100 nous
1303 5046 1393 5101 blane.

274 5117 372 5188 apulo
389 5113 531 5182 n‘agueres
549 5112 680 5169 dmechef
700 5115 800 5169 ruente
823 5129 967 5169 nouveaux
990 5113 1120 5168 troubes.
1161 5113 1249 5169 Catil
1372 5112 1402 5180 3)
1423 5111 1479 5166 ne.
1499 5112 1620 5168 Farells':
1637 5114 1776 5186 ambiguis.
