4620 5828
48 227 109 288 cel
813 221 1013 301 'CHRISTI
1032 223 1084 296 IN
1103 222 1272 294 (tosus.
1984 235 2049 300 482

49 413 187 489 ducatio,
204 411 330 495 pridem
348 432 368 476 a
384 431 438 476 me
455 409 595 477 fideliter
612 409 797 494 expositum
809 410 887 476 fnit:
905 428 1022 494 nempe
1074 412 1283 480 et'ecclesiae
1304 414 1462 503 veteris⁸)
1484 422 1702 485 scemmentm
1724 418 1783 486 sed
1803 418 2054 503 deprehendent

47 500 124 583 qnia
145 498 199 564 alii
217 498 373 565 uirtutem
390 498 586 563 sacramenti
603 496 796 580 percipiunt,
819 494 875 567 alii
893 504 1022 561 tantum
1073 497 1180 562 furem
1202 496 1405 569 Heshusium
1428 499 1475 564 ἐπ’
1491 501 1671 589 cdrcpaprp,
1700 509 1773 583 [pag.
1791 510 1845 585 35]
1872 506 1934 572 nisi
1961 507 2049 589 quod

47 585 175 652 visibile
196 592 445 656 sacramentum,
469 581 557 648 aliud
576 592 684 648 autam
706 583 750 647 sit
770 582 859 646 intus
880 601 1021 659 sumere,
1074 583 1171 648 homo
1192 584 1364 668 imperitas
1385 594 1479 670 putat
1506 587 1669 662 veteribus
1696 589 1781 655 nihil
1809 589 1922 657 datum
1950 593 2050 660 fuisse

44 671 136 737 aliud
157 672 245 748 foris,
268 668 354 734 aliud
376 665 472 734 corde
493 668 699 746 manducare,
722 666 811 732 aliud
831 665 929 732 dente
946 688 1021 749 pre·
1073 681 1205 752 praeter
1225 680 1328 755 typos.
1372 671 1477 753 Quasi
1500 672 1593 739 Deus
1614 675 1767 741 inanibus
1795 677 1910 760 figuris
1932 676 2050 745 luserit

45 778 146 823 mere.
180 757 245 823 Ubi
268 754 401 820 tandem
423 753 596 831 concludit,
619 762 857 836 sacramentum
878 752 963 834 quod
986 754 1020 817 in
1073 764 1199 837 patres:
1223 758 1315 840 quasi
1332 757 1433 823 ctiam
1451 759 1661 842 nugatorium
1678 761 1721 826 sit
1742 761 1829 844 quod
1848 763 1942 830 docet
1958 764 2049 830 Pau·

44 864 161 909 mensa
193 841 357 908 dominica
386 841 598 924 proponitur,
630 840 717 907 sumi
752 836 946 922 quibusdam
979 837 1020 902 ad
1071 839 1133 918 lus,
1156 841 1296 907 cundem
1319 844 1488 910 nobiscum
1510 845 1712 928 spiritualem
1733 845 1841 915 eibum
1859 848 2047 930 comedisse,

43 930 197 1006 erit-ium,
226 929 298 993 aliis
321 925 363 992 ad
386 928 500 991 vitam:
528 947 598 990 rem
620 927 740 1007 ipsam,
771 924 863 990 cuius
887 924 1020 1007 signum
1072 938 1107 990 et
1128 925 1268 992 eundem
1291 929 1410 995 bibisse
1424 930 1626 1012 spiritualem
1636 944 1749 1013 potum
1772 935 1817 1013 (l.
1837 932 1911 999 Cor.
1936 940 1981 1012 10,
2002 936 2047 1018 3).

41 1024 96 1081 est
117 1035 227 1093 coena,
250 1012 401 1079 omnibus
422 1012 462 1077 ad
483 1013 584 1076 vitam
602 1010 725 1087 cedere,
747 1011 932 1092 quicunque
950 1011 1019 1074 fue·
1073 1011 1249 1076 Concludit
1269 1013 1418 1081 tandem:
1440 1015 1513 1080 Nisi
1534 1015 1793 1083 substantialiter
1808 1018 1903 1084 detur
1913 1023 2048 1104 sanguis

44 1102 90 1166 rit
112 1101 182 1166 eius
202 1100 373 1183 particeps.
417 1097 506 1163 Alibi
534 1118 662 1178 quoque
690 1097 774 1161 hanc
795 1095 1018 1178 quaestionem
1072 1096 1198 1163 Christi
1224 1098 1260 1162 in
1288 1121 1403 1176 mena,
1430 1098 1608 1166 absurdum
1636 1111 1701 1180 est,
1730 1111 1905 1170 utcontra
1937 1126 2048 1173 sacras

41 1208 87 1252 ex
108 1187 251 1269 professo
274 1185 457 1250 edisserens
484 1182 603 1247 diserto
624 1182 743 1248 refellit
765 1183 894 1262 eosqui
917 1182 1019 1264 finge·
1072 1183 1193 1262 literas,
1216 1185 1359 1250 tribuere
1379 1185 1457 1252 vino
1474 1186 1723 1269 appellationem
1745 1191 1823 1254 novi
1846 1192 2049 1257 testamenti:

45 1274 126 1338 bant
151 1272 267 1356 impios
293 1291 362 1334 non
389 1277 590 1334 sacramento
619 1279 764 1345 tantum,
797 1265 855 1332 sed
883 1288 920 1332 re
949 1269 1021 1348 ipsc
1072 1290 1150 1353 ergo
1177 1290 1309 1336 necesse
1335 1279 1386 1337 est
1413 1293 1513 1336 unam
1547 1294 1619 1338 esse
1651 1274 1855 1356 spiritualem
1882 1286 1917 1340 et
1944 1286 2048 1343 meta·

45 1357 213 1424 comedeia
236 1356 359 1422 Christi
382 1376 508 1437 eorpus.
545 1356 653 1436 Atque
675 1362 713 1418 ιιι
734 1374 795 1418 nos
815 1362 927 1418 sancto
949 1352 1020 1426 vire
1071 1354 1239 1437 phoricam
1260 1356 1553 1435 manducationem,
1577 1379 1659 1441 quae
1677 1361 2048 1444 commuuisiuitpatri-

45 1444 235 1527 simpliciter
257 1442 460 1510 subscribere
481 1449 622 1518 constet,
646 1439 782 1504 dicimus
804 1459 883 1503 vere
904 1446 964 1502 aut
985 1459 1020 1502 rc
1073 1442 1149 1517 bus,
1183 1441 1319 1507 alteram
1355 1444 1564 1525 corporalem.
1593 1465 1676 1525 quae
1705 1445 1798 1510 nobis
1825 1447 1959 1529 propris
1986 1455 2045 1514 est

42 1531 115 1612 ipsa
136 1528 305 1595 comedere
326 1526 450 1593 Christi
464 1547 581 1608 corpus
603 1526 658 1607 qui
676 1524 739 1590 lide
762 1545 837 1590 eunt
861 1526 929 1606 ipso
951 1543 1021 1589 coa·
1071 1526 1156 1592 Mihi
1174 1527 1255 1593 satis
1276 1539 1362 1594 esset
1383 1550 1505 1613 negare
1532 1532 1806 1613 consequentiam,
1834 1553 1917 1613 quae
1943 1533 2048 1599 risum

44 1615 171 1681 lescunt
204 1624 243 1679 ut
274 1615 342 1680 sint
373 1614 443 1677 eius
483 1611 643 1676 membra:
682 1620 885 1676 sacramento
923 1617 1019 1676 tenus
1072 1612 1125 1677 vel
1147 1613 1429 1696 puerismoveret:
1453 1613 2050 1703 scdqoempreurnacschoeegnrm·

41 1700 230 1780 comedere,
267 1700 322 1782 qui
359 1697 444 1763 nihil
485 1709 615 1780 praeter
652 1696 859 1780 signaculum
892 1694 1019 1760 visibile
1071 1697 1155 1773 litas,
1179 1699 1264 1781 quod
1287 1699 1457 1783 spirituale
1485 1711 1537 1766 est
1562 1702 1773 1784 contemptim
1801 1721 1916 1769 vocare
1945 1714 2049 1771 meta·

42 1788 215 1871 accipiunt.
261 1785 317 1851 Sic
334 1782 736 1865 enimsaopoadverbum
755 1783 856 1865 ineu.
880 1779 1019 1861 Quando
1070 1783 1262 1868 phorieum‘l
1309 1787 1357 1851 Ac
1379 1787 1407 1850 si
1431 1787 1652 1870 grammaticis
1677 1786 1849 1852 subiicerct
1875 1791 2049 1872 mysticam

41 1885 154 1937 ¹ciuem
176 1873 343 1955 cogitans
364 1890 424 1936 sua
445 1869 690 1952 importunitate
712 1867 899 1932 Heshusius
923 1867 1019 1932 toties
1070 1879 1104 1934 et
1124 1871 1486 1952 incomprehensibilem
1509 1872 1646 1954 spiritns
1667 1873 1833 1938 virtutem.
1878 1875 1982 1941 Porro
2004 1898 2048 1943 ne

43 1956 130 2023 idem
157 1968 318 2040 repetere,
347 1961 421 2038 [pag¹
445 1961 498 2034 34]
525 1953 661 2038 prodeat
692 1954 727 2018 in
759 1953 902 2019 medium
934 1951 1018 2017 illud
1071 1969 1223 2021 trausetnr
1244 1957 1307 2022 sibi
1328 1971 1394 2022 non
1416 1958 1515 2023 fuisse
1539 1959 1625 2022 omni
1655 1979 1695 2022 ex
1724 1971 1816 2040 parte
1843 1981 2047 2043 responsum,

43 2044 232 2127 Augustini,
254 2042 371 2108 Iudam
396 2041 572 2106 comedisse
601 2061 719 2123 punem
743 2039 877 2104 Domini
903 2048 1020 2103 eontra
1071 2061 1168 2125 cogor
1189 2043 1319 2123 saepius
1340 2042 1427 2108 idem
1450 2052 1611 2125 repetere:
1635 2042 1745 2124 Quium
1769 2065 1867 2110 vorax
1891 2047 1931 2109 ab
1952 2047 2048 2113 initio

42 2131 234 2207 Dominum,
265 2129 345 2193 alios
379 2147 455 2192 vero
487 2125 661 2208 discipulos
691 2125 868 2191 comedisse
900 2144 1017 2205 panem
1070 2125 1163 2194 Deus
1184 2127 1292 2204 fuerit,
1315 2149 1381 2192 non
1402 2127 1533 2195 lallaccs
1550 2129 1649 2194 fuisse
1660 2131 1792 2212 figuras,
1814 2131 1930 2212 quibus
1943 2133 2048 2199 veteri

42 2214 273 2296 Dominum.²)
322 2214 420 2279 Corte
449 2212 521 2295 pius
549 2212 604 2277 ille
632 2211 743 2276 doctor
771 2230 933 2293 nusquam
960 2209 1018 2273 tri·
1071 2211 1190 2295 populo
1223 2213 1363 2278 salutern
1396 2225 1429 2278 et
1466 2217 1567 2279 vitam
1609 2216 1643 2279 in
1682 2215 1750 2280 tilio
1782 2238 1841 2281 suo
1873 2218 2046 2300 unigenita

43 2300 224 2365 mambrem
250 2300 458 2382 partitionem
486 2298 610 2362 asserit.
661 2296 748 2377 Quid
782 2295 822 2360 do
855 2296 924 2378 ipso
952 2316 1017 2359 uno
1070 2299 1236 2380 promisit:
1260 2320 1348 2365 nunc
1369 2320 1446 2366 vero
1469 2300 1576 2381 palam
1594 2300 1630 2364 in
1652 2299 1784 2366 Christo
1807 2300 1898 2366 nobis
1916 2324 2046 2385 reprae-

43 2385 178 2469 loquor'l
208 2386 313 2451 Nemo
335 2398 481 2450 veterum
504 2382 593 2448 uliud
615 2404 676 2447 nos
698 2384 842 2464 recipere
863 2381 896 2445 in
919 2400 1019 2446 acerra
1070 2397 1200 2450 sectare
1220 2403 1303 2466 quac
1327 2396 1405 2450 tunc
1427 2387 1521 2465 quasi
1543 2385 1655 2468 procul
1678 2386 1827 2452 ostendit.
1872 2388 1963 2473 Ergo
1980 2411 2047 2455 non

44 2471 154 2538 docuit
175 2493 272 2554 quam
295 2471 381 2553 qnod
404 2470 496 2535 nobis
518 2479 631 2535 manet
652 2480 726 2551 post
746 2488 843 2533 usum
866 2488 995 2533 coenae.
1069 2470 1173 2534 soleam
1203 2470 1334 2536 uberius
1369 2482 1402 2535 et
1434 2470 1630 2538 luculentius
1653 2470 1823 2536 Christum
1850 2472 1942 2540 nobis
1969 2495 2045 2557 pro-

129 2556 491 2624 Clamabitileshusius
504 2576 636 2621 coenam
652 2552 912 2637 igiturinutilem
926 2551 1018 2617 nobis
1070 2564 1196 2637 ponunt
1216 2555 1451 2639 baptismus-ot
1470 2577 1579 2631 mena,
1608 2577 1706 2638 qnam
1728 2559 1813 2623 ritus
1835 2558 1965 2643 legulos,
1987 2559 2046 2626 sed

41 2664 122 2727 esse.
167 2643 260 2707 Haec
292 2644 378 2707 enim
412 2649 492 2706 stunt
519 2642 589 2706 eius
616 2641 731 2704 verba:
765 2639 835 2705 Cur
864 2637 1017 2703 Christus
1069 2642 1161 2723 quasi
1178 2654 1383 2724 praesentem
1397 2642 1563 2707 exhibent.
1587 2641 1662 2722 Qua
1679 2642 1804 2708 ratione
1814 2642 1904 2711 docet
1919 2645 2046 2712 Paulus

42 2751 127 2795 novo
148 2727 305 2793 mandato
326 2729 418 2794 iubet
438 2728 473 2792 in
498 2746 598 2795 nonna
626 2725 678 2790 edi
705 2745 823 2807 eorpus
851 2745 957 2802 suum,
984 2732 1018 2788 et
1070 2726 1154 2798 (Col.
1178 2732 1207 2804 2,
1236 2730 1286 2794 18)
1317 2749 1405 2793 nunc
1437 2747 1553 2809 eorpus
1582 2750 1640 2793 nos
1671 2727 1791 2794 habere
1819 2750 1878 2811 pro
1902 2731 2044 2797 umbris:

42 2815 173 2897 quidem
206 2813 281 2880 dato
314 2834 411 2897 panc:
446 2812 575 2897 quando
607 2834 673 2876 non
706 2811 812 2875 solum
843 2811 926 2892 ipse,
959 2808 1016 2875 sed
1069 2833 1135 2882 non
1165 2822 1293 2878 tantum
1320 2814 1397 2896 quia
1423 2813 1524 2890 semel
1545 2815 1773 2879 manifestatus
1799 2830 1848 2880 ost
1879 2816 2043 2895 Christus,

41 2898 220 2984 prophetae
246 2921 359 2966 omnes
386 2899 447 2965 hoc
469 2907 603 2981 urgent,
634 2909 672 2961 ut
703 2917 761 2979 per
793 2896 892 2961 fidem
920 2916 1017 2961 carne
1068 2896 1221 2980 sed-quia
1249 2917 1350 2965 coena
1371 2907 1405 2963 et
1431 2897 1591 2980 baptismo
1617 2901 1710 2981 quasi
1731 2901 1828 2966 certis
1854 2902 2046 2984 pignoribus

41 2986 168 3052 Christi
200 2985 393 3051 vescamur?
440 2985 530 3050 Nihil
564 2985 668 3067 igitur
703 2983 780 3047 novi
813 2981 948 3046 mandat
981 2983 1016 3045 in
1068 2983 1616 3068 eenobispraesontomeonfirmat.
1641 2985 2045 3068 Hiucmagnumnpparet

41 3071 164 3137 coena?
214 3072 287 3155 Ego
318 3083 427 3136 autem
461 3069 604 3136 vicissim
632 3070 810 3152 interrogo,
845 3089 903 3134 eur
931 3067 1016 3132 [leus
1067 3068 1240 3136 discrimen
1264 3071 1349 3134 inter
1371 3084 1483 3134 nostra
1503 3071 1667 3135 etvctoris
1691 3072 1800 3153 populi
1823 3085 2045 3138 sacramenta:

41 3157 119 3222 olim
142 3165 176 3222 et
197 3157 486 3233 circumcisionem,
508 3168 542 3221 et
563 3155 730 3228 sacrificia,
753 3154 919 3220 ctomnia
940 3152 1015 3218 lidoi
1066 3155 1151 3237 quod
1174 3156 1367 3221 tamenillos
1381 3155 1767 3236 minimespoliatearum
1781 3177 1888 3221 rerum
1903 3158 2043 3222 veritate

41 3243 199 3308 exercitia
221 3244 432 3325 praeceperit:
456 3264 515 3308 eur
542 3243 638 3306 etiam
662 3240 860 3321 baptismum
883 3239 1015 3307 institu-
1066 3241 1295 3323 quasplenius,
1319 3241 1561 3306 luculorrtiuset
1578 3242 1751 3322 perfectius
1771 3240 2042 3319 lrodioChristus,

41 3328 123 3395 erit?
147 3328 196 3394 Ut
216 3329 298 3393 nihil
320 3328 523 3412 respondeat,
547 3326 643 3408 plano
666 3325 790 3408 liquida
810 3336 862 3388 est
882 3325 1014 3390 solutio:
1067 3341 1164 3406 prout
1185 3328 1248 3390 fert
1268 3328 1338 3392 eius
1360 3333 1426 3404 [pag
1444 3332 1496 3403 36]
1518 3328 1712 3408 praesentia,
1737 3327 1878 3392 exhibet.

41 3417 150 3480 Deum
178 3434 249 3478 non
282 3414 361 3498 plus
392 3415 470 3479 dare
500 3410 685 3478 risibilibus
722 3410 879 3494 symbolis
916 3431 1014 3493 quam
1152 3410 1249 3493 Qtrod
1271 3423 1339 3477 tarn
1362 3413 1479 3476 acriter
1500 3425 1533 3476 et
1554 3412 1713 3477 obstinate
1738 3425 1846 3494 stiget:
1880 3410 2043 3495 Indignus

41 3500 150 3575 carbo,
172 3499 229 3564 sed
252 3500 362 3565 aliter:
391 3501 467 3583 quia
495 3510 609 3564 nostra
634 3497 839 3563 imbecillitas
866 3496 1014 3579 pluribus
1066 3497 1236 3563 comedero
1264 3497 1389 3562 Christi
1418 3518 1544 3579 corpus,
1576 3510 1732 3580 toriquam
1765 3499 1970 3563 refutatione·
1990 3499 2043 3565 in·

41 3585 247 3651 rdminiculis
285 3586 418 3669 indiget.
475 3584 628 3664 Quaererit:
664 3586 823 3665 quaenam
854 3583 919 3648 erit
953 3583 1015 3648 istu
1067 3584 1204 3666 dignum
1227 3586 1419 3661 omitterem,
1443 3585 1506 3648 nisi
1528 3584 1613 3666 quod
1635 3604 1802 3657 sutrrmum
1826 3604 1941 3648 musae
1963 3605 2043 3651 snae

42 3673 267 3754 mproprietae
288 3673 477 3737 uerborum:
499 3671 564 3735 Hie
584 3670 670 3734 mclix
693 3691 814 3734 nortun
838 3678 1015 3734 testamen-
1066 3668 1266 3752 praesidium
1289 3670 1323 3733 in
1347 3669 1408 3734 hae
1429 3682 1522 3751 parto
1550 3669 1642 3734 locat.
1687 3669 1770 3733 Rern
1800 3667 1879 3739 dicit
1903 3690 2041 3752 gravem

41 3779 108 3823 >um
135 3759 241 3822 estin
263 3758 423 3839 sanguino
444 3777 526 3832 meo,
554 3756 618 3821 nisi
639 3768 726 3819 tutus
749 3756 792 3820 sit
814 3754 1013 3837 corporalis?
1065 3777 1136 3820 csse
1158 3767 1192 3819 et
1213 3755 1346 3836 (liquam
1372 3755 1412 3820 de
1439 3776 1503 3836 qua
1530 3755 1576 3838 pii
1605 3765 1639 3818 ct
1666 3753 1750 3818 docti
1780 3754 1939 3819 hormines
1955 3756 2042 3821 iuter

41 3843 698 3924 Pridemahomuibusnobisresponsum
721 3853 784 3905 nst:
807 3839 903 3920 Qttod
921 3850 1015 3905 extra
1066 3863 1101 3910 se
1122 3841 1318 3907 conferant·
1345 3840 1417 3905 Hoc
1437 3841 1464 3904 si
1487 3839 1640 3905 concedo:
1671 3860 1729 3904 carr
1752 3839 1908 3917 haetenus
1930 3861 1950 3904 a
1973 3851 2041 3906 toto

41 3949 172 3995 menam
206 3950 265 4010 por
298 3929 504 4012 evangelium
538 3928 630 3990 nobis
663 3927 813 4002 ollert-ur,
846 3928 879 3989 in
916 3946 1015 3991 cocnu
1064 3927 1195 3991 illorum
1223 3925 1372 3990 sodalitio
1405 3926 1571 4007 impetmri
1601 3946 1666 3989 nou
1699 3926 1812 4007 potuit,
1846 3938 1883 3990 ut
1914 3927 2042 4009 placide

41 4016 135 4080 robis
169 4014 347 4097 obsignari:
390 4017 499 4095 itaquo
530 4012 654 4077 Christi
688 4013 1013 4076 eonrruuuicationem
1066 4015 1246 4096 agitaretur
1276 4012 1356 4076 haee
1387 4010 1556 4093 quaestio?
1605 4011 1652 4075 Et
1681 4031 1760 4074 aratro
1792 4011 1820 4076 si
1849 4011 2040 4094 disceptatio

41 4122 104 4167 ron
127 4101 238 4165 minus
260 4122 335 4166 vere
350 4100 442 4165 nobis
456 4097 596 4164 conferri
618 4097 893 4180 perevangelium
917 4118 1013 4179 quam
1065 4098 1259 4174 admittitur,
1282 4096 1365 4161 nihil
1384 4098 1447 4161 erit
1468 4098 1503 4160 in
1517 4119 1549 4161 rc
1562 4096 1763 4177 expedienda
1775 4098 1904 4180 negotii.
1946 4097 2041 4164 Haec

41 4209 95 4253 rer
129 4204 274 4250 coenam.
309 4185 469 4267 'Quaerit
505 4184 663 4266 quomodo
695 4204 796 4247 coorta
825 4185 1014 4247 norntuearr
1065 4197 1143 4261 sunt
1163 4182 1320 4248 Hesltusii
1343 4194 1550 4266 argumenta:
1573 4181 1696 4246 Paulus
1719 4204 1785 4247 non
1807 4182 1942 4249 curriculo
1965 4197 2038 4249 tan·

41 4270 117 4339 tovi
141 4272 339 4346 testamenti,
362 4273 390 4337 si
412 4272 446 4335 in
469 4290 508 4333 ea
529 4271 600 4352 typi
625 4268 785 4331 duntaxat
806 4267 1012 4342 exhibentur,
1065 4281 1150 4345 tum,
1184 4268 1241 4334 scd
1274 4269 1463 4351 pronomine
1495 4268 1767 4344 demonstrativo,
1801 4288 1917 4350 pirenem
1950 4268 2039 4334 htruc

41 4372 68 4425 rt
94 4358 130 4421 in
156 4359 261 4420 veteri
280 4355 496 4422 testarnento?
543 4356 690 4420 Prirunm
718 4353 856 4418 lectores
883 4367 1012 4437 rogatos
1041 4354 1270 4419 ¹benedictum
1294 4375 1313 4417 a
1340 4354 1503 4420 communi
1532 4351 1692 4419 discernit
1737 4352 1840 4434 Quasi
1867 4376 1944 4419 voro
1971 4375 2036 4418 non

41 4443 276 4518 elimatam
288 4442 410 4524 pastillis
424 4442 548 4507 naeuiis
559 4438 1013 4524 opponantquaoluculonter
1064 4441 1144 4507 satis
1177 4441 1237 4506 hoe
1268 4437 1351 4504 idom
1382 4439 1581 4515 discernant,
1611 4440 1664 4521 qui
1697 4460 1824 4506 saerrrm
1860 4448 1976 4506 vocant
2003 4446 2039 4504 et

41 4556 62 4598 n
98 4529 185 4593 meis
211 4531 361 4593 onrrribus
388 4528 517 4610 seriptis
543 4525 669 4590 tradidi.
721 4525 794 4590 Illic
822 4547 888 4589 non
917 4525 1012 4591 umido
1064 4527 1264 4609 spiritualem
1287 4524 1428 4608 epulum,
1451 4525 1792 4607 pignusettc'sserum
1815 4533 2036 4589 nostraeeum

41 4614 206 4700 aperient
225 4613 310 4697 quod
331 4613 497 4680 observari
514 4611 609 4678 debet
625 4610 799 4676 discrimen
813 4611 1013 4679 intornovae
1065 4612 1197 4678 Christo
1231 4611 1375 4675 uniaris.
1433 4609 1636 4676 Sectrndum:
1676 4610 1883 4676 Manil'estius
1920 4609 2038 4674 asserit

1067 4698 1189 4762 Paulus
1220 4696 1371 4779 indignos
1403 4695 1572 4762 comedero
1604 4695 1729 4762 Christi
1760 4716 1901 4769 esurirem,
1933 4715 2036 4779 quum

41 4758 245 4820 ——-'-
491 4807 494 4815 ·
1065 4783 1145 4851 dicit
1170 4803 1242 4848 reos
1269 4782 1340 4846 ticri
1366 4785 1509 4864 mrporis
1532 4796 1566 4848 ct
1591 4780 1761 4866 sauguinis
1784 4779 1917 4846 Christi
1961 4780 2035 4864 Ego

106 4923 138 4990 1)
159 4921 281 4978 Libade
300 4924 408 4978 civitate
428 4922 477 4976 uei
495 4920 537 4975 21.
557 4937 616 4995 cap.
634 4921 676 4977 25.
704 4922 805 4976 Contra
819 4920 950 4975 ιἙίιιιιιιιιιι
968 4920 1012 4974 lib.

43 4996 74 5051 3.
96 5009 160 5061 cap·
187 4990 227 5045 16.
262 4991 375 5061 Saepius
405 5006 470 5045 vero
496 4992 524 5045 in
548 4989 573 5044 6.
599 5006 658 5060 cap.
683 4990 776 5046 loann.
802 4998 953 5045 atrectatu
969 4987 1011 5043 25,
1185 5052 1232 5109 Sa
1308 5056 1313 5068 ¹
1375 5059 1378 5068 Ι
1405 5057 1410 5069 ¹
1490 5058 1496 5070 ι
1666 5054 1672 5068 1
2017 5055 2038 5086 .-

41 5059 239 5199 muzaprffgp
255 5127 290 5184 59
305 5130 332 5185 in
350 5128 441 5182 loann.
1065 5056 1202 5183 eruentes
1219 5052 1423 5182 suhdddndhhmdh
1433 5055 1589 5192 ffidiednh‘d
1604 5052 2036 5191 {dmhdhaehffrrw

146 5215 256 5270 Getasa
271 5231 365 5284 opera,
403 5214 459 5269 Vol.
475 5212 531 5268 lx,
1315 5280 1318 5288 Ι
1777 5206 1811 5260 31
