4724 5886
213 307 336 375 mv
797 304 1068 373 saturemus
1092 304 1384 372 THEOLOGIOI
1405 304 1626 375 MINORES.

215 519 333 563 norum
354 496 476 580 placita
497 497 583 562 circa
605 495 785 562 doctrinam
807 494 848 559 de
868 495 1078 560 sacramentis
1099 496 1330 577 praemuniret.
1367 496 1508 579 Legitur
1530 503 1640 563 151555
1667 498 1839 565 translatio
1860 497 2023 575 ἀδέσποτος
2038 499 2079 564 15
2097 498 2209 584 Opus·

213 609 298 676 culis
320 630 340 673 a
360 609 449 674 Besa
467 607 562 674 editis
584 629 612 673 5
635 610 714 669 1566
737 628 810 690 pag.
838 609 1058 682 rese-1694,
1081 605 1171 670 5115
1193 605 1270 671 edit
1304 605 1478 672 Stceriana
1499 628 1572 691 pag.
1596 612 1813 675 1725-1952.

366 719 439 784 Iam
461 726 498 784 ut
518 719 581 785 hoc
601 718 672 784 loco
694 718 804 783 omnia
826 717 1034 783 absolvamus
1055 738 1138 801 quae
1159 717 1201 782 ad
1222 719 1478 784 controversiam
1499 720 1586 785 inter
1608 719 1786 788 Calvinum
1807 729 1841 788 et
1859 721 2091 805 Westphalum
2112 723 2209 789 obor-

212 838 283 897 tam
303 831 477 915 pertinent,
503 830 619 895 ultima
641 829 739 894 huius
760 829 918 912 opuscula
937 828 1177 894 recensebimus
1195 850 1280 894 anno
1302 833 1382 893 1558
1401 830 1495 911 edita,
1517 830 1560 896 ad
1577 852 1660 914 quae
1678 832 1798 898 Noster
1814 833 1898 899 nihil
1916 834 2058 917 amplius
2073 855 2209 917 respon·

213 941 271 1022 dit,
294 943 402 1008 Betae
423 962 481 1007 suo
504 941 589 1007 hanc
610 939 810 1006 demandans
831 940 1042 1024 provinciam.
1087 939 1176 1006 Sunt
1198 962 1275 1006 vero
1298 941 1391 1006 haec:
1429 946 1455 1006 1.
1473 941 1680 1027 ’5551555155
1701 945 1820 1026 aliquot
1841 946 1962 1026 scripta
1984 945 2032 1010 Μ.
2055 944 2209 1012 Ioaebimi

113 1083 116 1089 ·
220 1052 394 1136 Weatpbati
414 1053 527 1136 quibus
543 1058 572 1118 ct
591 1072 706 1118 aarum
721 1053 894 1118 5551515515
914 1052 953 1118 de
974 1052 1162 1135 materiatio
1179 1051 1315 1134 defendit
1329 1056 1358 1117 et
1371 1052 1574 1134 foedissimae
1582 1055 1759 1121 5515515155
1770 1059 2089 1122 sacramentariorum
2105 1057 2210 1123 diluit

221 1165 352 1232 Urseltia
371 1165 535 1231 5555515151
556 1163 627 1230 Nic.
650 1164 807 1230 Heariecs
827 1168 1031 1230 55551558.
1075 1164 1213 1229 Praeter
1234 1164 1468 1247 praefationem
1495 1166 1650 1249 scriptam
1667 1187 1784 1233 mense
1806 1166 1999 1251 Septembre
2024 1172 2105 1231 1557
2125 1169 2209 1235 51511

213 1277 268 1344 515
289 1278 390 1343 habes
411 1298 508 1360 quam
531 1276 774 1358 responsionem
794 1274 835 1338 ad
857 1275 1027 1359 epistolam
1049 1275 1217 1342 cuiusdam
1239 1275 1494 1355 sacramentarii,
1515 1276 1607 1342 ouius
1625 1276 1726 1343 verba
1744 1280 1864 1362 passim
1883 1281 2071 1345 referuntur
2089 1280 2209 1347 additis

212 1389 415 1472 longioribus
436 1387 695 1453 refutationibus.
740 1385 980 1468 Quaterniones
1001 1395 1079 1452 sunt
1100 1395 1181 1452 octo.
1225 1387 1381 1452 Proxime
1403 1395 1542 1470 sequuta
1563 1395 1614 1453 est
1636 1393 1663 1452 2.
1687 1388 1864 1470 Consecutio
1886 1392 2008 1473 air'qaot
2033 1393 2209 1457 enormium

212 1500 444 1567 mendaciorum
466 1499 512 1565 Ic.
539 1497 673 1578 Osirim,
697 1497 816 1563 ibidem
838 1498 926 1563 edita
947 1498 1060 1562 ecdem
1082 1518 1183 1578 5555,
1214 1496 1271 1563 sed
1298 1499 1421 1581 scripta
1447 1518 1560 1564 mense
1590 1497 1747 1580 Octobre,
1766 1502 2034 1584 quaternionibus
2060 1511 2207 1585 quatuor.

214 1611 381 1679 Successit
401 1609 729 1677 menscFebruario:
753 1614 781 1673 3.
805 1609 857 1675 De
880 1607 981 1675 05555
1002 1609 1135 1675 Domini
1161 1608 1312 1691 confacio
1334 1608 1488 1674 Ioaebimi
1517 1610 1688 1694 wambae
1709 1618 1805 1677 oaett.
1828 1612 1948 1678 ibidem
1975 1613 2091 1678 eodem
2112 1635 2208 1693 anno,

213 1721 480 1806 quaternionibus
502 1729 636 1805 septem.
679 1721 777 1786 Hanc
793 1722 1028 1786 confessionem
1050 1728 1146 1786 autor
1166 1721 1301 1786 miserat
1322 1720 1541 1786 Wcrmatiam
1563 1742 1627 1804 quo
1649 1723 1760 1805 paucis
1787 1732 1865 1789 5515
1891 1725 2058 1791 mensibus
2080 1724 2122 1791 ad
2144 1725 2209 1791 ool-

213 1833 360 1917 loquium
381 1833 540 1900 indictum
563 1833 733 1898 variarum
754 1833 898 1915 partium
921 1832 1063 1917 theologi
1084 1832 1278 1899 conventuri
1299 1839 1402 1897 erant
1446 1832 1499 1899 Ibi
1521 1832 1652 1916 quidem
1673 1833 1709 1898 in
1732 1834 1875 1900 medium
1902 1835 2028 1918 prolata
2047 1858 2115 1902 non
2136 1836 2209 1915 fnit,

213 1946 291 2028 quia
312 1944 352 2010 de
370 1964 407 2008 re
429 1946 683 2010 sacramentaria
703 1945 836 2010 omnino
858 1966 924 2009 555
946 1953 1054 2009 actum
1076 1953 1135 2021 est,
1159 1951 1192 2008 51
1212 1943 1276 2008 555
1299 1944 1372 2028 ipsa
1399 1942 1440 2008 de
1469 1964 1567 2010 causa
1593 1967 1681 2010 5555
1709 1946 1800 2030 typis
1828 1945 2046 2031 evulgandum
2072 1948 2208 2014 curavit

213 2057 278 2124 Est
298 2056 475 2123 octodecim
497 2056 644 2124 articulis
666 2054 898 2139 comprehensa
920 2062 953 2120 et
973 2055 1086 2121 multis
1107 2062 1240 2138 patrum
1262 2056 1458 2121 testimoniis
1481 2058 1679 2122 confirmata.
1724 2058 1849 2124 Ultimo
1867 2058 2008 2143 denique
2027 2057 2098 2124 loco
2114 2057 2209 2124 nobis

214 2168 325 2236 veniet
345 2168 503 2251 scriptum
524 2168 647 2234 autoris
668 2167 815 2232 omnium
837 2165 1073 2250 amplissimum
1106 2173 1135 2230 4.
1157 2167 1313 2251 Apotoqia
1334 2167 1535 2250 masereionis
1562 2169 1600 2234 de
1623 2166 1723 2234 05515
1745 2169 1878 2236 Domini
1894 2175 2000 2236 555115
2020 2169 2210 2252 corruptelas

214 2285 243 2347 ct
263 2279 438 2345 eadmerum
460 2278 506 2345 Io.
532 2277 656 2344 Osirim
676 2279 795 2359 scripta
816 2284 909 2344 caett.
942 2298 1016 2343 cum
1039 2277 1219 2363 epigraphe
1248 2300 1288 2344 ex
1309 2278 1425 2344 Iorem.
1450 2282 1490 2343 23
1513 2287 1559 2355 (v.
1588 2280 1651 2360 16),
1679 2279 1800 2345 ibidem
1830 2281 1944 2346 eodem
1974 2303 2060 2347 anno
2089 2302 2211 2347 excusa

213 2391 334 2475 viginti
356 2411 476 2455 novem
497 2389 774 2472 quaternionibus,
798 2390 927 2473 paginis
948 2392 1020 2454 462.
1064 2391 1139 2455 Hoc
1161 2392 1303 2456 maxime
1324 2390 1492 2473 scriptum,
1515 2398 1554 2456 ut
1575 2411 1617 2456 ex
1639 2391 1839 2475 praefatione
1861 2400 1960 2475 patet,
1988 2400 2102 2459 contra
2123 2392 2210 2459 Ulti-

213 2523 303 2567 mam
325 2501 455 2567 (1515151
478 2499 735 2566 admonitionem
755 2500 914 2565 directum
937 2501 1007 2566 fuit

367 2613 441 2679 His
454 2613 565 2696 utique
587 2611 736 2678 addenda
758 2612 822 2677 erit
842 2612 1004 2679 coronidis
1025 2612 1095 2680 loco
1117 2612 1263 2696 11515515
1283 2615 1363 2680 docti
1384 2618 1413 2676 et
1428 2615 1481 2697 pii
1502 2615 1668 2680 cuiusdam
1694 2615 1758 2678 oiri
1779 2635 1844 2697 qao
1869 2614 2025 2680 macriora
2045 2614 2210 2680 5515511555

214 2726 352 2792 55555515
372 2745 534 2808 capusum
554 2724 617 2790 eibi
638 2746 660 2791 5
683 2722 813 2790 caram
833 2724 989 2808 arceat,
1011 2745 1035 2790 s.
1057 2723 1079 2789 l.
1101 2728 1184 2788 1558
1207 2744 1292 2807 quac
1314 2724 1356 2790 ad
1378 2725 1613 2809 Westphalum
1637 2726 1760 2809 scripta
1782 2726 1812 2791 d.
1832 2729 1861 2790 8.
1881 2725 2051 2792 Decembr.
2075 2729 2155 2789 1557
2169 2724 2210 2791 ab

214 2837 329 2904 eodem
351 2836 538 2921 appendicis
560 2837 630 2902 vice
654 2834 862 2916 Ooafmaticri
883 2857 983 2920 supra
1000 2842 1197 2903 memoratae
1215 2837 1361 2903 subiecta
1379 2836 1509 2920 legitur.
1550 2839 1658 2903 Autor
1675 2837 1863 2903 subscribit:
1890 2838 1978 2903 Tuae
1993 2837 2211 2918 praestantiae

212 2948 505 3016 memoratissimus
527 2947 569 3013 N.
589 2948 625 3013 ia
645 2948 678 3014 ta
701 2946 887 3029 Babylonia,
909 2956 1005 3030 atque
1026 2946 1113 3013 idem
1134 2954 1186 3014 est
1212 2947 1269 3013 ille
1297 2949 1390 3014 cuius
1419 2948 1517 3013 aliam
1546 2948 1717 3031 epistolam
1745 2969 1831 3014 anno
1860 2948 2076 3033 praecedente
2097 2948 2210 3014 West-

213 3059 332 3144 phalas
352 3079 428 3125 cum
448 3059 586 3125 caeteris
605 3058 775 3125 Saxonum
797 3057 1069 3125 declarationibus
1090 3059 1246 3125 ediderat
1292 3057 1400 3140 Quem
1422 3057 1581 3124 Calvinus
1609 3059 1747 3143 dignum
1769 3059 1929 3126 habuerat
1950 3059 2002 3127 cui
2030 3061 2065 3125 15
2083 3059 2211 3127 Ultima

213 3193 274 3239 sua
296 3170 515 3238 admonitione
536 3171 634 3255 paulo
656 3170 834 3237 animosius
854 3171 980 3238 corium
996 3170 1195 3251 concideret;
1217 3171 1271 3235 hic
1288 3170 1570 3238 vibicosusadhuc
1583 3179 1669 3237 totns
1682 3173 1819 3255 iampar
1834 3172 1905 3255 pari
1918 3171 2039 3236 referre
2062 3178 2209 3236 conatur.

368 3283 640 3366 Redintegratam
660 3283 760 3348 tuisse
781 3282 1037 3348 controversiam
1058 3282 1346 3349 sacramentarium
1368 3283 1480 3366 paucis
1501 3292 1576 3367 post
1597 3285 1692 3362 annis
1714 3282 1891 3350 Calvinum
1912 3286 1999 3347 inter
2022 3291 2056 3347 et
2076 3280 2211 3347 Heshu·

214 3396 301 3463 sium
321 3395 408 3460 intra
428 3416 488 3460 suo
509 3393 579 3460 loco
600 3392 791 3460 ridebimus.
826 3393 1003 3459 Caeterum
1025 3393 1151 3459 libellos
1170 3394 1250 3459 15155
1271 3414 1394 3471 omnes,
1417 3401 1573 3477 quotquot
1589 3394 1651 3460 hoc
1673 3396 1778 3479 capite
1798 3395 2030 3473 recensuimus,
2053 3401 2151 3475 atque
2168 3412 2211 3458 ex

214 3513 309 3590 parte
330 3506 507 3573 rarioribus
530 3504 800 3582 adnumerandos,
828 3527 869 3570 ex
899 3505 1001 3570 variis
1026 3504 1247 3582 bibliothecis,
1278 3505 1424 3572 maxime
1449 3506 1785 3590 Argentoratensibus
1814 3503 1954 3582 duabus,
1984 3503 2153 3570 seminarii
2177 3507 2212 3568 et

213 3617 476 3696 Wilhelmitana,
499 3626 569 3683 tum
592 3626 626 3682 et
647 3617 828 3694 1515155551,
850 3637 1026 3701 congerere
1047 3615 1140 3682 nobis
1162 3637 1259 3683 curae
1280 3616 1352 3695 fuit,
1376 3637 1482 3701 neque
1503 3617 1671 3699 impensae
1693 3617 1855 3701 poenituit
1871 3616 1928 3683 ubi
1945 3615 2210 3682 redimendorum

213 3729 307 3813 copia
325 3730 439 3807 tiebat,
468 3751 569 3813 quum
590 3730 721 3812 saepius
742 3727 873 3794 Oalvini
893 3730 1006 3808 verba,
1040 3730 1109 3794 sive
1137 3729 1208 3813 ipse
1229 3730 1399 3808 πολεμικῶς
1429 3728 1674 3813 progrediatur,
1706 3729 1777 3796 sive
1799 3730 1938 3795 afiorum
1961 3735 2156 3812 argumenta
2174 3727 2210 3791 15

212 3839 303 3923 ipsos
322 3849 517 3924 retorqueat,
539 3842 609 3907 sive
631 3839 763 3907 demum
785 3860 820 3906 se
841 3839 1004 3919 defendat,
1027 3860 1092 3905 non
1114 3840 1177 3905 nisi
1201 3839 1331 3905 collatis
1360 3839 1622 3906 adversariorum
1650 3841 1795 3907 textibus
1824 3839 1981 3906 elucidari
2007 3839 2148 3922 possint,
2176 3842 2210 3901 et

213 3951 290 4017 talis
311 3950 492 4017 collationis
513 3952 625 4018 sedulo
646 3953 815 4019 institutae
836 3952 976 4038 vestigia
998 3951 1075 4018 hinc
1096 3948 1173 4017 inde
1194 3953 1231 4016 in
1253 3952 1521 4018 annotationibus
1538 3951 1660 4018 nostris
1680 3953 1846 4020 exstantia
1865 3934 2016 4035 reperies.

987 4245 1190 4334 CAPUT
1222 4247 1439 4331 XXXVL

227 4551 229 4555 ι
359 4483 849 4583 REFORMATION
883 4484 1148 4583 CONTRE
1187 4485 1279 4582 AN
1281 4485 1486 4582 TOINE
1514 4481 1871 4583 CATHELAN
1901 4473 2072 4577 1556..

370 4739 422 4804 De
433 4738 495 4804 hoc
506 4737 615 4804 libello
636 4737 724 4803 inter
743 4736 944 4805 calvinianos
961 4745 1130 4818 tractatus,
1153 4741 1262 4805 sinon
1279 4741 1424 4819 minimo,
1446 4739 1563 4806 saltem
1578 4736 1723 4802 minimis
1741 4735 1951 4815 accensenda,
1974 4745 2042 4803 tum
2060 4742 2210 4821 respectu

216 4850 359 4917 ambitus
382 4851 501 4929 habito,
524 4871 623 4933 quam
644 4849 750 4933 quoad
771 4851 956 4934 argumenti
979 4850 1171 4936 dignitatem
1193 4861 1227 4917 et
1246 4859 1459 4928 momentum,
1482 4868 1549 4913 non
1570 4847 1675 4912 multa
1696 4855 1877 4931 suntquae
1898 4857 2007 4915 tecum
2028 4849 2209 4914 communi-

216 4981 290 5027 care
311 4983 484 5046 possumus
504 4961 693 5043 emerammi,
717 4982 819 5045 eaque
837 4961 894 5027 vix
915 4962 1046 5045 planius
1073 4971 1107 5030 51
1135 4965 1256 5029 rectius
1283 4961 1463 5028 dixerimus
1492 4979 1589 5043 quam
1612 4958 1666 5024 bis
1688 4958 1859 5026 Oolladoni
1887 4958 2011 5035 vorbis,
2038 4959 2092 5041 qui
2121 4957 2209 5023 solus

215 5093 284 5138 rem
308 5074 450 5158 attingit,
474 5074 561 5139 Beza
581 5075 616 5138 in
638 5074 717 5139 Vita
740 5073 872 5140 Oalvini
893 5074 995 5141 latine
1017 5076 1201 5158 conscripta
1222 5082 1360 5151 tacente,
1382 5095 1457 5158 pag.
1484 5077 1540 5136 111
1564 5070 1614 5136 ed.
1631 5071 1811 5150 Franlrlin:
1843 5069 2045 5136 (1551555555
2064 5068 2098 5134 u
2116 5072 2209 5134 155⁶

215 5183 403 5265 decerpere
424 5187 546 5268 tepetit
565 5187 655 5252 tieret
675 5186 799 5252 iatitrsii
820 5187 1047 5253 Reformation
1066 5206 1151 5269 pour
1172 5186 1315 5268 imposer
1342 5185 1463 5251 5115555
1484 5190 1505 5248 a
1526 5203 1575 5247 un
1603 5183 1726 5249 certain
1753 5183 1885 5249 belistre
1912 5189 2042 5246 nomme
2063 5178 2214 5246 Antoine
