4748 5798
227 1591 309 1658 Fuit
330 1600 443 1659 nostra
464 1602 570 1662 aetate
588 1597 787 1662 Praeosntor
808 1596 941 1681 qnidam
963 1597 1117 1664 ecclesiae
1169 1601 1255 1661 esset
1275 1596 1432 1681 probatio.
1477 1595 1585 1679 Quam
1612 1595 1697 1662 belle
1723 1616 1803 1662 vero
1824 1595 1977 1663 ceciderit
1988 1601 2013 1678 ¹)
2033 1598 2067 1684 pl
2131 1651 2140 1681 ,

129 1677 358 1760 Aureliensis,
376 1680 539 1747 (lorrueus
552 1684 576 1763 ¹)
591 1684 733 1760 nomine,
752 1684 844 1766 qni2)
862 1705 964 1766 quum
984 1683 1116 1768 linguae
1168 1687 1282 1746 tenere
1303 1682 1584 1766 operaepretium
1606 1691 1665 1748 est.
1708 1682 1793 1748 Erat
1811 1681 1861 1747 illi
1883 1683 2026 1768 aptiums
2047 1619 2141 1752 Βοΐ-

129 1765 343 1848 proterviam
365 1775 532 1832 exsereret
553 1768 711 1834 adversus
732 1790 859 1848 omnes,
888 1768 1014 1835 solebat
1040 1791 1060 1834 a
1081 1789 1116 1834 se
1168 1766 1219 1846 lis,
1240 1775 1275 1833 et
1292 1767 1440 1833 moribus
1461 1768 1531 1834 eins
1548 1767 1746 1853 aptissimus,
1768 1768 1821 1834 cni
1842 1788 1963 1835 nomen
1984 1767 2141 1837 Sarnous·

128 1849 214 1933 ipso
236 1849 352 1916 ordiri:
380 1862 478 1935 atque
505 1853 552 1919 ita
573 1855 676 1921 lucete
704 1855 882 1938 occupabat
907 1876 1117 1938 quaecunque
1169 1864 1247 1931 sato,
1278 1852 1364 1936 quod
1385 1853 1541 1937 Lugduni
1569 1854 1681 1937 pueris
1701 1874 1828 1937 quoquc
1849 1855 2059 1920 notissimum
2081 1865 2139 1924 est.

128 1935 172 2000 in
198 1936 307 2018 ipsum
330 1940 474 2020 torqueri
488 1948 645 2023 poterant
666 1940 818 2006 dicteria.'
842 1940 884 2004 In
906 1940 1037 2005 homine
1054 1941 1117 2024 igi·
1169 1939 1275 2005 'Penta
1295 1938 1382 2004 inter
1403 1959 1457 2004 eos
1478 1940 1663 2004 animorum
1675 1939 1868 2018 coniunctio,
1890 1947 1929 2005 ut
1938 1947 2053 2007 mutuo
2064 1963 2140 2008 eon-

129 2030 198 2086 tur
220 2022 368 2104 improbo
390 2035 423 2088 et
444 2045 586 2107 nequam
605 2027 715 2107 aliqua
732 2027 795 2091 fuit
813 2025 1115 2109 verecundiae'spe·
1169 2044 1277 2104 sensu,
1295 2032 1331 2090 et
1346 2025 1438 2110 quasi
1456 2044 1497 2097 ex
1519 2032 1694 2109 compacto,
1717 2032 1861 2091 scortum
1879 2026 2036 2092 ambobus
2052 2047 2141 2094 oom-

128 2107 224 2183 cie's,
253 2107 339 2189 qnod
361 2108 465 2173 nihilo
487 2112 591 2194 magis
611 2112 677 2191 sibi>
695 2132 791 2194 quam
814 2112 925 2195 aliis⁸)
953 2113 1114 2193 parcebat
1167 2130 1267 2175 mune
1289 2120 1400 2176 esset¹
1427 2108 1555 2175 Verum
1577 2131 1677 2194 quum
1699 2111 1817 2176 tertius
1835 2109 1967 2195 quidam
1988 2122 2075 2182 esset
2094 2115 2139 2178 ri-

127 2190 241 2258 Nuno
263 2213 342 2258 vero
364 2205 497 2260 exortus
518 2209 570 2261 est
589 2195 682 2262 nobis
708 2197 806 2280 longe
827 2197 992 2263 dissimilis
1013 2198 1116 2263 Prae-
1167 2195 1261 2275 valis,
1288 2197 1396 2262 nascio
1416 2196 1471 2278 qui
1491 2196 1615 2261 iactum
1644 2203 1694 2261 est
1722 2205 1759 2261 ut
1787 2192 2035 2276 Samoussetus‚
2063 2220 2139 2263 eum

130 2280 294 2360 centor⁴)
305 2278 540 2363 Lugdunensis
558 2282 721 2360 ecelesiae,
744 2281 1115 2367 Gabriel'deSaconay,
1167 2280 1252 2347 lecto
1274 2283 1414 2364 potitum
1435 2281 1627 2363 suspicatus,
1655 2289 1754 2348 noctu
1776 2280 1817 2346 ad
1838 2281 2068 2348 vindicandam
2088 2284 2140 2352 iu-

130 2364 196 2446 qui
220 2371 352 2446 sumpta
373 2366 466 2449 gravi
485 2387 623 2449 persona
646 2372 799 2453 tanquam
822 2370 968 2434 larvatus
990 2369 1115 2433 theolo·
1167 2366 1286 2432 iuriam
1313 2367 1435 2432 ostium
1463 2366 1578 2431 domus
1604 2366 1741 2451 pulsans
1765 2367 1802 2432 in
1829 2368 1987 2434 miserum
2014 2369 2138 2435 socium

134 2468 204 2531 gns
225 2448 392 2515 theatrum
414 2472 488 2516 cum
500 2450 576 2519 altis
593 2454 762 2519 cothumie
773 2455 926 2532 ascendit,
936 2456 964 2530 15)
986 2476 1025 2519 ae
1042 2474 1115 2536 per·
1165 2451 1326 2519 inciderit
1359 2452 1406 2519 Ut
1427 2459 1498 2519 crat
1517 2451 1679 2537 zelotypia
1705 2472 1861 2520 aecensus
1887 2453 1986 2520 nimis
2004 2454 2140 2521 festius·

135 2533 221 2598 inde
243 2533 403 2601 disserere
424 2536 524 2603 audet
545 2539 585 2604 de
607 2541 799 2606 coelestibus
821 2542 1000 2624 mysteriis,
1028 2560 1065 2606 ac
1086 2540 1115 2605 si
1168 2539 1216 2604 vit
1242 2539 1278 2602 in
1313 2537 1452 2603 vulnere
1476 2537 1703 2623 infligendo.²)
1755 2537 1915 2604 Defertur
1943 2538 1997 2606 hic
2024 2541 2140 2607 infelix

138 2639 158 2683 a
180 2640 287 2704 puero
304 2622 339 2685 in
361 2624 627 2707 apostolorumet
648 2627 879 2709 prophetarum
902 2626 1015 2692 schola
1034 2625 1115 2690 edn-
1168 2622 1330 2706 athleta⁸)
1351 2622 1493 2689 domum.
1527 2624 1677 2709 'Oognito
1698 2643 1810 2690 errore
1831 2623 1962 2690 advolat
1983 2623 2141 2693 Samous·

140 2715 236 2770 catus
265 2715 365 2785 esset,
399 2717 433 2773 et
456 2709 590 2792 pietatis
619 2709 767 2778 doctrina
793 2712 891 2795 probe
923 2711 1115 2795 imbutusl)
1168 2717 1271 2775 setus:
1304 2708 1529 2795 collacrymari
1551 2717 1665 2775 mutuo
1687 2709 1841 2792 amplexu
1859 2710 2040 2793 *amicitiam
2062 2732 2139 2778 con-

143 2811 244 2874 quam
267 2800 377 2858 tamen
398 2796 434 2858 in
456 2797 569 2880 ganeis
591 2805 624 2863 et
645 2797 757 2862 lustris
767 2800 794 2881 7)
815 2792 1000 2861 demersum
1030 2818 1115 2861 sem-
1166 2795 1310 2860 firmant.
1352 2795 1446 2860 Haec
1467 2795 1644 2880 insignia⁴)
1667 2794 1799 2874 scilicet,
1821 2815 1904 2878 quae
1924 2816 1967 2861 ex
1987 2795 2141 2881 lupanari

143 2896 203 2959 per
224 2876 326 2943 fuisse
348 2890 481 2945 constet.
527 2880 565 2948 Si
587 2883 744 2967 Lugduni
766 2885 934 2967 quaeritur
955 2885 1115 2950 famosum
1166 2880 1289 2960 retulit,
1312 2882 1437 2946 animos
1458 2882 1584 2947 faciunt
1605 2879 1646 2945 sd
1668 2881 1876 2965 magnificam
1898 2880 1983 2947 hanc
2003 2880 2140 2966 loquen-

144 2961 295 3046 lupanar,
328 2964 443 3031 domus
470 2967 542 3033 eius
569 2970 692 3051 primus
715 2969 845 3034 tenebit
890 2968 1016 3035 Omitto
1037 2971 1115 3037 cho-
1167 2967 1262 3030 tiam:
1291 2987 1356 3049 qua
1377 2988 1443 3031 non
1472 2988 1564 3033 secus
1586 2965 1686 3031 audet
1708 2975 1942 3049 unusquam
1970 2969 1999 3032 si
2026 2967 2139 3053 incog-

145 3069 217 3113 reas
239 3056 274 3117 et
295 3049 492 3131 saltationes,
501 3050 532 3138 Β)
554 3075 634 3136 quas
662 3057 766 3120 severi
794 3055 937 3138 castique
966 3056 1115 3121 homines
1167 3054 1241 3118 nita
1259 3059 1345 3118 esset
1364 3053 1467 3117 totius
1488 3052 1578 3118 vitae
1599 3053 1671 3123 eius
1686 3051 1896 3117 obscoenitas.
1930 3050 2020 3134 Quin
2039 3053 2140 3118 etiam

146 3143 300 3199 vocarent
331 3135 500 3203 lenocinia.
555 3138 756 3224 Simpliciter
788 3141 875 3217 dico,
908 3163 974 3206 non
1004 3144 1114 3207 minas
1166 3137 1343 3221 pudicitiae
1371 3137 1591 3221 patrocinium
1625 3137 1764 3219 suscipit
1796 3137 1896 3202 homo
1923 3137 2139 3216 verecundus,

145 3217 256 3302 aperte
278 3220 454 3304 hospitium
473 3226 627 3307 praebere
638 3227 888 3292 scortationibus
910 3226 1045 3310 aliisque
1055 3230 1115 3292 fla·
1166 3231 1254 3290 certe
1277 3221 1395 3307 dignus
1416 3223 1472 3305 qui
1492 3222 1607 3289 Bonae
1627 3221 1720 3288 Deae
1728 3223 1758 3305 ὁ)
1780 3222 1824 3287 sit
1846 3223 2004 3288 sacerdos
2040 3221 2138 3304 Quid,

145 3305 249 3388 gitiis,
276 3327 374 3389 quam
402 3312 430 3374 si
457 3312 624 3376 meritoria
650 3312 789 3395 taberna
815 3316 946 3387 esset⁰l
990 3312 1115 3379 Demos
1166 3330 1202 3374 os
1224 3310 1406 3393 impurum,
1435 3307 1524 3373 unde
1551 3308 1634 3373 nihil
1661 3315 1793 3392 praeter
1813 3308 2139 3374 teterrimum'focto·

144 3390 330 3474 frequentat
349 3397 438 3460 omni
460 3394 616 3462 dedecore
637 3399 780 3478 refertas,
801 3400 1019 3482 foetoremque
1039 3408 1115 3464 tan·
1166 3416 1235 3460 ram
1257 3393 1405 3460 exhalari
1425 3401 1543 3478 potest,
1564 3393 1626 3460 hoc
1646 3412 1773 3478 qnoque
1790 3392 1832 3459 ad
1853 3401 1945 3458 tuam
1966 3392 2137 3480 impuden-

145 3497 242 3558 quam
265 3481 433 3546 venaticus
456 3483 545 3548 canis
573 3484 682 3550 olfacit
708 3505 767 3566 pro
793 3485 986 3550 suavissimo
1007 3485 1113 3550 odore.
1166 3479 1247 3545 tiam
1268 3479 1428 3558 restabat,
1457 3487 1497 3544 ut
1517 3477 1558 3544 de
1579 3480 1728 3546 castitate
1754 3478 1892 3546 verbum
1910 3480 2017 3544 facore
2038 3478 2137 3545 aude-

146 3560 183 3628 si
210 3584 292 3646 quas
320 3577 429 3631 autem
459 3569 564 3652 magis
590 3570 736 3652 integras
764 3581 797 3635 et
823 3571 976 3635 honestas
1003 3573 1114 3649 intrat,
1167 3565 1242 3632 res?
1284 3565 1484 3631 Declamitet
1505 3565 1541 3630 in
1561 3567 1762 3650 promiscuos
1778 3565 1976 3642 concubitus,
1999 3574 2138 3648 quorum

146 3669 279 3714 suarum
300 3649 472 3717 libidinum
496 3657 569 3732 [pag.
588 3657 622 3733 4]
645 3656 793 3721 sordibus
813 3678 869 3722 cas
887 3657 998 3721 inficit.
1042 3657 1115 3723 Nisi
1165 3652 1331 3718 licentiam
1353 3649 1440 3736 apud
1462 3671 1522 3716 nos
1543 3652 1686 3736 grassari
1715 3671 1781 3715 non
1808 3654 1882 3730 [pag.
1902 3654 1934 3730 ⁶]
1955 3649 2064 3715 minus
2085 3672 2138 3718 se·

144 3733 284 3802 Veneris
306 3737 462 3822 stigmate
482 3740 517 3803 in
546 3740 628 3806 facie
656 3752 814 3825 gestaret,
842 3745 924 3807 forte
953 3740 1115 3809 difficilior
1166 3759 1243 3804 cure
1257 3738 1420 3816 'affirmat
1447 3758 1545 3820 quam
1573 3737 1602 3803 si
1630 3734 1670 3801 de
1694 3734 1759 3801 alio
1785 3736 1863 3801 orbe
1883 3735 2094 3802 fabularetur.
2109 3739 2137 3821 ο)

1166 3824 1267 3908 Atqui
1289 3826 1318 3890 si
1339 3822 1452 3888 ffldem
1474 3822 1633 3906 Lugduni
1654 3842 1737 3904 quas
1758 3818 1846 3904 apud
1866 3841 1927 3886 nos
1947 3821 2075 3907 vigeret
2091 3821 2138 3887 le·

599 3963 600 3967 ,
1166 3932 1244 3994 gum
1265 3908 1424 3975 severitas
1446 3909 1482 3974 in
1502 3905 1669 3992 puniendo
1688 3906 1749 3973 hoc
1772 3905 1908 3986 scolere,
1937 3905 2062 3990 pridem
2085 3929 2138 3974 ca·

212 4023 242 4091 1)
260 4022 393 4082 com:
412 4027 489 4084 Bm
505 4035 531 4084 et
547 4029 648 4083 Am,
665 4029 805 4085 Comus·
1164 3995 1266 4061 daver
1294 4003 1388 4060 tuum
1416 3992 1457 4059 ad
1483 3995 1591 4059 fureas
1608 4011 1805 4075 suspensum
1824 4013 2000 4058 corvorum
2023 3994 2138 4060 fuisset

211 4092 242 4159 2)
260 4095 342 4164 grand
361 4113 475 4166 gessaar
492 4107 521 4153 et
543 4115 573 4153 se
591 4099 712 4157 donnaot
734 4108 810 4154 toute
832 4099 936 4154 lirense
953 4101 987 4155 de
1004 4102 1113 4155 bracar·
1166 4080 1267 4146 Glblffl·
1302 4079 1398 4147 Ande
1414 4077 1581 4164 ὓθὲῧῐθιη
1601 4079 1629 4143 ΒῘ
1651 4077 1798 4177 ωΡῇηῙθι
1820 4083 1859 4142 ut
1879 4079 2031 4161 ⁰P0¹t¹¹ib
2054 4087 2139 4145 ⁰⁵⁸⁰¹⁵

147 4162 192 4218 der
210 4176 239 4217 at
255 4164 383 4219 mesdire:
409 4166 498 4288 lepuel
522 4167 664 4223 tentesfois
688 4169 761 4222 avait
785 4177 858 4223 ceste
882 4184 944 4223 rosc
968 4186 1020 4239 que
1042 4187 1113 4238 pour
1166 4167 1371 4242 adulterium,
1394 4172 1427 4228 te
1448 4164 1602 4229 honestas
1623 4163 1782 4229 focmlnas
1804 4161 1860 4229 vol
1880 4162 2060 4247 stuprando
2082 4162 2137 4229 val

148 4231 290 4300 desgorger
308 4233 369 4301 plus
386 4235 435 4288 har
453 4237 537 4289 ineos
553 4243 614 4290 tout
631 4252 661 4290 ce
678 4239 723 4358 spui
742 4237 887 4305 luyvenoit
903 4253 936 4290 en
955 4238 983 4294 la
999 4239 1112 4308 horrebo,
1165 4250 1379 4329 sollicitando,
1402 4257 1532 4315 (gentum
1550 4256 1672 4316 mom
1692 4249 1793 4314 fuisse
1813 4250 1982 4314 meritum:
2004 4248 2137 4314 domum

147 4300 690 4443 lattmdttlitff‘ettt'l‘tttttl
702 4313 970 4441 attitulat?
983 4304 1112 4444 tt'ltll
1164 4336 1384 4421 adalidem
1412 4354 1496 4419 (ιιιειθ
1522 4333 1729 4419 ⁰0¹¹1>¹⁰0¹¹1
1755 4354 1776 4400 ι
1797 4334 1902 4401 veen
1923 4333 2137 4400 ¹¹¹⁰¹1⁰l⁸⁸1l⁰

149 4446 205 4492 eost
221 4455 276 4507 pen
293 4447 389 4493 mettre
408 4456 441 4494 en
459 4449 541 4496 avant
555 4452 646 4495 contre
657 4442 710 4511 luy,
727 4445 844 4497 iermant
859 4443 886 4496 la
904 4445 1111 4499 ooucneutous

147 4520 213 4576 pour
230 4523 265 4561 ne
282 4507 342 4561 leur
358 4507 454 4563 laisser
471 4525 575 4565 aucune
592 4511 737 4580 replicqoe.

211 4573 241 4641 3)
261 4584 323 4630 tous
341 4593 409 4631 ceux
426 4580 552 4646 arisquels
569 4579 588 4633 il
605 4580 718 4634 donnoit
735 4579 768 4634 de
786 4579 830 4634 se's
848 4579 967 4635 indens.
1232 4575 1261 4642 1)
1280 4577 1309 4632 ln
1345 4582 1387 4632 est
1405 4576 1467 4632 bien
1485 4576 1622 4632 eschcutc.
1839 4642 1846 4655 ⁸

211 4642 243 4709 4)
261 4645 372 4699 channe
391 4662 425 4700 ou
443 4647 609 4703 Precenteur
625 4650 726 4702 comme
744 4649 762 4701 il
779 4665 809 4701 se
827 4662 940 4702 nomme.
1230 4644 1262 4709 2)
1280 4594 1419 4700 tebemcnt
1435 4643 1499 4714 qn'il
1516 4645 1563 4714 luy
1579 4642 1611 4699 lit
1627 4657 1680 4698 une
1697 4642 1802 4698 bulaire
1820 4643 1881 4696 bren
1898 4640 1973 4695 rude.
2012 4656 2016 4668 ··

210 4712 242 4778 b)
261 4710 326 4767 s’est
343 4715 392 4769 mis
411 4731 444 4770 sn
462 4725 544 4770 avant
560 4732 661 4771 comme
679 4714 721 4772 s’il
739 4717 1111 4772 lustmonttsurnnsscbal·
1231 4713 1261 4781 8)
1281 4730 1312 4768 ce
1329 4729 1413 4784 porro
1431 4714 1560 4769 malosuu
1578 4711 1667 4782 lequel
1685 4751 1692 4767 .
1711 4750 1718 4765 .
1736 4751 1743 4765 .
1762 4751 1769 4764 .
1787 4709 1924 4778 pourlers
1941 4708 1983 4762 fut
2000 4707 2053 4761 mul
2065 4722 2134 4763 vesu

145 4774 209 4836 lana
235 4783 312 4835 linai
330 4780 545 4841 s’estsutdresse
563 4801 611 4840 sur
627 4798 770 4856 sesergets
788 4802 823 4840 ou
841 4786 902 4841 bien
920 4788 1112 4840 estantmontb
1164 4800 1197 4838 en
1214 4799 1264 4837 sen
1281 4796 1438 4853 gamouage.
1524 4849 1554 4863 ..

143 4856 188 4903 tur
205 4849 256 4904 des
274 4849 416 4908 eschances
433 4888 440 4904 .
457 4893 464 4907 .
482 4893 489 4906 .
507 4892 515 4907 .
1231 4850 1261 4914 4)
1281 4867 1327 4905 ces
1344 4851 1431 4907 belles
1448 4861 1594 4906 srmomes

210 4915 241 4982 6)
261 4916 335 4972 larci
1232 4918 1262 4986 b)
1281 4919 1355 4974 Ado.
1371 4917 1451 4989 qu’on
1471 4918 1604 4989 appelleit
1626 4914 1758 4984 titensa,
1777 4911 1897 4983 laquelle
1922 4909 2046 4992 conmolt
2067 4926 2133 4967 sous

212 4984 242 5053 7)
261 5001 295 5040 en
311 4987 419 5044 herlans
435 4995 463 5044 et
480 4989 628 5045 bordeanx.
1024 4991 1027 4999 '
1165 5005 1215 5045 son
1233 4990 1324 5043 ambre
1341 4988 1382 5042 les
1399 4986 1511 5043 ordures
1521 4987 1561 5042 les
1575 4987 1638 5057 plus
1656 4979 2135 5049 detesteblesqa'onsturortpenssr.

211 5053 242 5120 8)
262 5055 359 5111 denses
375 5059 542 5127 inpudiques
561 5067 590 5114 et
605 5059 685 5115 telles
703 5059 885 5116 dissolutione.
1233 5056 1263 5123 6)
1281 5073 1383 5112 comme
1401 5057 1440 5111 s’il
1460 5057 1563 5114 contoit
1579 5055 1628 5111 des
1644 5052 1733 5109 isbles
1751 5051 1799 5106 des
1816 5049 1886 5105 Ioles
1902 5046 2023 5104 nealces.

212 5124 243 5187 9)
262 5123 303 5179 s'il
321 5141 354 5180 en
371 5128 457 5181 tenuit
474 5130 602 5199 boutique
619 5142 685 5181 avec
702 5131 828 5196 enseigns
845 5129 959 5198 pendae.
1232 5123 1262 5194 7)
1282 5124 1354 5181 ddd.
1370 5124 1477 5182 mastin.
