4590 5858
72 221 142 284 su
892 215 1261 317 smmiuouus
2011 220 2074 282 em

77 412 130 473 est
156 406 246 473 desis
271 412 454 490 prononeee
480 412 515 472 et
542 406 755 492 emines,
789 426 853 489 que
879 401 968 471 Dieu
1000 404 1054 471 de
1105 406 1246 485 faciatis,
1275 407 1335 485 sie,
1368 407 1501 491 inquam
1534 428 1593 472 vos
1610 406 1833 492 'eompuretis
1866 406 2078 492 invigilantes

78 491 238 559 mandere
257 491 347 560 leurs
368 511 459 559 ames
480 490 521 559 de
540 515 600 560 vos
619 492 735 559 mains
1105 493 1197 577 gregi
1224 492 1376 575 omnique
1403 494 1529 558 ratione
1556 491 1672 559 dantes
1698 513 1831 576 operum
1857 502 1890 558 et
1911 491 2079 557 elaboren-
2120 508 2124 514 ’

1104 584 1164 656 tes,
1186 585 1225 643 ut
1244 599 1340 643 nemo
1362 599 1426 643 nen
1449 600 1490 643 ex
1511 583 1580 643 toio
1602 599 1702 664 grege
1723 585 1814 645 reeta
1837 578 2021 663 segnitione
2044 584 2077 652 et

1104 661 1171 728 fide
1192 663 1270 729 Iesu
1287 662 1413 729 Christi
1434 664 1600 729 imbuatur
1621 684 1663 730 ex
1683 685 1765 747 puro
1782 664 1848 729 Dei
1868 661 1978 729 verbo.
2012 661 2077 728 sin

1104 750 1224 828 minus,
1246 756 1311 814 stat
1331 748 1397 814 iem
1420 750 1487 815 lata
1508 750 1543 815 in
1564 771 1622 815 vos
1644 750 1814 830 sententia,
1833 757 1867 814 et
1882 749 1983 815 saeris
2003 748 2077 814 lite-

1072 860 1074 863 ·
1105 835 1151 899 ris
1183 841 1338 917 tunquam
1370 835 1510 919 publicis
1541 836 1783 908 commentariis
1817 834 2077 918 authentieisque

1104 920 1227 986 tubulis
1249 921 1448 1003 consignata,
1471 921 1540 986 fore
1562 921 1740 988 certissime
1762 925 1800 986 ut
1820 920 1946 986 animas
1963 940 2078 985 eorum

1104 1007 1251 1071 omnium
1278 1027 1296 1071 e
1322 1027 1422 1071 manu
1449 1014 1560 1072 vestra
1593 1014 1719 1091 repetat
1747 1005 1911 1071 Dominus
1943 1026 2077 1072 severus

891 1143 893 1150 s
1102 1091 1364 1174 iustissimusque
1384 1091 1493 1158 iudex.

163 1176 215 1241 Le
236 1173 291 1242 Se‘
339 1196 400 1242 eur
420 1175 478 1243 des
497 1177 652 1244 lumieres
672 1196 733 1260 pur
754 1195 814 1242 son
836 1173 942 1241 sainct
960 1194 1058 1259 espes
1190 1176 1352 1242 Dominus
1374 1176 1466 1243 Deus
1485 1184 1578 1260 peter
1606 1176 1769 1253 luminum
1792 1186 1905 1243 saneto
1927 1196 1987 1242 suo
2009 1174 2077 1258 spi·

75 1261 123 1325 rit
147 1260 269 1328 vueille
317 1282 399 1328 ees
426 1264 539 1330 suinet‘
561 1270 598 1330 εὖ
625 1261 779 1330 saluiuire
805 1258 858 1328 liv
915 1261 968 1326 ''e
995 1283 1051 1327 en·
1103 1262 1170 1327 situ
1205 1261 1281 1328 velit
1312 1262 1438 1346 ignaris
1470 1263 1635 1328 e'mnibu's¹
1652 1263 1810 1347 affulgere
1841 1262 1938 1328 huius
1972 1261 2078 1327 sancii

76 1347 207 1432 seignur
226 1348 276 1414 les
296 1347 466 1432 ignorans,
493 1349 632 1415 fortifier
654 1349 702 1414 les
730 1346 860 1428 soibles,
889 1346 896 1359 '
924 1347 1053 1413 uminer
1104 1348 1266 1433 evangelii
1287 1348 1424 1413 salutari
1444 1348 1670 1433 intelligentia,
1692 1350 1838 1414 infirmos
1860 1347 2077 1428 corroborare,

75 1433 126 1498 les
146 1434 310 1519 sveugles,
332 1440 366 1499 et
386 1433 468 1501 faire
488 1456 609 1520 regnet
630 1455 667 1501 su
686 1433 792 1499 verite
814 1454 856 1499 en
877 1441 951 1498 tous
972 1453 1052 1517 peu·
1105 1454 1215 1500 eueeos
1242 1433 1441 1513 illuminare,
1471 1434 1589 1517 detque
1617 1455 1695 1500 suae
1724 1434 1855 1500 veritati
1884 1453 2021 1517 regnare
2042 1432 2078 1496 in

76 1518 147 1602 ples
173 1525 208 1585 et
234 1518 381 1599 natione,
410 1521 489 1586 affin
517 1542 580 1605 que
606 1520 638 1587 le
664 1518 784 1585 monde
815 1517 983 1586 universel
1009 1538 1052 1585 ne
1104 1520 1256 1585 omnibus
1273 1519 1402 1604 populis
1420 1527 1454 1584 et
1472 1520 1665 1598 nationibus,
1689 1526 1726 1584 ut
1743 1521 1917 1584 universus
1935 1516 2078 1582 mundus

71 1605 269 1690 eongnoiese
295 1609 400 1688 qu’un*
417 1605 505 1673 Dieu
532 1615 567 1672 et
594 1626 664 1690 ung
690 1605 762 1673 seul
783 1604 938 1671 suulveur
957 1605 1053 1671 Iesus
1106 1606 1238 1670 nonnisi
1271 1626 1376 1670 unum
1404 1604 1512 1670 Deum
1540 1627 1707 1689 unumque
1740 1612 1944 1676 servatorem
1968 1603 2080 1668 Iesum

70 1688 203 1757 Christ:
224 1711 291 1758 une
311 1691 377 1777 foy,
397 1700 432 1758 et
451 1714 520 1778 ung
539 1690 714 1777 umgfle.
758 1691 854 1757 Ainsi
875 1690 938 1757 soit
957 1690 992 1757 il,
1105 1690 1284 1841 Ohristgm,
1307 1712 1408 1762 unum
1429 1690 1528 1756 fidem
1550 1698 1584 1757 et
1606 1712 1708 1755 unum
1731 1689 1940 1774 evangelium
1954 1709 2081 1773 ugnos-

246 1828 249 1833 .
772 1803 774 1810 ·
1105 1784 1165 1842 eet
1242 1797 1327 1840 men.
