4724 5886
134 298 178 360 17
417 288 421 294 ’
655 289 892 360 Duuuufflo
912 289 1184 359 ΒΟΟΤΒΙΝΑΕ
1205 293 1270 359 DE
1292 291 1632 367 saomnfflb'flfl.
2108 307 2148 371 18

125 481 217 566 quid
238 481 417 566 protulisse
438 481 475 546 in
496 479 651 558 medium,
681 476 768 562 quod
789 479 875 546 hanc
895 487 1025 565 partem
1047 501 1118 546 ma·
1169 482 1296 565 quoties
1313 482 1376 565 piis
1395 488 1429 545 et
1445 482 1584 567 integris
1601 483 1762 553 iudicibus
1780 489 1923 554 maxime
1941 489 2147 574 plausibilem

97 570 189 654 'gis
212 567 335 633 diserte
352 568 561 650 exprimeret.
605 565 643 632 Si
664 565 732 630 illis
749 565 839 630 cordi
861 576 913 631 est
933 585 1118 631 sacramen·
1169 565 1302 633 volebat
1322 578 1458 633 causam
1479 587 1572 634 suam
1595 569 1747 650 reddere,
1776 592 1840 657 qua
1861 572 1902 639 de
1924 597 1960 640 rs
1981 577 2147 658 professus

10 725 22 735 ,
122 665 249 719 terum
282 652 442 737 dignitas,
477 650 556 736 quid
589 652 723 716 obsecro
756 650 799 716 ad
829 673 902 717 eam
935 651 1116 716 ornandam
1169 663 1220 718 est
1241 673 1276 717 sc
1299 652 1420 717 babere
1441 654 1635 719 certamen?
1691 656 1835 742 Nempe,
1863 657 1948 742 quod
1970 662 2056 728 ferre
2078 685 2147 729 non

124 759 243 822 acque
262 739 486 823 magnificum,
514 758 612 821 quam
634 735 712 802 dum
736 737 934 804 adminicula
956 743 989 801 ct
1009 737 1118 802 media
1168 745 1294 821 posset,
1334 746 1540 805 sacramenta
1572 748 1728 807 externas
1766 752 1897 809 tantum
1935 748 2147 815 confessionis

24 860 28 862 -
120 832 314 903 vocantu,
345 824 463 907 quibus
492 823 546 887 vel
573 824 759 889 inseramur
780 824 816 888 in
840 843 879 888 co
919 845 958 887 us
980 821 1115 899 Ohristi,
1170 827 1245 902 [pag.
1266 828 1320 903 27]
1342 831 1438 898 notas
1461 826 1597 904 censeri,
1622 848 1688 891 non
1711 829 1809 893 etiam
1832 828 1963 895 divinae
1986 853 2065 916 erga
2086 856 2147 901 nos

120 911 190 976 uel
214 910 308 975 insiti
329 910 436 994 magis
454 928 491 974 ac
513 909 620 993 magis
638 909 865 984 coalescamus,
911 929 992 973 oneo
1013 907 1117 973 solide
1169 909 1294 994 gratiae
1316 916 1456 974 tesseras
1477 930 1516 976 ac
1537 911 1699 995 symbola:
1722 913 1840 981 deinde
1860 915 1950 998 quod
1971 917 2146 1004 indignum

122 1017 200 1061 mos
223 1015 335 1061 secum
356 995 452 1060 uniat
473 995 507 1058 in
530 994 662 1061 coelesti
685 994 775 1058 vita?
821 992 857 1060 si
881 994 1020 1059 salutem
1040 1014 1116 1059 nos·
1169 1001 1336 1073 statueret,
1359 996 1472 1060 vacuis
1493 1004 1527 1059 et
1547 996 1702 1064 inanibus
1724 1001 1840 1084 figuris
1862 994 2016 1080 conferri,
2043 1026 2146 1087 quum

121 1091 225 1146 tram
248 1081 461 1147 sacramentis
475 1079 630 1145 adiutam
652 1080 805 1163 cupiunt:
834 1079 911 1163 quid
932 1079 1040 1162 aptius
1062 1099 1115 1145 cc-
1168 1079 1203 1143 in
1230 1079 1297 1144 illis
1324 1100 1403 1144 vere
1432 1087 1572 1146 testetur
1593 1083 1685 1149 Deus
1710 1085 1795 1168 quod
1819 1088 1956 1168 figurat,
1986 1097 2019 1152 et
2046 1091 2145 1156 simul

160 1168 239 1231 'tari
258 1173 382 1250 potest,
411 1185 509 1249 quam
537 1173 575 1231 ut
603 1164 643 1229 ad
670 1166 781 1249 ipsum
803 1167 891 1230 vitae
913 1166 1037 1229 fontem
1060 1162 1116 1229 de·
1168 1184 1288 1229 aroana
1315 1166 1437 1229 virtute
1465 1174 1610 1248 praestet
1638 1176 1737 1252 atque
1765 1171 1900 1254 impleat
1929 1174 2016 1256 quod
2043 1183 2144 1241 testa-

122 1188 245 1330 dlrcti,
275 1253 378 1317 vitam
405 1250 597 1324 hauriamus
625 1271 666 1316 ex
693 1249 759 1315 Dei
785 1250 876 1316 filio?
927 1250 1017 1335 Ergo
1045 1249 1115 1315 sive
1168 1257 1232 1314 tur.
1246 1250 1271 1334 ¹)
1320 1251 1441 1315 Iurene
1473 1272 1517 1316 an
1544 1253 1666 1318 iniuria
1699 1263 1869 1340 tantopere
1901 1260 2077 1339 exarserit,
2109 1263 2144 1326 in

127 1337 269 1402 utilitas
286 1344 401 1402 nostra
416 1343 591 1420 spectatur,
615 1338 685 1401 sive
707 1334 852 1420 dignitas
871 1344 904 1401 et
921 1335 1115 1413 reverentia,
1167 1337 1351 1417 praesentia
1362 1356 1430 1400 non
1442 1334 1581 1420 disputo.
1609 1338 1695 1405 Mihi
1707 1343 1795 1406 enim
1806 1343 1975 1422 suflicit,²)
1990 1366 2092 1428 quum
2107 1347 2144 1412 in

128 1443 240 1506 quam
262 1423 476 1488 sacramentis
498 1421 616 1487 deferri
639 1442 699 1506 par
720 1430 778 1499 cst,
807 1423 910 1487 fincm'
929 1428 962 1486 et
983 1440 1114 1486 causam
1167 1420 1228 1487 hac
1267 1441 1365 1486 causa
1391 1441 1443 1507 *ox
1490 1420 1602 1489 'tanda
1633 1426 1769 1492 minime
1804 1428 1904 1492 fucrit
1940 1431 2142 1513 remissura)

126 1530 199 1575 cur
226 1509 380 1573 instituta
413 1514 505 1583 sunt,
539 1506 706 1573 luculente
739 1509 960 1590 exposuimus.
1015 1505 1115 1571 Certe
1167 1505 1245 1571 dum
1268 1508 1352 1572 serio
1371 1526 1454 1589 agen
1478 1528 1536 1572 um
1558 1518 1617 1587 est,
1641 1511 1697 1576 ubi
1715 1514 1872 1578 consistat
1889 1534 1957 1578 non
1978 1515 2140 1582 invenire:
2227 1504 2237 1526 ⁸

124 1593 226 1678 quod
249 1593 374 1659 Paulus
394 1593 540 1658 ventosis
562 1593 749 1660 doctoribus
771 1592 883 1659 obiicit
905 1590 1033 1675 (eote,
1050 1591 1113 1674 18),
1166 1593 1231 1657 nisi
1249 1591 1334 1675 quod
1352 1592 1500 1657 obtendit
1516 1592 1605 1659 hunc
1624 1596 1687 1662 sibi
1705 1599 1805 1663 totius
1824 1597 2054 1681 disputationis
2071 1623 2143 1669 csse

124 1680 191 1764 qui
217 1680 346 1744 animas
367 1679 578 1745 infructuosis
600 1678 876 1762 speculationibus
898 1677 1024 1754 inflant,
1047 1697 1114 1741 non
1167 1684 1300 1743 statum.
1345 1678 1392 1741 Et
1413 1689 1510 1756 certe,
1533 1687 1570 1743 ut
1587 1681 1706 1747 omissa
1725 1685 1894 1750 mentione
1911 1684 2063 1765 bominis,
2085 1709 2143 1753 cu·

125 1764 328 1843 aedificant,
354 1765 443 1847 ipsos
470 1785 537 1829 non
566 1773 677 1830 tenere
706 1770 819 1849 caput,
848 1764 945 1847 longe
972 1784 990 1826 a
1020 1762 1114 1827 nobis
1166 1763 1217 1828 ius
1239 1770 1277 1827 ut
1298 1763 1488 1827 memoriam
1510 1774 1702 1832 reverenter
1728 1769 1813 1848 colo,
1840 1772 1888 1834 ita
1908 1769 2025 1836 honori
2047 1774 2143 1856 cupio

124 1851 285 1917 alienum
308 1856 373 1915 est:
406 1851 517 1933 quiet
544 1849 586 1915 ad
609 1849 778 1916 Christum
799 1850 972 1915 referimus
994 1847 1113 1926 omnia,
1151 1848 1353 1914 'consultum
1376 1870 1455 1928 esse,
1483 1848 1524 1914 do
1545 1870 1582 1914 re
1604 1852 1797 1935 simpliciter
1818 1856 2046 1937 pronunciem:
2082 1859 2143 1926 hoc

121 1945 168 2002 et
191 1938 228 2000 in
250 1938 324 2021 ipso
344 1935 537 2019 colligimus,
566 1943 600 2000 et
621 1935 681 2000 sub
702 1938 773 2019 ipso
795 1933 994 2010 ordinamus,
1017 1940 1051 1999 ot
1073 1933 1113 1999 ab
1165 1941 1340 2017 praetextu
1362 1934 1506 2012 sublato,
1539 1936 1685 2021 effugere
1707 1948 1875 2022 nequeunt
1896 1943 2081 2026 quicunque
2102 1944 2143 2009 li·

121 2024 210 2105 ipso
238 2029 342 2086 tetam
368 2023 436 2086 vim
459 2029 738 2086 sacramentorum
761 2022 937 2086 asserimus
960 2018 1112 2083 defluere.
1166 2026 1234 2084 tem
1256 2020 1351 2085 nobis
1371 2021 1551 2097 intentant,
1581 2023 1661 2104 quin
1688 2023 1799 2107 probis
1826 2027 1977 2093 omnibus
1999 2037 2033 2092 et
2053 2032 2142 2095 sanis

119 2108 234 2173 INunc
252 2106 418 2172 meliorem
432 2105 567 2171 docendi
585 2106 733 2190 regulam
751 2106 976 2190 praescribant
992 2104 1114 2169 morosi
1166 2104 1278 2170 odiosa
1310 2105 1354 2170 sit
1385 2125 1499 2170 eorum
1531 2109 1711 2175 morositas.
1767 2111 1882 2194 Itaque
1915 2112 1994 2179 haec
2027 2114 2141 2180 eadem

118 2194 190 2258 isti
214 2213 376 2269 censores,
397 2212 494 2274 quam
512 2213 595 2276 quae
616 2191 757 2257 aPaulo
779 2192 900 2256 tradita
916 2200 975 2267 est,
1000 2190 1029 2255 si
1045 2189 1113 2254 illis
1166 2190 1305 2255 subinde
1332 2190 1367 2254 in
1395 2211 1508 2254 eorum
1537 2213 1593 2257 ore
1622 2206 1753 2260 resonat
1780 2197 1954 2262 cantilena.
1971 2200 1999 2281 Β)
2044 2198 2141 2281 Quod

123 2278 289 2362 displicet
311 2278 353 2344 ad
374 2279 600 2362 symmetriam
622 2283 695 2357 [pag.
720 2281 772 2356 26]
794 2277 885 2341 illam
907 2278 995 2342 inter
1016 2283 1114 2359 caput
1165 2278 1193 2341 si
1215 2277 1296 2341 haec
1318 2297 1383 2341 non
1406 2274 1603 2343 deliniendis
1623 2279 1821 2363 simplicium
1843 2283 1988 2360 auribus,
2011 2285 2068 2350 sed
2091 2288 2140 2350 in·

122 2374 167 2430 at
189 2362 340 2428 membra
361 2363 525 2441 ecclesiae,
548 2384 646 2446 quam
669 2371 841 2446 tantopere
863 2362 976 2426 laudat
986 2361 1112 2426 Paulus
1165 2382 1272 2512 {pune
1289 2369 1469 2427 testantur:
1492 2360 1571 2426 dum
1594 2384 1653 2429 nos
1675 2387 1717 2430 ex
1739 2366 1842 2432 altera
1859 2376 1952 2450 parte
1970 2368 2065 2434 fateri
2082 2392 2139 2436 au·

116 2452 213 2534 ipsc,
238 2462 272 2514 et
294 2471 314 2513 a
334 2470 399 2532 qua
417 2448 555 2514 solidam
574 2448 743 2513 doctrinae
760 2448 992 2531 perfectionem
1013 2447 1113 2512 aesti-
1189 2447 1270 2526 'unt,
1289 2453 1494 2513 sacramenta
1515 2469 1620 2531 neque
1641 2450 1757 2517 inanes
1777 2473 1848 2518 esee
1870 2455 2008 2538 figuras,
2035 2476 2141 2538 neque

118 2543 213 2615 xnat,
238 2541 444 2600 sacramenta
465 2535 579 2617 aptari.
753 2561 756 2566 ·
1164 2541 1303 2597 externa
1323 2539 1453 2597 tantum
1474 2533 1606 2615 pietatis
1627 2534 1779 2620 insignia,
1809 2537 1866 2604 sed
1888 2540 2141 2621 promissionum

220 2621 316 2685 Bene
337 2621 440 2704 igitur
460 2618 575 2697 habet,
604 2618 690 2702 quod
713 2618 753 2683 de
775 2618 989 2684 sacramentis
1011 2615 1112 2681 verba
1164 2618 1230 2683 Dei
1251 2618 1376 2702 sigilla,
1406 2619 1595 2683 testimonia
1621 2622 1801 2701 spiritualis
1828 2622 1956 2709 ‘gratiae
1979 2625 2021 2691 ad
2042 2624 2141 2691 tidem

119 2707 255 2772 facturi
279 2705 402 2788 optimo
425 2712 458 2770 et
479 2705 623 2769 maxime
645 2705 793 2787 apposito
822 2703 954 2768 exordio
976 2704 1028 2768 usi
1056 2723 1111 2767 su·
1164 2703 1338 2768 fovendam
1360 2712 1396 2769 et
1414 2703 1689 2785 confirmandam,
1718 2708 1799 2773 item
1826 2730 1950 2794 organa
1976 2730 2048 2777 esse
2069 2712 2142 2795 qui·

118 2813 218 2871 xnus,
243 2800 277 2855 et
296 2793 397 2856 finem
415 2811 527 2854 eorum
545 2788 785 2873 descripsimus,
808 2811 904 2873 quem
927 2789 1021 2872 aequi
1042 2808 1111 2851 om·
1162 2788 1224 2853 bus
1244 2789 1421 2859 efficaciter
1430 2790 1602 2873 agitDeus
1625 2792 1659 2856 in
1682 2793 1752 2858 suis
1768 2795 1890 2873 electis,
1908 2795 2047 2880 ideoque
2065 2795 2142 2863 lieet

117 2899 194 2942 mes
222 2884 258 2941 ct
285 2875 444 2941 moderati
472 2875 609 2941 lectores
645 2877 715 2940 sinc
745 2876 969 2942 controversia
994 2873 1110 2957 proba·
1164 2875 1293 2940 arabus
1310 2875 1449 2959 signatis
1472 2873 1626 2941 distincta
1646 2878 1715 2943 sint
1732 2881 1834 2964 signa,
1858 2901 1925 2945 uon
1942 2888 2053 2947 tamen
2075 2882 2142 2949 dis-

119 2962 228 3029 bunt.
273 2963 347 3026 Iam
368 2963 404 3025 in
425 2983 488 3026 usu
505 2961 652 3045 legitimo
674 2960 738 3026 duo
760 2959 907 3027 cavenda
924 2966 1004 3026 sunt
1023 2959 1111 3024 vitia
1162 2960 1257 3044 iungi
1274 2982 1334 3026 nec
1355 2961 1509 3044 separari,
1533 2958 1610 3025 data
1626 2984 1697 3029 esse
1715 2971 1752 3029 ut
1773 2965 1859 3049 quod
1876 2965 1976 3031 verbo
1996 2989 2055 3033 suo
2072 2969 2142 3052 pol·

119 3047 220 3114 Nam
245 3047 275 3111 si
295 3047 371 3130 plus
393 3067 496 3129 aequo
517 3046 686 3112 extollitur
707 3067 820 3112 eorum
842 3045 993 3131 dignitas,
1016 3044 1111 3108 facile
1163 3044 1273 3112 licitus
1295 3052 1346 3111 est
1366 3044 1474 3122 Deus,
1503 3047 1659 3112 sanciant
1684 3056 1718 3114 et
1745 3053 1954 3128 confirment,
1982 3073 2020 3119 ae
2046 3073 2142 3136 prae-

124 3134 265 3216 cbrepit
283 3133 486 3215 superstitio:
510 3133 562 3196 sin
584 3152 663 3197 vero
686 3132 726 3197 dc
748 3133 781 3197 vi
803 3151 917 3197 eorum
939 3132 1111 3213 fructuque
1164 3133 1277 3196 sertim
1299 3142 1451 3197 arcanam
1460 3132 1489 3214 ⁴)
1512 3153 1597 3215 quaa
1619 3134 1712 3199 nobis
1733 3157 1808 3202 oum
1830 3136 1965 3202 Obriste
1983 3145 2034 3203 est
2053 3158 2142 3204 com·

124 3219 256 3303 frigide
276 3219 331 3283 rel
353 3218 465 3283 minus
491 3216 661 3301 splendide
683 3216 869 3295 disseritur,
898 3237 975 3281 mox
1002 3216 1111 3298 profa-
1163 3217 1425 3283 municationem⁴
1441 3215 1631 3302 obsignant:
1665 3228 1752 3287 certe
1781 3222 1867 3286 nibil
1892 3229 1996 3288 restat
2023 3244 2141 3290 causae

125 3327 198 3370 mus
220 3311 429 3386 contemptus
452 3304 604 3385 erumpit.
638 3301 677 3368 si
697 3302 805 3368 media
825 3322 845 3367 a
866 3303 959 3368 nobis
979 3308 1111 3366 servata
1163 3324 1224 3368 cur
1239 3323 1300 3368 nos
1322 3303 1471 3370 reiiciant
1487 3304 1522 3367 in
1539 3302 1683 3370 hostium
1701 3327 1885 3373 numerum.
1919 3305 2008 3388 Quid
2027 3308 2139 3373 enim?

126 3399 186 3455 est
206 3389 307 3465 ratio,
336 3389 409 3472 quis
437 3410 502 3453 non
528 3388 709 3454 obstinatos
736 3387 885 3453 veritatis
907 3387 1017 3452 hostes
1039 3407 1111 3452 osse
1163 3387 1433 3471 Quumubique,
1464 3388 1549 3454 sicut
1570 3411 1676 3474 nuper
1697 3391 1784 3470 dixi,
1813 3393 1956 3457 clament
1981 3393 2044 3458 sibi
2072 3413 2141 3458 non

127 3475 239 3553 dicat,
276 3474 333 3557 qni
366 3473 511 3557 maligne
543 3484 693 3539 sanctum
730 3493 926 3538 consensum
957 3470 1110 3536 arrodere
1163 3471 1253 3537 aliud
1277 3493 1351 3539 esse
1371 3474 1584 3557 propositum,
1607 3475 1672 3541 nisi
1689 3484 1727 3541 ut
1748 3477 1858 3543 valeat
1881 3478 1960 3543 baec
1982 3477 2139 3558 doctrina,

123 3559 279 3637 malunt,
310 3579 407 3643 quam
434 3559 487 3626 vel
509 3561 645 3625 comiter
666 3559 830 3642 amplecti,
850 3558 904 3624 vel
927 3556 1045 3622 saltem
1067 3558 1111 3621 si·
1163 3560 1376 3624 sacramentis
1387 3558 1498 3625 Deum
1515 3559 1563 3625 uti
1582 3569 1738 3644 tanquam
1756 3561 1964 3628 adminiculis
1981 3561 2023 3627 ad
2040 3562 2140 3630 fidem

124 3645 240 3710 lentio
261 3645 421 3730 probare?
453 3645 569 3728 Neque
591 3645 679 3709 enim
696 3645 789 3709 utin
809 3645 911 3710 verba
932 3652 1044 3709 nostra
1060 3643 1111 3707 iu·
1163 3642 1337 3708 fovendam
1355 3652 1389 3708 et
1405 3645 1599 3728 augendam,
1618 3651 1692 3727 [pag.
1713 3654 1768 3728 28]
1786 3648 1969 3732 insculptas
1987 3647 2051 3713 illis
2068 3669 2141 3715 esse

125 3740 221 3808 rant,
243 3730 465 3814 postulamus:
493 3730 664 3813 quiescant
683 3729 789 3809 modo,
812 3736 846 3795 ct
865 3736 955 3794 recte
975 3729 1111 3812 loqucn·
1164 3735 1316 3795 aeternae
1349 3730 1465 3796 salutis
1497 3732 1744 3813 promissiones,
1777 3742 1815 3797 ut
1846 3753 1902 3798 aas
1933 3734 2141 3801 conscientiis

125 3815 224 3882 tibus
238 3817 263 3894 ¹)
292 3836 360 3880 non
387 3817 585 3898 obstrepant.
639 3813 836 3882 Obtendunt
861 3815 1008 3898 quidem,
1036 3815 1113 3897 quia
1165 3816 1286 3881 nostris
1304 3816 1453 3894 offerant,
1476 3836 1583 3900 neque
1603 3838 1708 3884 vacua
1729 3819 1826 3884 rebus
1844 3839 1917 3884 essa
1934 3820 2039 3903 signa,
2064 3821 2142 3903 quia

126 3902 350 3967 sacramentis
376 3901 445 3966 vim
467 3921 561 3966 suam
583 3899 857 3980 ncntribuimus,
886 3922 920 3966 se
942 3901 1112 3966 nobiseum
1170 3957 1188 3963 ,
1312 3957 1368 3963 --

124 3986 209 4086 ideo
230 3985 435 4076 ‘mmm'
481 3985 548 4087 ,8Ῠά
569 3985 626 4050 nbi
647 3984 689 4052 ”d
710 4008 780 4051 mm
801 3994 940 4053 Ventum
962 3994 1028 4065 Μ’
1056 3985 1114 4050 alii
1235 4035 1264 4102 1)
1282 4037 1356 4092 aad.
1375 4037 1463 4120 boyla
1480 4038 1513 4092 dc
1531 4055 1603 4110 quoy
1620 4053 1638 4093 a
1655 4040 1782 4094 combatu
1805 4040 1831 4095 le
1848 4039 1970 4096 Docteur
1987 4040 2102 4098 auderi
2119 4042 2144 4098 si

125 4072 221 4137 rubri
242 4078 375 4155 praeter
395 4092 543 4139 conruere
563 4071 735 4157 proferunt
752 4079 785 4137 et
805 4093 918 4138 caecos
940 4071 1112 4150 tumultus,
1167 4120 1202 4160 οη
1219 4105 1245 4160 1,
1262 4112 1328 4162 ,m
1344 4122 1440 4162 ,m

130 4157 192 4222 alii
212 4158 306 4241 quasi
327 4157 493 4223 fastidiose
522 4179 589 4223 uno
611 4157 710 4224 verbo
737 4157 897 4223 damnant
918 4156 1005 4241 quod
1027 4178 1113 4221 nun·
1234 4172 1266 4240 2)
1286 4212 1396 4230 .....
1413 4189 1466 4242 qne
1490 4173 1516 4228 lc
1543 4174 1674 4244 principat
1703 4176 1821 4230 audeur
1848 4184 1877 4230 et
1905 4179 2015 4233 noune
2038 4176 2072 4233 de
2096 4193 2141 4234 ces

126 4242 407 4340 ‹pumlegomnf
441 4244 543 4327 Atqui
554 4241 793 4309 inmugidemte
813 4244 991 4322 mnirari,
1014 4263 1056 4307 01
1077 4262 1114 4307 re
1166 4244 1284 4364 pens-ci,
1308 4249 1336 4297 et
1359 4242 1449 4312 lequel
1470 4242 1505 4297 ils
1523 4241 1588 4324 'font
1610 4242 1744 4298 semblent
1761 4242 1935 4326 d’ensuyvrc,
1958 4260 2041 4315 apres
2064 4248 2142 4302 avoir

131 4347 209 4410 xpsa
226 4328 437 4413 perspicuum
457 4336 517 4393 est.
551 4327 686 4410 Quanta
702 4328 912 4394 vehementia
924 4329 958 4412 a)
981 4347 1115 4393 causam
1185 4310 1733 4435 g⁸u2¹fffafrg⁰ffigss⁸sg⁸ffien⁰uffl2
1750 4314 1969 4437 P⁰¹¹¹t¹elf¹⁰¹¹¹⁰¹¹tg
1984 4314 2142 4438 {ffidfflffl

133 4409 225 4481 lianc
251 4414 358 4498 egerit
385 4413 570 4492 Luthcrus,
599 4414 693 4479 cuius
720 4414 903 4478 imitatores
932 4413 1036 4480 videri
1058 4433 1114 4479 cu·
1166 4395 1236 4502 lons
1253 4463 1338 4502 m„
1356 4447 1419 4502 dite.
1578 4395 1620 4448 ,q
1732 4395 1788 4436 Μ
1855 4397 1939 4451 ‘¹³⁰
1969 4399 1983 4438 ⁸
2034 4398 2070 4437 ⁰¹¹
2088 4396 2141 4451 ‘¹¹¹⁰

130 4497 234 4579 liunt
250 4500 315 4576 isti,
333 4499 409 4583 plus
427 4503 507 4566 satis
524 4499 676 4565 omnibus
696 4506 811 4565 notum
829 4505 888 4565 est
921 4497 998 4566 Scio
1014 4518 1116 4583 quam
1236 4517 1266 4581 a)
1284 4516 1413 4570 remissus
1430 4520 1478 4570 etc.
1518 4512 1595 4582 Quas
1616 4515 1661 4570 tto
1683 4530 1712 4569 se
1749 4522 1834 4571 ostar
1862 4517 1893 4570 in
1914 4515 1977 4571 ΜΒ.
2000 4517 2081 4571 deor
2097 4530 2140 4570 aa

130 4583 245 4649 multa
265 4583 475 4668 hyperbolice
492 4584 523 4651 ei
543 4587 580 4650 in
597 4585 804 4652 contentione
811 4584 842 4671 ²)
864 4583 1033 4651 excidant:
1057 4582 1116 4650 sed
1166 4584 1273 4639 amose
1289 4584 1347 4665 δαῒ·
1365 4623 1372 4637 ·
1389 4623 1400 4665 ‚·
1467 4583 1539 4638 ΜΗΘ
1555 4583 1594 4638 illi
1607 4585 1692 4639 totius
1730 4587 1736 4599 '
1752 4587 1914 4667 captationis
1931 4585 2015 4641 unse
2028 4591 2138 4640 mm

166 4681 172 4694 ·
1166 4652 1256 4722 Atque
1274 4651 1355 4733 bodie
1374 4668 1397 4706 si
1414 4659 1529 4716 ureret,
1552 4668 1727 4722 quoscunque
1750 4652 1831 4708 fateri
1848 4654 1954 4734 audiret
1971 4658 2140 4734 sacramenta

1167 4736 1255 4845 poppis
1272 4735 1366 4775 inanes
1384 4735 1445 4775 esse
1462 4718 1570 4843 iigurapl
1582 4759 1589 4774 .
1608 4756 1641 4803 ⁶:
1661 4728 1759 4844 ‚perte
1781 4723 1954 4845 eosbprimma
1971 4721 2140 4845 reuceffi

209 4857 238 4923 1)
257 4859 303 4927 qni
321 4864 417 4940 carent
432 4858 524 4913 niaux
540 4858 635 4940 parler
651 4856 749 4927 qu’enx
767 4862 796 4912 et
812 4856 875 4926 plur
892 4856 1062 4912 droitemcnt
1166 4787 1669 4940 cddtmfildllldllmdalllmuloealmlll
1692 4805 1832 4939 Ιὲιῗωιὶιιιιυ
1871 4805 2141 4938 ξιῗνιιιιοιοιιιιιναι

208 4928 238 4989 a)
258 4924 984 4996 cdmsmopvaptosteasantaeotooeou
1008 4923 1116 4993 Quanta
1166 4923 1453 4981 hammam
1476 4923 2139 5007 ammamraanpaaqpmbseeod·

140 4991 310 5049 ”tenentia
326 5034 435 5049 .....
473 4995 515 5049 lm
533 4995 601 5050 satis
619 5009 713 5050 omnes
729 5000 839 5050 norunt.
873 4991 934 5075 Qus
951 4992 984 5048 de
1002 5008 1115 5074 repra·
1166 4995 1310 5061 meacm,
1326 4992 1426 5076 idque
1495 4995 1501 5008 '
1526 4996 1553 5049 ic
1567 4993 1902 5065 eudaemonem
1908 4993 2139 5063 emptorem.

144 5055 230 5119 stans
254 5069 303 5125 cst¹
324 5063 371 5117 ille
398 5077 427 5118 sa
450 5011 552 5118 labere
576 5062 734 5120 mmmm?
776 5060 888 5118 Ounno
909 5065 1115 5132 nummatam.-
1233 5061 1264 5132 3)
1283 5061 1356 5145 Add
1373 5061 1418 5133 qn’
1469 5063 1612 5146 boumont
1629 5060 1683 5118 mn
1700 5077 1753 5131 qua
1775 5061 1965 5118 lavatrices
1982 5075 2138 5118 munnam

145 5121 205 5186 Seio
222 5170 332 5186 .....
349 5130 462 5186 reddere
479 5131 556 5186 oum
571 5147 590 5186 a
608 5129 674 5187 ΜΒ.
1164 5145 1199 5186 ne
1217 5133 1272 5187 soit
1287 5137 1366 5200 pomt
1381 5138 1515 5187 ansanus.
1600 5152 1602 5155 ’

208 5196 239 5265 2)
256 5198 331 5253 m
349 5198 417 5254 dont
432 5199 453 5254 il
470 5214 488 5255 a
504 5200 564 5255 eati
580 5206 645 5270 trop
662 5213 764 5256 esmau
1232 5197 1265 5266 4)
1281 5199 1365 5256 bauto
1381 5208 1412 5255 et
1427 5201 1569 5270 myrtique.

245 5282 464 5353 ermom.
502 5284 558 5340 ror
573 5282 631 5340 rx
1912 5279 1931 5335 s
