4620 5828
56 215 126 297 er·
775 209 1349 318 enormiorem
1468 284 1485 317 .
2001 219 2077 295 ⁵⁷³-

55 398 145 494 eainr
166 398 327 500 bautenus
347 400 462 489 putari
482 380 616 497 extendi
637 397 686 477 ad-
707 398 790 471 alioe
814 419 945 491 qnoque
972 399 1033 476 hue
1082 418 1174 480 mere
1198 405 1268 499 tam
1294 395 1505 498 persuadebis
1535 398 1623 498 rutili
1658 405 1715 471 tuo
1746 401 1936 498 mendaeio,
1963 425 2064 489 quam

54 503 182 576 manae·
202 491 333 581 pretatis
363 483 496 579 padua
520 483 622 588 ,Ωιι
652 485 740 587 iure·
756 486 865 573 ipsum
885 482 1033 587 'minime
1083 481 1275 587 Vergiliani
1285 479 1443 552 etrmmla
1457 485 1585 575 tinnitu
1593 483 1765 591 Ooloniam
1776 488 1903 556 militae
1920 490 2069 591 sior-riola,¹

55 561 1033 741 arremarensibusoum
1083 567 1918 740 Mitridate
1941 579 2075 730 uta

53 677 198 814 didani
219 740 371 837 theologo
393 729 430 810 aa
453 678 679 844 eriudovirum,
705 747 812 843 aetate
838 741 946 821 odhuo
973 743 1032 826 flo-
1102 742 1245 843 robitate
1266 741 1339 838 [paq.
1359 743 1414 822 te]
1433 739 1570 810 libertas
1591 742 1758 828 tibiparta
1778 709 1838 825 eat,
1860 755 1898 811 ιιι
1913 747 1950 812 in
1971 739 2066 829 meu·

52 834 183 922 rentem
198 833 349 924 motare,
364 851 416 895 un
439 819 1033 924 erumorrbuahoentratamproterue
1101 845 1126 909 J
1157 840 1275 893 anon
1312 826 1437 919 miuus*
1456 846 1570 894 serere
1608 847 1707 913 quam
1739 829 1882 913 optimus
1912 833 2071 901 veritatis
2102 894 2108 907 .

53 913 186 1000 senibus
218 911 420 1008 insultandi?
476 913 651 1004 Equidem·
667 909 736 988 ,Dei
768 915 926 982 benefioio
958 924 1032 980 aum
1083 911 1425 982 asaei-torinveharie.
1447 910 1518 979 Sed
1538 912 1616 997 quid
1638 914 1701 980 hoo
1722 915 1785 981 sibi
1805 916 1887 999 vult,
1904 923 2065 1002 tanquam

53 1021 165 1095 senex,
186 999 244 1067 sod
257 999 410 1070 ¹nondum
430 1001 673 1088 sexagenarius,
700 1008 739 1066 ut
764 1012 817 1066 me
848 999 904 1067 hio
930 1019 1032 1085 nepos
1071 998 1229 1084 ¹pee'udes‘
1246 992 1500 1087 naribua⁹ame
1519 999 1654 1065 traotari
1675 1018 1755 1084 quos
1775 1003 2065 1086 uegatreleaeees

52 1107 72 1152 e
117 1165 120 1174 .
158 1090 197 1180 te
213 1083 508 1186 sublicio-,deiioiat
552 1082 633 1166 Has,
661 1107 727 1152 non
749 1085 820 1179 dieo
847 1086 1031 1188 spurcitias,
1083 1106 1170 1185 esee,
1186 1083 1241 1151 v'el
1261 1085 1376 1166 aenos,
1398 1083 1454 1150 vel
1476 1081 1519 1188 ad
1540 1084 1735 1188 degenerem
1756 1087 1949 1189 servitutem
1957 1091 2066 1159 abieo-

52 1171 301 1325 melltta
321 1183 449 1256 ¹¹¹⁸‘¹
457 1170 1044 1331 tramittebatur
1083 1166 1899 1326 tttltrbratumaulttaaa
1910 1175 2068 1330 aaa

138 1279 253 1437 Porrd
265 1342 306 1408 de
322 1332 498 1428 praeolaris
510 1310 692 1410 studiorum
704 1365 836 1421 suoram
847 1310 1033 1429 et’optimae
1084 1336 1199 1421 ebullit
1230 1341 1316 1428 quod
1347 1343 1497 1429 proxime
1536 1343 1700 1438 sequitur:
1743 1342 1823 1409 dum
1859 1336 2065 1414 lamentabili

52 1449 71 1494 e
142 1427 377 1512 rempublioam
389 1428 568 1507 voluntatis
580 1429 842 1495 mouumentisiu
851 1428 1033 1497 Germania
1083 1443 1163 1496 vooe
1186 1427 1334 1513 deplorat
1357 1440 1392 1494 se
1419 1429 1579 1495 miserum
1605 1428 1769 1513 pupillum
1796 1451 1877 1510 esse,
1905 1439 1939 1497 et
1966 1433 2065 1498 simul

51 1522 88 1594 re
108 1592 110 1606 ,
132 1515 185 1594 tis,
208 1512 348 1600 gloriose
366 1514 479 1593 testari
498 1521 590 1593 (sunt
611 1516 700 1592 euim
721 1513 803 1581 haeo
825 1517 901 1581 eius,
916 1514 1032 1600 rerba)
1084 1514 1252 1600 gloriatur,
1275 1515 1432 1602 quamvis
1447 1534 1517 1600 ego,
1540 1515 1597 1600 qui
1617 1513 1773 1582 terribilis
1794 1536 1869 1583 eum
1897 1519 2065 1602 magister,

52 1600 383 1687 nihilmiror3'quum
394 1599 592 1702 meiuvidia
605 1599 873 1702 trementead'ae
890 1605 965 1702 [pap.
979 1604 1039 1705 ιι]Ι
1083 1600 1235 1666 flammas
1263 1614 1323 1666 ore‘
1345 1620 1493 1680 romam,
1521 1617 1557 1666 se
1583 1620 1705 1686 magno
1734 1616 1793 1667 suo
1817 1602 1875 1702 qui
1902 1602 1939 1669 in
1965 1603 2067 1671 ooolia

53 1683 1032 1857 tttttlttttlttttlltattltttttl
1083 1683 1600 1861 ttttttffttttttt?
1615 1686 2066 1858 tttffitlffit

52 1863 149 1924 utos
166 1867 261 1927 tuum
283 1858 449 1943 impurum
470 1879 584 1924 omnes
612 1856 817 1943 eonepuant'l
858 1855 897 1925 Si
923 1860 1034 1924 omnia
1083 1857 1242 1942 magister
1264 1856 1380 1938 doouit,
1403 1856 1515 1924 beatos
1538 1879 1608 1923 esse
1630 1855 1749 1941 quibus
1777 1858 1981 1926 maledieunt
2007 1861 2067 1927 ho·

52 1961 240 2044 rooouaeam
258 1964 341 2044 quae
358 1943 487 2044 homiui
502 1943 701 2045 rel·ier·reae
724 1943 774 2011 vel
793 1941 920 2044 nullius
941 1943 1032 2009 fron·
1083 1944 1190 2009 mines
1211 1941 1500 2094 mentientesfflssi
1523 1942 1587 2009 Dei
1609 1965 1655 2028 pu
1677 1942 1898 2094 illgeeenseri
1917 1945 2065 2097 goffia,

52 2037 95 2096 tls
115 2027 1030 2215 ωῶιιιῇᾞιιιωὲιξὲεἰᾞΐὶρξᾞιέἒξιειζῗξρῗιῗὲἓοῦζ
1084 2048 1771 2215 Qldodsblmspredddmammqelballlleilonoedrme
1793 2050 1976 2182 l,srideabnti
2010 2118 2067 2203 qui

52 2199 148 2284 pbiee
170 2198 333 2267 disserens
354 2199 508 2266 admonet
536 2200 703 2286 singulare
730 2201 888 2266 ramtatis
921 2220 1031 2266 exem·
1084 2198 1197 2267 divina
1218 2207 1253 2265 et
1274 2198 1420 2267 humana
1440 2200 1514 2266 iura
1535 2213 1601 2265 nou
1629 2216 1799 2267 mmua'su
1841 2202 1900 2268 rbe
1921 2208 2067 2269 oontem-

52 2283 161 2369 plum,
192 2285 286 2353 ouius
321 2283 363 2386 ad
394 2306 525 2387 omnem
555 2287 779 2387 posteritatem
811 2287 916 2353 matis
948 2286 1032 2352 forte
1083 2306 1163 2351 nere
1190 2304 1290 2372 quam
1322 2285 1478 2387 seelerate
1511 2285 1635 2353 violare
1667 2306 1735 2386 non
1764 2285 1808 2376 du
1830 2286 1916 2352 itaet
1966 2287 2066 2361 Oerte

52 2372 194 2471 exstabit
215 2384 437 2472 memoriam
457 2392 512 2473 me
533 2371 691 2439 druimtua
708 2371 1031 2472 brusepropoeitum,
1082 2389 1257 2523 ffirperam
1280 2371 1322 2438 ad
1342 2372 1408 2444 Der
1435 2371 1575 2473 tutelam
1603 2372 1750 2473 ooniugrt
1771 2373 1833 2472 'qui
1860 2380 1929 2474 tam
1957 2374 2067 2475 malua

54 2479 118 2542 quo
139 2478 252 2527 omnes
274 2464 392 2524 erutas
412 2457 599 2537 demittant,
628 2478 747 2543 eosque
770 2463 924 2524 mreereat
943 2479 1031 2524 eom·
1133 2465 1147 2524 t
1170 2465 1314 2524 munaus.
1359 2455 1428 2524 Sed
1447 2457 1554 2533 rolurt
1576 2456 1700 2524 sorlroet
1720 2456 1779 2522 reb
1817 2478 1888 2525 oms
1912 2478 2066 2543 oprmoue

51 2542 162 2611 munis
183 2544 334 2623 miseriae
356 2543 454 2628 atque
476 2542 650 2611 oaeoitatia
696 2541 751 2610 Sit
775 2560 853 2609 vero
876 2543 938 2610 hoo
962 2563 1031 2608 me-
1084 2544 1146 2610 sibi
1168 2544 1319 2631 gratiam
1333 2544 1598 2629 aequimrefirag.
1621 2547 1677 2623 to]
1705 2564 1770 2626 apu
1813 2544 2002 2635 simplioee:
2025 2565 2064 2612 ao

51 2627 208 2699 morabile
236 2635 313 2695 tuae
341 2629 500 2695 vanitatis
525 2628 729 2713 trophaeum,
758 2630 813 2712 qui
841 2650 908 2694 uon
935 2628 1031 2698 modo
1062 2629 1282 2697 'sierederet
1302 2629 1409 2695 ullum
1429 2630 1465 2695 iu
1493 2627 1583 2697 eoelo
1611 2648 1683 2695 essa
1710 2648 1842 2694 numen.
1886 2629 1960 2697 Hoo
1986 2650 2066 2706 vero

52 2713 254 2783 insolentius
286 2736 361 2781 uam
373 2713 513 2782 antehae
524 2715 641 2793 oristas
651 2715 787 2801 erigere,
805 2713 863 2781 sed
873 2714 1031 2802 linguam,
1084 2723 1221 2782 estnon
1244 2724 1415 2801 assurgere
1439 2732 1546 2800 supra
1566 2714 1685 2795 larvas,
1714 2712 1780 2780 sed
1798 2715 1966 2782 larvarum
1995 2737 2066 2783 om·

51 2822 179 2886 ungues
200 2807 242 2868 et‘
256 2737 371 2868 dentes
389 2801 715 2884 aouer'eitaooepisti
730 2808 775 2877 ¹ut
788 2799 1032 2886 nihiluuquam
1083 2801 1179 2867 nium
1200 2803 1430 2891 integumenta
1450 2804 1627 2886 oougertre
1648 2797 1698 2865 ad
1714 2798 1903 2868 fallendum.

51 2883 221 2954 exstiterit
235 2887 288 2954 vel
311 2887 482 2971 superbius
503 2885 805 2953 vel't'ruouleutiua.
845 2885 918 2977 Eat
932 2908 1030 2968 nune,
1169 2887 1276 2956 Porro
1308 2884 1395 2971 quod
1425 2907 1478 2954 me
1510 2882 1560 2951 ad'
1584 2884 1741 2976 iudicium
1772 2886 1869 2967 eitat,
1894 2889 2067 2975 reperient

51 2980 147 3038 etse
176 2973 212 3037 iu
240 2982 309 3038 suo·
325 2978 466 3038 stereore
499 2969 651 3039 volutans
684 2972 816 3038 foetoris
848 2972 900 3038 sui
932 2971 1032 3039 odore
1083 2973 1220 3039 leotorea
1243 2993 1310 3038 nou
1331 2971 1395 3037 alio
1416 2969 1552 3039 oonsilio
1573 2970 1695 3039 laetum
1718 2988 1802 3050 esee,
1821 2971 1895 3038 nisi¹
1912 2975 2065 3040 aarum*

52 3056 239 3138 deleotetur,
262 3055 365 3124 donee
385 3057 538 3123 ordinum
550 3058 697 3124 omnium
708 3054 922 3124 deauratione
933 3058 1032 3144 obru-
1083 3065 1174 3125 reret
1195 3057 1282 3142 qnod
1303 3056 1344 3122 de
1356 3056 1475 3123 Publio
1488 3056 1596 3124 Galba
1617 3056 1743 3142 legerat
1763 3055 1850 3140 apud
1862 3056 2064 3145 Oioerouem,

51 3149 105 3209 tus
126 3143 206 3228 qnid
228 3143 272 3208 sit
298 3142 405 3228 pudor
425 3150 459 3210 et
479 3139 704 3209 miserioordia
731 3141 869 3210 diseere·
885 3144 1030 3228 iuoipiat
1083 3145 1228 3229 primum
1256 3163 1327 3210 esse
1353 3165 1395 3209 ex
1421 3143 1629 3227 pontifioibua
1656 3143 1712 3227 qui
1744 3148 1869 3209 mantue
1895 3142 1995 3209 fuerit
2022 3143 2065 3210 ad

52 3226 217 3308 Iudioum,
256 3228 299 3293 ad
327 3248 407 3311 quos
443 3237 614 3313 provooat,
643 3229 862 3327 aeg-uitionem
894 3229 1031 3295 minime
1082 3230 1195 3314 populi
1225 3228 1392 3296 indicium.
1446 3227 1613 3319 Quoniam
1643 3229 1753 3312 itaque
1784 3229 1915 3312 putavit
1936 3227 1979 3293 ad
2011 3251 2065 3296 me

51 3314 200 3394 formido,
226 3322 284 3381 aut
303 3313 443 3399 defugio.
488 3312 659 3395 Quomodo
680 3315 769 3380 enim
791 3335 857 3380 nou
878 3335 933 3380 me
954 3316 1031 3382 sub-
1082 3312 1372 3400 perstringendum
1392 3313 1455 3380 hoo
1474 3315 1544 3380 tore
1564 3312 1746 3399 plausibile,
1775 3336 1817 3379 ne
1843 3322 1912 3378 tam
1940 3313 2064 3380 bellum

51 3400 184 3466 iioerem
217 3419 332 3465 eorum
365 3399 545 3480 autoritati,
600 3420 659 3465 uos
683 3401 768 3465 raris
797 3407 831 3465 et
858 3401 1031 3484 exquisitis
1083 3400 1257 3467 motorium
1278 3399 1439 3484 perderet,
1465 3399 1571 3465 tribua
1599 3399 1653 3465 rel
1681 3407 1821 3482 quatuor
1847 3399 1976 3484 paginis
2004 3398 2063 3466 ad·

52 3491 126 3566 [pm.
150 3491 203 3564 34]
234 3483 412 3551 virtutibus
444 3420 605 3571 insigniti
654 3485 780 3552 Verum
814 3485 900 3569 quod
930 3486 1030 3553 sortes
1083 3507 1200 3554 versus
1230 3507 1338 3551 meam
1369 3487 1549 3570 potentiam
1580 3484 1763 3551 invehitur:
1790 3504 1828 3549 ao
1856 3485 1885 3549 ai
1910 3486 2063 3553 omnibus

52 3571 134 3637 iuria
154 3570 300 3637 rindioes
321 3573 389 3636 tore
410 3570 608 3655 pronuntiat
627 3577 742 3637 eontra
750 3571 900 3652 iniurias,
920 3571 1040 3638 delen·
1082 3572 1193 3657 legum
1215 3571 1355 3638 vinealis
1378 3570 1504 3638 solutus
1522 3570 1698 3656 'tyrannioe
1719 3570 1825 3637 instar
1838 3571 1966 3635 romani
1983 3571 2062 3637 idoli
2184 3615 2188 3621 -

52 3677 143 3723 sores
163 3657 268 3721 iustae
288 3655 450 3722 libertatis
471 3665 586 3723 oontm
605 3676 710 3723 norae
736 3655 921 3742 tyrannidis
948 3658 1031 3723 fero-
1083 3655 1276 3723 dominarer.
1305 3655 1441 3724 Soilioet
1461 3678 1529 3722 non
1552 3657 1690 3722 satiatur
1711 3654 1842 3723 orudele
1864 3655 1934 3721 eius
1951 3657 1986 3721 in
2007 3678 2062 3722 me

52 3743 147 3892 Ἢ,
160 3742 550 3893 ὃριᾶιιιιοιιοιΙὲιιιιὺοιίὶιιιιιὶιιο
571 3741 730 3893 aglviersua
752 3743 820 3893 γὶιιι
841 3741 1029 3894 θιὶιιέἒέιε,
1082 3741 1194 3893 odlium
1214 3750 1265 3844 tot
1284 3742 1402 3843 quibus
1424 3764 1477 3808 me
1497 3762 1611 3808 omnae
1624 3741 1748 3842 Christi
1766 3741 1885 3891 hpstesl
1897 3741 2062 3893 impeplunt

53 3848 88 3893 ur
223 3847 285 3893 me.
360 3848 394 3892 ιιι
455 3848 494 3893 oe
515 3848 588 3894 seeo
636 3848 770 3899 aomm
792 3849 832 3896 us
859 3850 913 3894 nar
987 3851 1029 3909 m,
1082 3849 1410 3908 eaumnus,n1s11u
1426 3848 1561 3893 arenam
1603 3848 1734 3893 rouerar
1756 3848 1776 3891 a
1799 3847 1863 3893 ens
1887 3848 1986 3893 aaran
2009 3850 2059 3896 us.

51 3921 89 3978 ut
109 3912 253 3993 rabulae,
275 3933 356 3996 qnos
377 3913 527 3980 famelioa
548 3912 671 3998 gloriae
680 3913 1030 3998 eupiditasadrabiem
1081 3914 1175 3981 Haeo
1202 3934 1276 3979 mea
1307 3922 1358 3980 est
1383 3850 1603 3992 immunitas?
1619 3919 1657 3978 ut
1684 3933 1796 3978 omues
1823 3912 1970 3977 omnium
1998 3914 2060 3979 im-

53 3998 215 4084 adigebat,
243 4018 307 4082 quo
335 3999 471 4083 quiaque
498 3999 658 4083 dignitate
685 4013 773 4064 esset
799 4000 1029 4084 praestantior,
1079 4007 1176 4084 petua
1197 3999 1234 4066 in
1255 4021 1308 4065 me
1329 4006 1438 4080 ruant,
1459 4019 1636 4082 eorumque
1649 3997 1714 4063 tela
1735 3999 1769 4062 in
1790 4015 1844 4063 me
1866 3996 2059 4083 dirigantur.

51 4085 238 4168 protervius
256 4084 293 4150 in
314 4105 391 4149 eum
408 4084 556 4169 linguam
573 4091 770 4150 exsererent
814 4085 921 4151 Vetus
938 4105 1029 4152 sour-
1080 4084 1177 4153 Unde
1203 4090 1340 4170 apparet
1366 4107 1465 4170 quam
1486 4084 1602 4169 putida
1632 4086 1675 4150 sit
1702 4083 1845 4149 hominis
1872 4084 2057 4164 ostentatio,

52 4190 163 4236 rarum
187 4167 350 4237 rhetorioa
372 4177 437 4250 est,
471 4179 529 4235 aut
548 4169 657 4254 potius
677 4169 845 4236 virulenta
866 4169 1028 4250 dioaoitas,
1081 4170 1161 4237 dum
1188 4192 1243 4237 me
1267 4172 1308 4237 ab
1337 4170 1453 4237 Aeolia
1475 4192 1550 4236 mea
1576 4170 1666 4235 exire
1698 4167 1803 4248 iubet,
1838 4190 1902 4254 quo
1928 4191 2058 4236 meeum

52 4275 184 4322 omnem
205 4256 338 4322 vinum
359 4254 565 4340 splendorem
588 4254 775 4342 tyrannidis
802 4256 934 4321 nomine
961 4256 1029 4322 toe-
1081 4257 1237 4342 ooutligat
1258 4263 1370 4340 aperto
1393 4262 1508 4322 marte.
1552 4253 1657 4337 Quasi
1679 4274 1758 4322 vero
1781 4276 1847 4320 non
1870 4256 1949 4321 satia
1978 4256 2057 4321 huo·

53 4338 139 4407 dara
185 4339 274 4423 Quid
295 4339 355 4406 tibi
376 4342 494 4408 faniam
514 4339 700 4407 Balduine?
729 4362 831 4425 quum
850 4340 933 4407 mihi
953 4363 1028 4426 pro-
1080 4363 1182 4426 usque
1217 4348 1292 4424 [pag.
1311 4347 1365 4423 37]
1393 4349 1570 4426 penetrent
1602 4341 1672 4406 eius
1700 4347 1733 4406 et
1767 4340 1927 4407 similium
1953 4340 2057 4406 male-

52 4426 195 4511 positum
217 4435 305 4493 esset
324 4434 396 4493 tota
416 4429 487 4493 vita
506 4426 616 4506 latere,
638 4426 732 4492 Deus
753 4445 808 4493 me
825 4427 945 4493 extulit
964 4449 1028 4512 qno
1081 4427 1182 4494 diota:
1206 4437 1265 4495 aut
1273 4427 1413 4495 Genera
1433 4434 1549 4494 ventos
1561 4426 1714 4492 exsufflat
1723 4426 1842 4511 quibus
1852 4427 1922 4511 ipse
1933 4432 2055 4509 erepat

52 4511 213 4592 nolebam,
235 4519 269 4579 et
290 4512 398 4597 aliquo
420 4511 525 4598 gradu
545 4532 616 4578 esse
633 4511 738 4578 voluit
757 4513 864 4579 insna
877 4513 1026 4581 eeolesia:
1080 4512 1277 4597 Quanquam
1300 4534 1366 4579 non
1394 4512 1583 4596 exspeotari
1615 4511 1693 4577 dum
1720 4533 1774 4578 me
1806 4532 1824 4578 e
1856 4532 1985 4590 seeuro,
2019 4519 2056 4575 ut

52 4604 100 4678 tu,
129 4619 226 4682 quem
254 4599 321 4664 urit
353 4607 388 4664 et
420 4598 587 4665 exoruoiat
617 4598 734 4663 insana
765 4597 888 4684 gloriae
914 4601 1027 4679 famas,
1078 4601 1186 4686 fingit,
1219 4598 1296 4665 nido
1328 4598 1530 4664 extraheret:
1568 4598 1643 4682 quia
1674 4619 1738 4682 quo
1774 4603 1921 4679 tempore
1953 4595 2055 4661 totius

51 4684 174 4750 frustm
195 4684 305 4751 inhias
326 4682 513 4764 honoribus,
531 4690 565 4750 et
580 4690 629 4750 tot
642 4683 790 4750 erratioie
798 4684 1028 4751 venationibus
1079 4708 1097 4751 r
1141 4686 1160 4700 ”
1184 4684 1310 4752 eonsilii
1330 4683 1405 4751 odia
1425 4683 1461 4748 in
1483 4704 1542 4748 noa
1557 4681 1773 4750 aooeuderaut
1792 4679 1940 4764 improbi,
1962 4680 2054 4747 nullo

50 4769 137 4835 nihil
179 4770 295 4837 rofioie.
339 4771 394 4835 An
415 4769 498 4835 mibi
518 4768 639 4837 luenda
660 4776 711 4834 est
734 4777 810 4836 tuae
838 4769 1027 4837 stoliditatis
1131 4772 1163 4836 ri
1195 4769 1389 4850 oonduotus,
1428 4778 1467 4835 ut
1497 4768 1690 4852 loquuntur,
1729 4767 1905 4851 diplomate
1941 4765 2053 4850 petito,

50 4790 180 4939 poenal
223 4855 280 4921 bie
301 4876 380 4921 raro
398 4855 621 4922 innooeutiam
634 4855 659 4940 ¹)
685 4855 721 4922 vi
741 4862 775 4922 at
793 4855 892 4922 minis
918 4856 1027 4941 oppri·
1078 4856 1181 4923 libere
1201 4854 1365 4940 postulari
1386 4862 1426 4920 ut
1445 4855 1533 4920 inter
1548 4854 1672 4921 medios
1686 4853 1781 4939 ignee
1796 4871 1929 4919 oausam
1947 4851 2054 4918 dioere

1077 4943 1199 5008 liaeret
1221 4937 1339 5007 Simile
1359 4940 1483 5025 aliquid
1504 4939 1544 5007 de
1566 4962 1601 5007 se
1621 4947 1734 5006 narrat
1749 4936 1940 5003 Balduinus.
1985 4935 2055 5003 Sed

123 5057 153 5126 1)
172 5057 220 5114 aa
236 5065 261 5115 ,ς
284 5059 377 5116 m,
393 5060 495 5128 ,flam
515 5057 668 5131 (pompm,
686 5059 874 5130 pamm),
909 5060 986 5117 Bm,
1002 5067 1027 5117 a
1077 5028 1156 5113 quia
1177 5046 1253 5094 eum
1274 5025 1389 5112 oynioo
1410 5047 1523 5093 sourra
1539 5021 2053 5128 nullaaessetlitigandinmodus,

50 5129 159 5185 Amat.-
173 5126 263 5183 Mean
279 5144 346 5184 vere
363 5128 551 5184 innocentiam
1076 5118 1223 5199 praestat
1242 5112 1418 5179 verborum
1438 5111 1592 5197 ampullis
1617 5109 1752 5176 eohdam
1773 5129 1884 5175 rerum
1906 5129 2053 5194 rpsarum

161 5210 272 5268 catana
286 5228 378 5283 opera
417 5212 548 5270 rara.
1811 5207 1848 5265 er
