4748 5798
152 241 215 321 ιιι
769 252 834 319 oa
857 200 1532 323 oeouaraoaresormaaua.
2088 258 2151 322 aee

153 443 247 507 navit
268 439 310 507 ad
330 461 479 524 poenam,
503 447 536 505 et
557 439 721 505 adseram
735 439 873 505 salutem
891 461 970 523 quos
988 439 1129 525 benigne
1180 439 1331 518 credulis,
1353 449 1393 506 ut
1413 439 1550 507 credant
1571 440 1751 519 mendacio,
1775 442 1851 524 qnia
1870 441 2031 525 permittit
2048 444 2152 510 exsis-

155 525 414 611 praedestinavit
435 524 636 611 adgratiam.
672 523 844 605 Quantum
867 526 954 591 enim
977 527 1018 592 ad
1040 527 1129 611 ipsos
1180 534 1250 591 tcre
1270 525 1380 613 falsos
1394 526 1558 592 doctores:
1587 528 1681 595 sicuti
1709 525 1865 610 prodigus
1896 531 1970 606 [pag.
1990 533 2044 607 61]
2073 528 2151 594 ado·

154 614 283 689 attinet,
312 611 399 696 quod
420 611 513 677 Deus
535 611 640 676 noluit
667 611 828 688 fecerunt,
857 616 931 690 [pag.
950 617 1002 692 te]
1025 633 1128 695 quau·
1179 611 1305 676 lescens
1327 613 1499 695 prolapsus
1528 615 1635 679 estin
1664 612 1837 677 luxuriem.
1882 611 1947 678 Ubi
1971 612 2051 679 haec
2069 615 2152 680 effu-

153 708 226 763 tum
249 718 327 763 vero
349 696 391 761 ad
409 697 679 780 omnipotentiam
698 696 772 774 Dei,
795 695 888 761 nullo
909 697 1004 762 modo
1027 696 1059 762 id
1082 698 1128 763 el·
1179 697 1301 773 tiveris,
1323 706 1463 779 putasne
1491 698 1539 763 ita
1564 707 1754 765 excaecatos
1776 697 1927 776 lectores,
1954 707 2077 765 utnon
2100 701 2150 765 vi·

154 785 251 849 licere
271 783 466 848 valuerunt:
495 783 556 847 hoo
582 782 703 865 quippe
730 783 800 865 ipso
827 782 914 864 quod
935 790 1049 849 eontm
1071 804 1128 848 vo·
1180 781 1280 846 deant
1301 801 1438 864 prorsus
1460 783 1549 847 aliud
1571 786 1604 848 in
1628 784 1680 848 his
1690 783 1787 848 Pauli
1808 783 1926 860 verbis,
1950 784 2057 849 Deum
2080 786 2150 852 effi·

153 869 315 934 luntatem
336 865 401 932 Dei
424 869 586 945 fecarunt,
616 865 656 931 de
677 868 758 950 ipsis
785 867 870 933 facta
899 875 950 933 est
976 869 1128 934 voluntas
1179 868 1300 933 caciam
1324 869 1442 932 erroris
1465 867 1591 934 dedisse
1614 871 1647 952 (2
1667 869 1780 933 Thess.
1806 873 1835 948 2,
1858 868 1932 948 tn?
1978 869 2045 934 Sed
2067 870 2150 936 nihil

154 954 233 1021 eius.
278 955 460 1037 Propterea
481 973 623 1036 namque
646 973 766 1036 magna
787 973 886 1036 opera
903 954 1047 1032 Domini,
1071 976 1128 1018 ex·
1179 954 1300 1018 mirum
1323 963 1373 1016 est
1394 961 1460 1017 tam
1478 954 1645 1020 licentiose
1667 964 1750 1018 eum·
1795 956 1887 1034 rrire,
1910 955 1965 1037 qui
1987 955 2041 1021 vel
2057 955 2151 1023 nulla

154 1040 276 1123 quisita
296 1040 333 1104 in
354 1060 470 1104 omnes
490 1039 680 1104 voluntates
702 1038 782 1117 eius,
805 1051 842 1103 ut
859 1041 942 1104 miro
960 1049 993 1104 et
1012 1040 1127 1104 ineffa-
1179 1059 1250 1103 esse
1272 1039 1335 1102 Dei
1357 1038 1479 1103 iudicia
1496 1048 1600 1123 putat,
1625 1040 1676 1104 vel
1695 1041 1748 1123 qui
1794 1062 1913 1105 nomen
1936 1041 2043 1123 ipsum
2065 1041 2150 1107 iudi·

153 1125 211 1192 bili
233 1125 331 1191 modo
355 1146 421 1190 non
449 1126 509 1190 fiat
535 1134 666 1208 praeter
696 1124 766 1190 eius
792 1124 1011 1204 voluntatem,
1040 1123 1127 1207 quod
1179 1123 1220 1188 cii
1240 1123 1351 1188 valeat
1371 1145 1483 1189 secure
1505 1127 1693 1191 contemnit.
1737 1125 1852 1208 Neque
1869 1127 1957 1192 enim
1979 1127 2150 1210 quisquam

153 1211 253 1276 etiam
275 1218 389 1276 cenna
410 1211 481 1275 eius
503 1211 540 1274 fit
562 1209 780 1274 voluntatem:
803 1211 878 1292 quia
900 1212 1077 1275 confieret
1099 1211 1127 1275 si
1178 1229 1278 1273 sanae
1311 1211 1432 1275 mentis
1455 1206 1607 1276 'iudicem
1641 1212 1677 1276 in
1709 1212 1823 1294 poenis
1856 1211 2025 1296 exigendis
2065 1213 2149 1278 nihil

152 1316 222 1361 non
250 1297 388 1362 sineret:
420 1317 481 1361 nec
508 1295 622 1379 utique
644 1293 765 1372 ,nolens
793 1296 885 1374 sinit,
920 1295 976 1361 sed
1003 1296 1126 1361 volens.
1179 1316 1275 1379 agere
1297 1295 1391 1374 dicet,
1414 1295 1468 1360 vel
1490 1297 1628 1362 otiosum
1651 1297 1839 1379 permittere
1862 1297 2031 1380 aliisquod
2052 1299 2150 1365 officii

153 1382 223 1449 Nec
245 1381 486 1448 sineretbonus
506 1381 577 1446 fieri
599 1381 694 1459 male,
718 1382 779 1446 nisi
803 1383 1009 1465 omnipotens
1027 1383 1127 1445 etiam
1178 1381 1248 1446 eius
1269 1382 1440 1464 proprium
1462 1390 1540 1446 erat.
1585 1383 1656 1448 Tuo
1678 1389 1786 1447 autem
1808 1382 1930 1447 latratu
1953 1384 2077 1448 frustra
2096 1405 2149 1449 me

153 1465 193 1532 de
215 1466 432 1532 malefacere
453 1475 562 1550 posset
583 1466 675 1532 bene.
1179 1466 1329 1531 territare
1359 1476 1415 1531 ant
1442 1467 1600 1533 lacessere
1634 1467 1813 1532 contendis.
1858 1467 1951 1535 Dicis
1980 1468 2044 1533 Dei
2074 1491 2148 1553 per-

238 1551 333 1634 Quae
356 1572 434 1618 vero
457 1551 590 1617 adducis
612 1551 808 1629 testimonia,
832 1552 935 1617 nihilo
957 1552 1063 1636 magis
1085 1551 1127 1615 ad
1178 1553 1282 1616 missu
1304 1553 1462 1618 exsistere
1485 1554 1619 1636 spiritus
1641 1553 1774 1631 erroris,
1802 1555 1859 1637 qui
1881 1555 2019 1619 doceant
2038 1555 2149 1621 Deum

152 1647 359 1722 praesentem
381 1638 667 1714 causamlaciunt,
690 1639 833 1720 quamsi
856 1638 1055 1703 oleovinum
1078 1638 1125 1701 di·
1178 1637 1263 1702 velle
1286 1649 1461 1721 peecatum
1488 1638 1578 1704 'Hoc
1599 1639 1687 1704 idem
1715 1659 1815 1721 quum
1836 1639 1940 1705 Paulo
1971 1640 2148 1722 exprobra·

152 1723 243 1788 luere
266 1723 376 1789 velles.
409 1723 519 1809 *Deus
541 1745 600 1807 per
622 1722 826 1788 Ezechielem
851 1724 989 1789 Iudaeos
1011 1724 1126 1788 immo·
1178 1731 1250 1787 tum
1269 1724 1369 1788 fuerit
1390 1744 1409 1787 a
1430 1725 1479 1787 tui
1498 1725 1658 1791 similibus
1681 1725 1791 1807 (Rom.
1812 1727 1841 1801 3,
1861 1725 1905 1810 5),
1928 1746 1995 1790 non
2018 1734 2069 1792 est
2090 1748 2149 1792 cur

153 1810 278 1894 rigeros
305 1809 489 1891 alloquens,
520 1808 612 1873 dicit:
646 1809 712 1886 Ite,
748 1809 869 1873 servite
896 1809 964 1874 suis
991 1809 1126 1893 quisque
1178 1828 1275 1892 aegre
1296 1809 1398 1876 feram
1421 1830 1495 1875 cum
1517 1831 1555 1874 eo
1577 1811 1741 1894 coniungi.
1791 1809 1937 1876 Adducis
1960 1832 2000 1874 ex
2023 1811 2148 1878 Zacha-

152 1893 246 1960 idolis
270 1898 337 1972 (20,
357 1896 427 1979 39),
456 1894 579 1959 Fateor
601 1914 681 1958 sane
702 1916 769 1959 non
788 1895 873 1959 hane
894 1893 1036 1959 iubentis
1054 1913 1125 1958 esse
1176 1896 1234 1971 ria,
1258 1894 1367 1959 Deum
1388 1896 1485 1960 irasci
1507 1895 1659 1980 genubus
1681 1916 1763 1978 quae
1784 1896 1920 1979 gravim
1941 1906 2149 1962 vexaverunt

151 2001 277 2058 vocem,
300 1979 358 2046 sed
380 1981 515 2063 impiam
537 1981 718 2044 mixturam
742 1979 954 2063 repudiantis,
983 1999 1047 2062 qua
1068 1979 1124 2042 Iu·
1177 1978 1344 2046 Israelitas
1372 1985 1470 2063 quam
1498 1983 1600 2046 ferret
1627 1983 1698 2046 eius
1719 1983 1777 2047 ira.
1828 1982 1960 2065 Ergone
1983 1991 2050 2047 tam
2072 1982 2148 2048 bar·

152 2065 224 2130 daei
247 2066 431 2149 legitimum
453 2067 524 2130 eius
546 2064 669 2130 cultum
689 2064 927 2130 adulterabant.
961 2063 1029 2130 Sed
1047 2064 1125 2147 quid
1177 2063 1238 2130 dus
1260 2087 1304 2144 es,
1327 2074 1364 2131 ut
1386 2088 1451 2131 non
1469 2068 1549 2131 satis
1567 2067 1665 2133 fuisse
1686 2067 1722 2132 in
1734 2067 1805 2132 Deo
1828 2067 1979 2150 praesidii
2004 2072 2077 2146 [pag.
2091 2073 2146 2148 ea]

151 2151 227 2217 inde
256 2151 346 2216 aliud
375 2149 524 2235 colliges,
554 2151 617 2215 nisi
645 2155 719 2229 [pag.
740 2155 793 2230 ta]
822 2151 929 2215 Deum
957 2150 1123 2215 interdum
1175 2165 1271 2233 putes
1299 2150 1338 2216 ad
1366 2152 1587 2234 prohibendae
1614 2153 1765 2232 iniurias,
1797 2154 1825 2218 si
1853 2152 2007 2236 populum
2034 2154 2147 2221 mitius

152 2237 341 2319 permittere
363 2236 447 2319 qood
473 2236 636 2319 improbat
658 2243 691 2300 et
713 2235 870 2300 damnat?
921 2235 1024 2317 Quasi
1047 2256 1124 2301 vero
1175 2237 1328 2320 castigari
1347 2236 1498 2302 volebat?
1542 2239 1696 2322 Excipies
1720 2238 1782 2304 hoc
1803 2258 1920 2304 sonare
1937 2238 2045 2303 verba.
2079 2230 2148 2303 Sed

150 2343 215 2388 non
239 2329 367 2389 constet
388 2323 474 2387 inter
496 2344 624 2399 omues,
652 2322 762 2387 Deum
787 2321 949 2396 similibus
971 2321 1123 2405 quuendi
1176 2330 1228 2386 ter
1248 2330 1281 2386 et
1302 2329 1418 2406 quater
1440 2322 1589 2407 stupidus
1611 2344 1662 2401 es,
1686 2324 1713 2387 si
1738 2345 1802 2388 non
1825 2323 2061 2389 animadvertis
2083 2325 2148 2409 alio

151 2408 264 2473 termis
287 2407 453 2472 interdum
475 2407 596 2486 iubere,
619 2406 786 2473 interdum
804 2407 988 2473 concedere.
1033 2408 1124 2472 Dicit
1175 2415 1209 2471 et
1229 2406 1293 2472 alio
1315 2407 1411 2472 modo
1433 2408 1627 2475 mirabiliter
1644 2409 1754 2473 Deum
1775 2408 1913 2492 probare
1935 2429 2049 2474 severo
2070 2429 2147 2474 exa·

149 2493 184 2557 in
205 2493 295 2578 lege:
317 2491 384 2559 Sex
403 2493 517 2559 diebus
538 2493 740 2576 operaberis:
763 2494 927 2560 concessio
945 2501 1004 2569 est.
1037 2493 1123 2559 Nam
1174 2493 1263 2558 mine
1283 2514 1415 2559 suorum
1439 2496 1640 2577 patientiam,
1663 2502 1697 2560 et
1712 2496 1839 2560 interea
1858 2495 1979 2559 offendi
2002 2496 2146 2560 hostium

152 2579 328 2663 septimum
372 2599 511 2661 nemque
538 2578 625 2643 diem
655 2579 716 2645 sibi
744 2599 953 2656 consecrans,
979 2577 1123 2662 reliquos
1175 2579 1371 2663 petulantia,
1401 2579 1478 2644 dum
1507 2580 1654 2646 victoriis
1676 2580 1778 2645 elatos
1799 2582 1870 2646 sino
1891 2578 1987 2645 m‘odo
2010 2580 2147 2647 insoles·

151 2663 338 2729 hominibus
351 2601 476 2730 diberos
498 2664 584 2757 iacit.
618 2664 693 2729 Alio
712 2666 810 2729 etiam
833 2664 928 2729 modo
950 2663 1124 2748 repudium
1175 2686 1247 2730 cere
1268 2676 1301 2731 et
1323 2664 1363 2730 ad
1385 2665 1610 2731 crudelitatem
1634 2686 1729 2731 ruere
1749 2666 1853 2731 iidct:
1886 2666 1951 2730 imo
1973 2664 2056 2731 nihil
2079 2667 2147 2732 cla-

149 2749 227 2814 olim
250 2749 383 2815 Iudaeis
404 2750 562 2834 permisit,
581 2750 668 2832 quod
689 2749 825 2814 minime
846 2750 1013 2833 probabat.
1058 2749 1123 2815 Hic
1173 2751 1252 2830 rios,
1274 2771 1372 2833 quam
1390 2764 1463 2816 tuas
1484 2752 1626 2836 ineptias
1644 2759 1759 2817 mutuo
1779 2753 1930 2818 conflictu
1953 2764 2068 2835 sponte
2087 2772 2147 2818 sua

150 2855 223 2901 cum
247 2834 471 2921 indignatione
491 2834 635 2918 duplices
658 2844 691 2901 et
707 2834 848 2918 perfidos
865 2834 962 2900 idolis
973 2834 1122 2914 devovet,
1174 2837 1353 2902 concidere.
1396 2836 1462 2901 Vel
1484 2838 1571 2902 enim
1600 2837 1771 2903 mandavit
1791 2835 1884 2902 Deus
1908 2838 2053 2920 profanis
2080 2837 2147 2904 illis

150 2922 225 3005 quia
252 2941 319 2986 non
347 2920 421 2987 vult
447 2942 566 2986 nomen
596 2942 692 2987 sunm
719 2921 892 3005 profanari.
945 2918 1013 2986 Sed
1043 2940 1122 3004 quo·
1174 2922 1336 3006 gentibus,
1359 2922 1413 2988 vel
1433 2923 1537 2988 solum
1558 2924 1714 3007 permisit,
1737 2922 1923 2988 utIudaeos
1940 2922 2058 2989 leniter
2074 2945 2147 2990 eas·

149 3005 246 3072 modo
269 3005 309 3071 de
331 3026 452 3072 mana
479 3007 549 3072 eius
577 3005 784 3090 providentia
810 3026 898 3072 nuno
921 3006 974 3090 agi
1003 3005 1122 3072 oblitus
1174 3009 1323 3092 tigarent.
1379 3007 1416 3074 Si
1446 3008 1618 3074 mandasse
1645 3007 1857 3092 respondeas,
1886 3006 2018 3073 obtineo
2042 3029 2145 3093 quum

150 3112 199 3171 cs,
229 3111 294 3175 qua
322 3111 435 3158 omnes
464 3090 580 3156 mundi
607 3091 801 3175 agitationes
833 3102 892 3175 pro
925 3092 1059 3157 arbitrio
1087 3093 1122 3157 in
1174 3093 1302 3159 miseris
1324 3095 1386 3160 Dei
1409 3094 1578 3161 exsulibus
1598 3095 1669 3160 sine
1692 3114 1791 3160 causa
1812 3093 1941 3159 molesti
1964 3102 2074 3159 essent
2094 3095 2145 3159 vi·

148 3198 247 3243 usum
267 3199 363 3243 suum
389 3177 532 3244 destinat
560 3184 594 3243 et
621 3176 804 3251 convertit?
853 3178 958 3242 Porro
980 3177 1122 3242 alterum
1174 3181 1248 3259 cini,
1271 3181 1397 3245 tlrturos
1418 3188 1530 3246 umen
1550 3180 1651 3245 fuisse
1672 3186 1768 3244 extra
1789 3179 1931 3263 eulpam,
1961 3178 1989 3245 si
2010 3178 2145 3244 modum

149 3262 256 3328 locum
277 3271 344 3327 tam
368 3263 484 3330 inscite
507 3271 541 3327 et
562 3283 735 3347 perperam
757 3282 986 3346 corrumpens,
1014 3275 1122 3328 osten-
1173 3273 1369 3332 servassent
1403 3264 1488 3346 Quis
1510 3265 1598 3330 enim
1620 3266 1700 3330 vitio
1721 3264 1788 3329 illis
1810 3264 1960 3344 ascribat,
1983 3263 2069 3348 quod
2080 3263 2144 3329 Dei

150 3346 199 3414 dis
221 3369 321 3433 quam
344 3348 427 3414 nihil
457 3369 586 3415 sacrum
615 3349 658 3414 sit
684 3348 812 3434 homini
838 3348 969 3432 impuro
991 3356 1025 3412 et
1045 3366 1122 3432 pro·
1172 3350 1327 3415 mandato
1360 3349 1552 3435 paruerint?
1613 3350 1720 3434 Atqui
1737 3356 1785 3418 ,tu
1818 3349 1994 3416 discrimen
2026 3350 2144 3416 statuis

149 3435 234 3500 fano.
279 3433 392 3500 Verba
411 3435 474 3501 Dei
498 3442 588 3501 sunt:
612 3433 700 3516 Quia
716 3433 891 3500 noluerunt
913 3433 1043 3500 obedire
1065 3434 1121 3500 bo·
1172 3435 1399 3520 permissionis
1425 3443 1459 3501 et
1484 3435 1646 3502 mandati:
1675 3436 1750 3519 quia
1776 3456 1879 3519 quum
1905 3436 2054 3501 iussisset
2074 3436 2144 3500 Do·

148 3520 199 3586 nis
220 3519 306 3585 meis
329 3519 526 3604 praeceptis,
555 3518 630 3585 dedi
655 3519 720 3584 illis
748 3527 922 3604 praecepta
950 3541 1016 3585 non
1039 3519 1122 3586 bona
1172 3523 1284 3587 minus
1305 3522 1395 3587 leves
1419 3526 1493 3601 [pag.
1507 3526 1561 3601 ot]
1584 3540 1705 3605 poenas
1727 3522 1859 3605 exigere
1878 3519 1918 3586 de
1938 3520 2057 3604 populo
2075 3541 2143 3599 sno,

149 3605 282 3688 (Ezech.
302 3609 353 3686 20,
372 3610 411 3670 24
432 3629 448 3672 s
471 3613 503 3683 .).
547 3607 613 3672 Hic
635 3608 780 3691 nugaris,
803 3627 905 3690 quum
926 3605 1047 3671 deserti
1070 3626 1121 3671 es·
1173 3629 1210 3672 eo
1237 3608 1464 3691 pennittente,
1500 3607 1634 3672 modum
1663 3607 1872 3673 excesserint.
1915 3606 1989 3673 Hac
2017 3608 2144 3673 ratione

147 3699 220 3756 seut
242 3712 261 3756 a
283 3692 370 3770 Deo,
398 3628 568 3777 prdie-psus
595 3712 666 3757 esse
690 3693 727 3756 in
749 3692 974 3759 idololatriam.
1019 3694 1120 3775 Atqui
1172 3693 1427 3777 reprehensione
1449 3691 1539 3778 digni
1557 3692 1879 3770 fueruntlsraelitae,
1902 3692 1987 3776 quod
2009 3694 2143 3778 gravius

147 3775 236 3841 haud
260 3775 357 3842 dubie
378 3777 636 3861 intelligitDeus
659 3777 835 3843 Chaldaeis
856 3776 1120 3844 fuisse'addietos
1172 3779 1352 3844 afflixerint
1372 3779 1491 3844 fatres
1512 3799 1597 3858 suos,
1620 3800 1717 3862 quam
1740 3777 1864 3844 ferebat
1884 3778 1935 3843 ira
1956 3776 2029 3843 Dei.
2074 3777 2142 3844 Sed

146 3863 180 3927 in
201 3862 406 3944 servitutem,
429 3868 502 3943 [pag.
522 3867 576 3942 60]
598 3864 652 3946 qui
675 3862 916 3948 adtyranuicas
936 3883 1013 3930 suas
1030 3863 1120 3947 leges
1172 3865 1271 3929 nimis
1293 3873 1325 3930 te
1347 3871 1499 3930 excaecat
1520 3872 1578 3929 tua
1599 3865 1758 3942 amentia,
1787 3863 1872 3948 quod
1899 3871 2031 3928 areatn
2054 3864 2142 3947 ipsos

139 3968 201 4012 eos
223 3956 386 4032 cogerent.
431 3949 505 4015 Iam
525 3949 703 4033 quaeritur,
726 3969 768 4013 an
786 3956 915 4014 tantum
933 3950 1121 4033 permiserit
1171 3950 1302 4029 eximis,
1333 3951 1360 4016 si
1388 3949 1484 4015 modo
1511 3949 1572 4015 sibi
1601 3957 1847 4033 temperassent.
1893 3947 2031 4097 Semper
2053 3951 2141 4014 enim
2245 3991 2247 3996 -

145 4033 388 4108 Deusludaeos
410 4032 615 4100 aOhaldaois
635 4035 722 4099 trahi
743 4035 778 4099 in
801 4034 962 4114 exsilium,
986 4055 1118 4100 ansero
1170 4036 1236 4102 huc
1258 4045 1290 4101 te
1313 4036 1489 4115 retraham,
1511 4036 1661 4119 peccasse
1672 4033 1840 4100 Israelitas
1857 4055 1922 4099 non
1941 4055 1977 4100 so
1990 4056 2045 4099 um
2065 4035 2142 4118 quia

144 4117 186 4183 ad
208 4119 401 4203 castiganda
428 4120 542 4203 populi
563 4121 613 4186 sui
640 4121 772 4204 peccata
800 4118 932 4186 delectis
960 4141 1037 4186 ase
1059 4121 1118 4186 fla-
1170 4122 1381 4205 permittente
1401 4122 1487 4200 Deo,
1515 4122 1685 4206 attingis,
1710 4119 1808 4184 nimis
1835 4139 1949 4203 aspere
1976 4140 2011 4184 se
2033 4141 2142 4205 gesse-

144 4204 241 4289 gellis
273 4225 354 4270 usus
386 4204 506 4270 fuerit?
561 4206 648 4270 Nam
681 4205 708 4270 si
741 4227 781 4270 ex
809 4206 872 4272 Dei
903 4206 1118 4289 permissione
1170 4207 1247 4285 rint,
1270 4207 1326 4273 sed
1350 4208 1426 4290 quia
1446 4207 1567 4272 iniuste
1590 4225 1682 4272 arma
1702 4204 1871 4270 induerint
1888 4213 2003 4272 contra
2023 4206 2141 4271 fratres

142 4299 354 4374 praetextum
374 4291 481 4357 adhuc
503 4312 650 4373 quaeras,
673 4291 826 4356 incendio
848 4291 997 4357 tradendi
1019 4302 1118 4356 erunt
1169 4313 1267 4368 suos„
1304 4293 1355 4357 'Pu
1383 4312 1528 4359 asserere
1556 4313 1622 4358 non
1651 4291 1780 4357 dubitas
1813 4292 1847 4356 in
1872 4299 2022 4375 suscepto
2053 4290 2139 4357 bello

141 4397 258 4441 omnes
284 4377 477 4460 prophetae,
508 4377 565 4461 qui
589 4398 676 4443 nunc
705 4375 864 4442 Satanam
892 4397 912 4440 a
933 4377 1004 4443 Deo
1031 4378 1118 4442 mitti
1169 4378 1253 4443 nihil
1275 4379 1376 4444 fuisse
1398 4379 1535 4462 peccati,
1565 4378 1641 4462 quia
1661 4376 1792 4442 Iudaeis
1816 4376 1921 4442 iratus
1943 4385 2013 4442 erat
2035 4376 2136 4455 Deus,

143 4461 186 4527 ad
208 4460 399 4540 fallendum,
421 4483 512 4529 nune
534 4461 719 4529 Ohaldaeos
742 4462 793 4528 vel
816 4463 972 4547 Assyrios
993 4464 1035 4529 ad
1064 4485 1116 4528 ra·
1169 4472 1202 4529 et
1219 4465 1386 4530 Israelitas
1407 4465 1494 4548 ipsos
1516 4471 1711 4542 armaverat,
1733 4471 1773 4528 ut
1793 4463 1972 4527 vindictam
1995 4482 2054 4525 suo
2077 4462 2138 4526 im·

136 4546 312 4632 piendum,
336 4549 515 4613 affirmant:
537 4568 626 4614 nuno
648 4547 760 4614 dicunt
781 4547 923 4614 eundem
945 4549 1054 4614 Deum
1073 4548 1126 4614 si-‘
1167 4551 1258 4633 perio
1281 4551 1458 4635 exigerent
1509 4550 1712 4634 Ego-autem
1733 4548 1784 4615 bis
1806 4569 1861 4614 eos
1882 4567 2033 4631 peccasse
2055 4545 2136 4624 dico,

141 4633 248 4700 bilare
270 4632 460 4719 Aegyptiis,
488 4642 659 4700 uteorum
681 4655 780 4718 opera
801 4642 926 4699 utatur:
960 4634 1116 4718 Assyrios
1168 4635 1244 4718 quia
1264 4657 1325 4704 nec
1346 4635 1412 4702 illis
1433 4636 1634 4720 propositum
1656 4636 1717 4700 fuit
1733 4633 1931 4719 'obsequium
1954 4633 2025 4714 Deo
2043 4653 2137 4715 prae·

130 4740 215 4785 esse
233 4717 452 4786 conductitios
474 4720 545 4786 eius
566 4720 701 4787 milites:
725 4717 980 4785 Nabueadueaer
1001 4720 1036 4784 in
1058 4741 1115 4785 ex·
1167 4717 1264 4800 star‘e,
1287 4723 1435 4805 quamvis
1456 4721 1599 4786 ministri
1622 4719 2000 4787 essentvindictaeeius:
2022 4717 2139 4800 etipsa

133 4803 278 4889 pilando
306 4808 459 4956 Aegypto
488 4826 560 4871 esse
589 4806 659 4872 eius
682 4826 832 4872 servum:
860 4807 937 4870 item
961 4805 1116 4890 Assyrios
1167 4807 1320 4874 auseae
1347 4807 1491 4873 ostendit
1524 4807 1630 4872 omnis
1663 4807 1836 4890 aequitatis
1870 4804 1969 4870 fuisse
2008 4802 2136 4869 oblitos.

131 4893 176 4955 in
200 4889 382 4956 excidenda
422 4890 525 4957 udaea
547 4892 687 4957 securim
709 4912 781 4958 esse
802 4891 927 4956 ineius
948 4912 1060 4969 manu,
1082 4900 1116 4958 et
1166 4893 1239 4957 Imo
1260 4894 1294 4957 in
1315 4895 1387 4978 ipso
1413 4893 1570 4977 principio
1598 4892 1784 4977 pudendam
1807 4896 1881 4970 [pag.
1900 4894 1954 4968 64]
1973 4888 2138 4954 inscitiam

134 4977 271 5060 virgam
294 4977 413 5042 furoris
435 4978 513 5043 eius.
564 4977 641 5042 Alia
662 4978 850 5056 innumera,
880 4998 921 5042 ne
942 4977 1030 5041 iusto
1052 4978 1113 5043 sim
1165 4978 1288 5062 prodis,
1311 4979 1397 5065 quod
1418 4979 1517 5064 fingis
1540 4979 1604 5045 Dei
1624 4979 1787 5062 permissu
1804 4974 1869 5041 labi
1891 4982 1925 5039 et
1945 4993 2056 5040 errare
2078 4974 2137 5040 ho·

130 5062 311 5145 prolixior,
333 5063 459 5128 omitto.
506 5063 580 5129 Non
605 5063 716 5129 minus
739 5063 939 5129 temulentae
961 5062 1115 5129 audaciae
1165 5065 1287 5143 mines,
1316 5065 1423 5150 quoad
1450 5066 1538 5150 ipsos
1565 5073 1699 5147 spectat.
1749 5064 1812 5128 Est
1833 5060 1922 5125 enim
1944 5059 2081 5142 impium
2104 5070 2138 5126 et

130 5157 193 5214 est
214 5146 302 5231 quod
323 5147 433 5214 Deum
455 5149 554 5235 fingis
578 5149 709 5216 mittere
735 5149 886 5232 spiritum
915 5148 1035 5215 erroris
1062 5148 1114 5213 in·
1166 5149 1360 5236 sacrilegum
1383 5159 1612 5231 commentum,
1634 5150 1744 5214 Deum
1766 5145 1944 5231 quidquam
1961 5145 2041 5210 mali
2062 5167 2138 5231 per·
