4620 5828
133 226 195 290 ιιι
819 212 821 220 ’
905 222 1098 292 onmem
1117 223 1168 293 la
1185 223 1351 293 conns.
1868 311 1871 317 f
2067 230 2131 292 ιιι

135 412 339 479 ditearnem
361 413 431 479 eius
453 420 487 479 et
507 415 702 498 sanguinem
728 413 821 480 nobis
850 433 920 479 esse
940 413 977 478 in
999 411 1108 479 eibum
1158 415 1211 481 nis
1222 436 1290 479 non
1298 421 1349 480 est
1359 415 1492 482 relictus
1509 412 1695 500 ambigendi
1711 414 1809 481 locus.
1831 415 2027 481 Nuncenim
2039 425 2073 482 ιι
2081 417 2131 501 ip·

133 506 167 566 et
186 508 311 582 potum,
333 508 372 563 ut
393 499 597 584 spiritualem
619 500 722 565 vitam
734 501 825 571 carni
841 507 972 565 nostrae
984 509 1017 564 et
1033 519 1108 564 san·
1160 501 1227 566 sius
1239 498 1373 566 Domini
1383 503 1590 585 professione,
1607 511 1641 565 et
1649 500 1713 565 fide
1724 511 1846 579 nostra,
1864 523 1941 568 vere
1952 521 2027 566 caro
2039 511 2089 566 est
2099 509 2132 567 et

135 586 226 670 guini
257 583 442 650 infundant.
499 584 566 651 Sed
599 586 717 651 melius
748 586 832 653 solvi
860 594 930 649 tota
962 586 1108 669 quaestio
1159 607 1237 652 vere
1249 588 1397 671 sanguis:¹
1420 596 1455 652 ιι
1471 587 1551 652 haee
1570 595 1701 671 accepta
1716 594 1750 651 ct
1767 586 1885 652 hausta
1895 587 2038 654 efficiunt
2051 597 2088 652 ut
2099 596 2133 653 et

134 691 200 735 non
227 678 338 754 potest
364 691 461 752 quam
490 691 531 735 ox
559 671 734 736 verborum
768 680 931 737 contextu.
981 671 1107 735 Eadem
1159 693 1220 737 nos
1241 671 1276 736 in
1299 672 1433 738 Christo
1461 680 1494 737 et
1515 670 1668 738 Christus
1696 672 1732 736 in
1761 674 1855 739 nobis
1883 673 1933 738 sit.
1987 674 2044 738 An
2065 694 2132 739 non

134 757 224 821 enim
245 778 311 820 non
334 756 399 821 alia
420 757 668 823 communicatio
691 758 798 822 carnis
820 756 945 822 Christi
967 756 1033 821 illio
1056 777 1108 822 as·
1159 756 1241 824 haee
1262 759 1383 824 veritas
1402 757 1473 823 est?
1523 758 1586 823 Est
1614 778 1691 842 ergo
1718 759 1787 841 ipse
1809 759 1844 822 in
1866 759 1959 824 nobis
1980 779 2039 841 per
2060 781 2131 824 car-

132 843 255 908 seritur
275 842 311 906 in
333 861 443 920 coena,
462 863 562 927 quam
584 843 772 926 spiritualis,
795 863 878 925 quac
899 848 933 906 ιι
953 849 1109 925 perpetua
1159 865 1252 920 nem,
1281 853 1315 908 et
1336 866 1449 909 sumus
1463 843 1505 908 *in
1528 864 1581 908 eo:
1610 843 1686 910 dum
1717 863 1825 910 secum
1853 843 1929 925 hoe,
1961 842 2048 927 quod
2072 866 2132 910 nos

131 936 193 1006 est,
221 936 255 992 et
276 928 369 993 nobis
390 938 518 994 constat
538 937 632 993 extra
651 949 769 995 coenae
790 947 895 994 usum.
940 928 1014 993 Non
1036 928 1109 992 vult
1160 950 1287 1006 sumus,
1314 930 1351 993 in
1372 929 1443 994 Deo
1464 937 1522 1010 est.
1572 926 1669 1009 Quod
1691 938 1801 994 autem
1826 931 1862 995 in
1883 951 1921 995 eo
1942 950 2002 1012 per
2023 950 2131 997 sacra·

127 1013 323 1079 Heshusius
345 1013 470 1078 Christi
492 1034 609 1097 corpus
630 1014 694 1079 nisi
716 1015 758 1078 ιιι·
773 1034 872 1079 coena
892 1013 1105 1097 ¹corporaliter
1159 1031 1305 1079 mentum
1334 1015 1590 1080 communicatae
1622 1015 1729 1081 cernis
1758 1025 1791 1080 et
1818 1016 1985 1099 sanguinis
2019 1016 2130 1097 simus,

128 1109 165 1165 et
195 1101 285 1164 intra
312 1120 371 1163 nos
398 1100 529 1182 percipi.
587 1099 678 1165 Nihil
706 1101 815 1163 minus
842 1098 1009 1164 tolerabile
1037 1120 1107 1164 esse
1159 1101 1230 1183 ipso
1252 1108 1400 1178 testatur,
1430 1101 1555 1166 dicens:
1581 1101 1628 1164 Et
1653 1100 1708 1164 hio
1735 1100 1878 1166 mundus
1901 1102 1967 1165 iam
1989 1122 2042 1166 mo
2063 1122 2131 1167 non

128 1185 318 1262 existimat,
345 1206 443 1268 quam
465 1184 579 1250 fideles
601 1185 860 1250 substantialiter
881 1185 1014 1251 Christo
1037 1204 1108 1250 esse
1159 1187 1265 1265 videt,
1292 1207 1352 1251 vos
1374 1201 1484 1251 autem
1505 1206 1557 1250 me
1578 1185 1749 1252 videbitis:
1783 1186 1934 1269 quoniam
1956 1206 2016 1271 ego
2044 1187 2129 1268 rivo,

126 1270 331 1337 coniunctos.
382 1271 465 1335 'Poto
492 1272 579 1336 enim
601 1272 684 1336 libro
712 1273 748 1336 in
766 1270 827 1336 hoe
850 1272 955 1353 capite
976 1271 1107 1348 insistit,
1161 1276 1234 1350 [pag.
1254 1268 1308 1352 eo]
1329 1281 1361 1335 et
1383 1293 1441 1337 vos
1462 1272 1600 1337 vivetis:
1635 1273 1789 1355 quoniam
1817 1293 1877 1356 ego
1904 1273 1939 1337 in
1962 1281 2069 1354 patre,
2098 1281 2132 1338 et

127 1356 340 1440 spiritualem
360 1357 645 1423 manducationem
668 1378 733 1421 non
754 1358 818 1420 nisi
840 1355 938 1422 fidem
961 1378 1046 1434 esse,
1075 1364 1108 1420 et
1160 1379 1219 1423 vos
1245 1359 1280 1421 in
1308 1379 1377 1435 me,
1412 1365 1446 1422 et
1474 1378 1535 1441 ego
1564 1359 1597 1421 in
1624 1359 1716 1424 vobis
1743 1358 1869 1440 (Ioann.
1891 1362 1939 1435 14,
1960 1362 1999 1421 19
2018 1359 2129 1443 seqq).

126 1462 267 1508 coenam
289 1444 358 1507 lere
384 1443 483 1507 inane
515 1442 753 1530 spectaculum,
782 1442 847 1506 nisi
874 1441 1007 1507 ιιιιᾶιι
1033 1464 1108 1506 esus
1161 1441 1199 1508 Si
1219 1443 1399 1508 voluntatis
1426 1452 1556 1508 tantum
1577 1444 1735 1508 unitatem
1762 1443 1900 1528 intelligi
1927 1443 2043 1521 vellet,
2071 1465 2131 1510 cur

127 1528 325 1610 corporalis,
354 1527 395 1592 ad
417 1536 619 1593 momentum
641 1527 722 1592 illud
744 1527 905 1592 duntaxat
927 1547 990 1610 quo
1012 1533 1107 1610 panis
1161 1528 1297 1613 gradum
1315 1528 1478 1611 quendam
1495 1538 1592 1612 atque
1609 1528 1755 1593 ordinem
1767 1528 2040 1595 consummandae
2056 1531 2131 1595 uni-

125 1613 166 1678 in
189 1635 227 1677 os
246 1613 416 1697 ingeritur.
467 1614 599 1679 Centies
627 1613 746 1678 hocin
768 1613 877 1678 libello
899 1614 967 1678 eius
990 1614 1108 1696 repeti·
1159 1614 1237 1679 tatis
1259 1615 1419 1696 exposuit,
1442 1615 1506 1680 nisi
1530 1623 1565 1679 ut
1586 1635 1688 1697 quum
1709 1614 1765 1680 ille
1786 1614 1821 1679 iu
1839 1623 1932 1698 patre
1954 1636 2014 1698 per
2035 1625 2130 1681 natu·

127 1707 197 1763 tur.
243 1697 333 1779 Quid
361 1709 471 1764 autem
499 1700 677 1764 Irenaeus?
708 1698 826 1764 'Certe
854 1698 968 1763 vident
995 1719 1107 1764 omnes
1159 1721 1230 1765 ram
1251 1698 1430 1766 divinitatis
1452 1710 1544 1777 esset,
1566 1719 1626 1764 nos
1644 1701 1681 1764 in
1702 1720 1740 1765 ιο
1762 1721 1820 1783 per
1841 1700 2040 1783 corporalem
2061 1702 2131 1767 eius

128 1789 200 1850 non
222 1784 313 1849 aliud
335 1804 410 1850 eum
428 1787 550 1850 sentire
572 1785 624 1850 v'el
645 1785 733 1867 loqui
755 1785 795 1849 de
817 1785 1108 1850 communicatione
1159 1786 1374 1863 nativitatem,
1396 1797 1429 1850 et
1449 1786 1505 1850 ille
1531 1806 1664 1850 rursum
1690 1787 1725 1850 in
1747 1786 1840 1851 nobis
1861 1807 1921 1869 per
1945 1807 2130 1852 sacramen·
2158 1815 2160 1819 ⁴

131 1890 199 1953 qua
220 1871 362 1935 fruimur
382 1871 416 1935 iu
439 1891 549 1949 coena,
582 1892 679 1953 quam
704 1871 746 1935 de
766 1891 830 1952 qua
852 1871 998 1954 loquitur
1018 1871 1107 1936 Pau·
1159 1879 1269 1936 torum
1290 1871 1485 1954 mysterium
1506 1871 1612 1936 inesse
1634 1871 1830 1951 crederetur,
1861 1892 1899 1937 ac
1921 1873 1966 1937 sie
1987 1873 2131 1955 perfecta

132 1956 200 2034 lus,
232 1976 332 2038 quum
355 1953 437 2020 dicit
454 1955 567 2022 fideles
581 1966 656 2021 tum
678 1957 715 2020 in
735 1957 804 2020 vita
825 1977 923 2040 quam
945 1957 979 2019 in
1002 1963 1107 2021 morte
1159 1977 1217 2039 per
1237 1957 1449 2022 mediatorem
1471 1958 1579 2022 unitas
1597 1957 1782 2023 doceretur:
1802 1978 1902 2040 quum
1924 1957 2017 2022 nobis
2037 1959 2075 2022 in
2096 1979 2132 2023 se

133 2063 203 2107 esso
232 2041 379 2106 membra
407 2041 532 2107 Christi
558 2041 599 2106 de
626 2062 724 2107 carne
751 2043 820 2107 eius
852 2051 886 2106 et
913 2039 954 2106 de
981 2041 1108 2107 ossibus
1159 2042 1366 2108 manentibus
1394 2055 1541 2108 maneret
1566 2042 1601 2107 in
1629 2052 1736 2125 patra,
1769 2052 1803 2107 et
1824 2043 1859 2107 in
1880 2051 1973 2125 patre
1995 2063 2131 2109 manens

135 2128 203 2193 eius
233 2127 368 2213 (Ephes.
390 2133 418 2203 5,
438 2128 503 2210 30).
554 2128 706 2193 Cressius
739 2127 937 2210 loquendum
970 2135 1034 2205 est,
1070 2136 1109 2191 ιιι
1159 2143 1307 2192 maneret
1327 2128 1364 2192 in
1384 2128 1486 2204 nobis,
1510 2135 1543 2192 ιι
1563 2128 1610 2193 ιιι
1630 2127 1669 2192 ad
1691 2127 1851 2193 unitatem
1870 2128 1972 2212 patris
1993 2130 2131 2211 profice·

135 2213 223 2279 hunc
257 2213 399 2296 stipitem
432 2231 591 2278 moveam.
647 2207 791 2279 Probaie
823 2213 897 2278 vult
927 2234 968 2278 ex
1000 2214 1108 2279 verbis
1159 2235 1283 2279 remus:
1305 2235 1406 2296 quum
1428 2215 1481 2297 qul
1499 2214 1534 2278 in
1546 2235 1583 2279 eo
1595 2213 1789 2279 naturaliter
1808 2214 1987 2280 secundum
2010 2216 2130 2279 nativi·

135 2297 286 2375 irenaei,
310 2320 376 2363 non
398 2308 527 2364 tantum
547 2299 710 2381 spirituali
731 2299 836 2374 modo,
858 2298 915 2364 sed
935 2299 1109 2382 corporali·
1160 2308 1262 2365 tatem
1283 2301 1378 2377 inest,
1401 2319 1461 2365 nos
1479 2320 1606 2383 quoquc
1624 2301 1709 2364 ineo
1726 2298 1920 2364 naturaliter
1940 2302 2129 2377 inessemus,

135 2392 267 2450 terere
294 2385 418 2468 percipi
447 2384 573 2450 Christi
598 2405 731 2467 eorpus,
760 2394 793 2448 et
819 2384 999 2448 haereticos
1026 2405 1107 2462 esse,
1159 2385 1285 2468 ipsein
1306 2385 1400 2450 nobis
1417 2385 1614 2450 'naturaliter
1634 2384 1867 2468 permanente?
1901 2383 1999 2466 Quod
2020 2395 2130 2450 autem

135 2472 187 2552 qui
216 2469 421 2553 spiritualem
450 2481 578 2535 tantum
604 2469 887 2555 manducationem
915 2480 1106 2554 agnoscunt,
1159 2471 1193 2535 in
1214 2471 1307 2536 nobis
1328 2471 1487 2536 naturalis
1507 2471 1587 2537 haec
1609 2471 1718 2535 unitas
1739 2472 1797 2548 sit,
1826 2472 1897 2555 ipse
1923 2472 1970 2536 ita
1991 2478 2130 2535 testatus
2210 2518 2211 2521 ,

135 2555 174 2621 do
194 2577 261 2640 qua
282 2557 491 2621 concionatur
508 2555 662 2621 Christus
681 2560 700 2618 6
718 2557 825 2638 eapite
845 2555 989 2633 Ioannis,
1012 2565 1045 2620 et
1067 2553 1107 2620 de
1160 2566 1224 2621 est:
1259 2555 1326 2636 Qui
1360 2555 1427 2621 edit
1453 2577 1595 2622 eamem·
1612 2577 1734 2635 meam,
1768 2566 1802 2621 et
1826 2555 1908 2622 bibit
1934 2557 2130 2640 sanguinem

135 2663 198 2725 qua
220 2641 387 2707 Paulus-'i
416 2642 457 2705 ad
484 2641 646 2724 Ephesios
673 2643 784 2725 capite'
805 2641 949 2707 disserit:
984 2642 1060 2725 quia
1088 2661 1107 2704 a
1160 2657 1286 2720 meum,
1314 2642 1349 2706 in
1370 2663 1424 2707 me
1445 2650 1571 2718 manet,
1599 2652 1631 2707 et
1653 2664 1713 2727 ego
1741 2643 1775 2706 in
1804 2662 1842 2706 eo
1865 2642 1993 2726 (Ioann.
2014 2647 2042 2720 6,
2063 2642 2128 2721 56).

134 2747 218 2810 pane
246 2726 445 2810 corporalem
474 2748 566 2793 esum
598 2727 771 2811 seiungere
796 2728 887 2792 nefas
915 2728 965 2792 sit
1018 2725 1107 2808 Quid
1158 2727 1234 2791 Non
1262 2729 1349 2792 enim
1375 2729 1447 2811 quis
1473 2727 1509 2792 in
1530 2750 1568 2793 eo
1589 2729 1668 2806 erit,
1697 2729 1761 2793 nisi
1789 2728 1823 2792 in
1845 2749 1908 2810 quo
1929 2728 1999 2812 ipse
2020 2727 2128 2805 fuerit,

135 2812 291 2878 Irenaeus
313 2817 387 2891 [pag.
409 2818 464 2893 ιι]
485 2812 684 2896 respondet?
735 2812 804 2877 Nos
825 2813 947 2878 scilicet
967 2832 1052 2895 pane
1074 2821 1108 2876 ct
1159 2815 1229 2878 eius
1257 2821 1386 2878 tantum
1410 2814 1446 2878 in
1473 2834 1508 2879 ιι
1535 2824 1736 2897 assumptam
1763 2812 1887 2879 habens
1911 2834 2052 2895 carnem,
2072 2815 2129 2898 qui

135 2899 212 2963 rino
233 2900 269 2962 in
290 2919 384 2963 saera
411 2918 510 2963 coena
530 2899 590 2974 ali,
619 2899 713 2965 sicuti
736 2898 861 2963 Paulus
883 2902 1023 2963 testatur
1044 2917 1106 2963 nos
1158 2919 1251 2964 suam
1272 2903 1455 2983 sumpserit.
1504 2893 1551 2964 Et
1576 2900 1672 2982 paulo
1700 2906 1786 2983 post:
1820 2899 1912 2964 Haec
1938 2899 2026 2965 vitae
2053 2920 2130 2966 nos·

135 3004 204 3050 esse
226 2983 353 3049 Christi
373 2984 529 3049 membra.
573 2984 721 3050 Evanuit
741 2985 843 3068 igitur
863 2983 920 3048 illa
942 2983 1106 3049 distinctio
1158 2992 1229 3050 trae
1251 2995 1435 3065 causaest,
1464 2984 1551 3069 quod
1577 3006 1649 3050 eam
1676 2985 1710 3049 in
1738 2983 1831 3050 nobis
1853 2983 2038 3050 carnalibus
2058 3005 2129 3049 ma-

133 3071 221 3136 inter
242 3089 433 3152 corporeum
455 3079 489 3135 et
509 3070 711 3153 spiritualem
742 3090 850 3147 esum,
877 3071 911 3133 in
937 3089 1002 3152 qua
1022 3069 1106 3134 verti
1157 3079 1290 3137 nentem
1313 3069 1471 3135 habemus
1492 3092 1551 3154 per
1571 3090 1702 3136 carnem
1714 3069 1847 3137 Christi.
1881 3068 2041 3150 Quamvis
2058 3090 2129 3135 sae-

134 3155 235 3221 totins
255 3155 456 3238 quaestionis
475 3157 641 3220 cardinem
663 3155 761 3221 toties
783 3155 917 3221 iactavit
937 3164 971 3220 ot
987 3154 1106 3241 glorie·
1157 3157 1232 3239 pius
1253 3164 1381 3239 repetat
1402 3156 1596 3221 naturaliter
1618 3177 1677 3220 nos
1699 3154 1832 3221 Christo
1854 3157 1972 3233 unitos,
2003 3176 2045 3220 ex
2065 3154 2128 3221 hae

134 3250 186 3307 tus
219 3250 278 3306 est.
337 3241 401 3307 Cui
432 3241 625 3324 persuadeat
662 3241 743 3306 haec
781 3262 852 3306 esse
889 3239 1105 3323 sophismata:
1158 3253 1267 3306 tamen
1295 3241 1442 3308 clausula
1470 3251 1606 3327 apparat
1639 3262 1707 3306 non
1735 3241 1799 3306 alio
1826 3242 1961 3306 tendere
1993 3240 2058 3305 nisi
2091 3249 2129 3304 ut

134 3325 262 3411 quando
282 3327 442 3392 irenaeus
462 3327 575 3392 eodem
591 3327 628 3391 in
648 3326 762 3410 gradu,
783 3333 818 3391 ιι
837 3325 952 3391 eadem
972 3327 1007 3390 in
1025 3346 1106 3409 qua·
1158 3327 1274 3411 probet
1294 3327 1398 3393 ritem
1420 3325 1546 3393 Christi
1572 3328 1606 3392 in
1630 3328 1722 3393 nobis
1743 3348 1895 3406 manere,
1926 3327 2003 3410 quia
2024 3346 2128 3390 unum

133 3412 227 3476 litate
248 3413 329 3478 haee
358 3411 423 3477 duo
445 3415 578 3478 statuit:
612 3413 685 3478 Hoc
707 3420 756 3477 est
777 3432 894 3495 corpus
915 3433 1034 3490 meum,
1051 3420 1105 3477 et:
1158 3433 1232 3479 oum
1253 3411 1324 3495 ipso
1344 3433 1466 3477 sumus.

133 3497 201 3563 Nos
222 3519 335 3563 sumus
356 3498 504 3563 membra
514 3498 653 3565 Christi:
676 3519 759 3581 quae
781 3498 845 3563 duo
867 3499 931 3563 nisi
952 3518 1106 3581 separen-
1242 3497 1433 3564 Necminus
1448 3498 1534 3564 clare
1546 3496 1702 3564 Ιιιιιιιιιι
1720 3497 1761 3563 de
1776 3505 1943 3581 perpetua,
1962 3516 2045 3580 quae
2063 3497 2129 3582 spi·

134 3596 201 3663 tur,
230 3592 332 3648 totam
353 3584 509 3667 pietatem
527 3586 646 3665 everti,
675 3593 708 3649 et
729 3583 839 3649 Deum
863 3584 1018 3667 abnegari
1040 3584 1106 3648 ela·
1158 3583 1285 3649 ritualia
1303 3592 1361 3662 est,
1378 3584 1605 3651 coniunctione
1620 3583 1708 3667 loqui
1727 3605 1762 3649 se
1774 3583 1983 3648 demonstret.
1997 3585 2021 3669 ¹)
2043 3582 2128 3648 Nos-

132 3679 201 3734 mat
223 3669 277 3734 hie
298 3681 409 3735 noster
427 3670 563 3735 censor?
613 3671 685 3736 Imo
700 3671 821 3753 'palam
843 3669 959 3734 asserit
980 3669 1105 3752 Epicu·
1157 3681 1220 3749 tra,
1232 3670 1349 3753 inquit,
1362 3670 1525 3735 sententia
1534 3689 1716 3736 consonans
1729 3678 1779 3734 est
1792 3668 2015 3744 eucharistiae,
2027 3675 2060 3732 et
2071 3689 2128 3733 eu-

133 3775 313 3833 recreasse,
341 3756 396 3837 qui
410 3768 417 3789 ⁵
424 3762 542 3839 putant
568 3756 654 3820 nihil
677 3754 817 3839 amplius
844 3757 879 3819 in
907 3775 1008 3822 coena
1029 3775 1106 3819 con·
1158 3756 1314 3822 charistia
1337 3755 1511 3822 confirmat
1532 3766 1679 3820 nostram
1704 3755 1911 3820 sententiam.
1950 3751 2128 3820 Offerimus

133 3841 227 3918 farri,
254 3861 353 3924 quam
378 3841 479 3905 utin
504 3862 608 3906 unum
637 3859 753 3924 eorpus
787 3841 1003 3907 coaleseamus
1031 3856 1106 3906 curn
1158 3843 1247 3908 enim
1258 3842 1288 3907 ei
1305 3861 1386 3924 quae
1398 3850 1476 3906 sunt
1487 3841 1566 3920 eius,
1578 3849 1795 3924 congruenter
1804 3839 2128 3905 communicationem

135 3924 276 3991 Christo.
507 4008 508 4012 Ἰ
1158 3938 1192 3991 et
1201 3933 1363 3993 unitatem
1380 3924 1604 4009 praedicantes
1615 3925 1723 3991 carnis
1741 3936 1774 3990 et
1785 3926 1928 4009 spiritus.
1962 3921 2128 4004 Quemad-

218 4011 291 4077 Nee'
308 4032 465 4076 veronus
493 4011 670 4095 quidquam
699 4010 800 4076 laedit
827 4011 914 4094 quod
941 4032 1007 4075 uno
1029 4032 1106 4077 con·
1157 4012 1291 4078 modum
1307 4014 1398 4093 enim
1419 4014 1474 4095 qui
1495 4020 1545 4077 est
1566 4033 1584 4076 e
1606 4023 1695 4076 terra
1715 4012 1808 4094 panis
1830 4011 2011 4094 percipiens
2032 4032 2128 4076 voea-

134 4118 232 4163 sensu
252 4095 390 4161 tradunt
410 4097 466 4162 ille
488 4106 521 4161 et
541 4096 775 4175 Tertullianus,
804 4104 837 4162 et
855 4097 1013 4173 Hilarius,
1037 4116 1106 4161 ear-
1158 4100 1280 4163 tionem
1292 4096 1364 4174 Dei,
1387 4098 1453 4161 iam
1474 4098 1791 4164 nonestcommunis
1810 4097 1913 4180 panis,
1935 4096 1992 4162 sed
2010 4097 2129 4162 eucha-
2162 4158 2165 4162 Α

132 4204 207 4265 nem
230 4191 377 4267 nostram
396 4183 440 4246 ali
461 4204 559 4250 carne
577 4182 701 4249 Christi
723 4183 758 4247 in
778 4202 869 4265 spem
891 4182 978 4246 vitae
1000 4190 1106 4247 aeter·
1158 4185 1248 4249 ristia
1271 4205 1312 4248 ex
1335 4182 1461 4248 duabus
1482 4183 1580 4249 rebus
1598 4190 1759 4258 constans,
1783 4192 1913 4247 terrena
1929 4191 1964 4247 ιι
1980 4182 2126 4249 coelesti:

132 4290 206 4334 nae:
226 4268 446 4351 quiamodum
458 4290 523 4333 non
536 4268 836 4351 definiuntqualem
849 4266 1106 4332 comminiscitur
1159 4271 1204 4336 sie
1226 4276 1259 4335 et
1280 4288 1416 4352 corpora
1436 4278 1549 4334 nostra
1570 4268 1782 4351 percipientis
1804 4267 2042 4346 eucharistiam,
2061 4268 2127 4331 iam

130 4353 327 4420 Heshusius.
362 4352 452 4434 Quin
464 4355 572 4438 potius
590 4354 667 4419 dum
687 4362 721 4419 et
741 4352 783 4417 ad
801 4364 1002 4437 perpetuam,
1022 4374 1107 4435 quae
1157 4377 1224 4420 non
1246 4361 1323 4420 sunt
1345 4354 1577 4437 corruptibilia,
1601 4359 1673 4434 [pag.
1692 4359 1746 4432 56]
1768 4375 1859 4436 spem
1880 4353 2126 4419 resurrectionis

131 4440 225 4507 nobis
251 4461 326 4504 cum
348 4439 482 4506 Christo
510 4442 574 4513 ιἰι,
601 4439 859 4506 coniunctionem
887 4439 921 4503 id
947 4441 1104 4518 referunt,
1156 4439 1320 4506 habentia.
1373 4438 1477 4506 Libro
1505 4449 1615 4504 autem
1642 4441 1755 4524 quinto
1777 4440 1881 4505 fusius
1904 4439 2037 4521 exponit
2066 4459 2126 4502 nos

130 4535 164 4592 ιι
185 4525 305 4591 docent
328 4539 399 4591 esse
426 4526 502 4592 fidei
523 4527 689 4612 effectum,
720 4524 815 4589 nulla
836 4523 1032 4608 ambiguitas
1053 4546 1105 4590 re·
1157 4547 1227 4592 esse
1252 4525 1379 4593 Christi
1405 4523 1552 4590 membra
1584 4533 1617 4591 et
1643 4526 1732 4592 carni
1762 4525 1831 4591 eius
1858 4524 1968 4589 unitos
1994 4531 2126 4607 propter

129 4612 303 4695 linquitur:
331 4612 463 4694 quando
489 4612 666 4677 secundum
694 4610 899 4676 Heshusiurn
926 4610 1104 4693 corporalis
1156 4613 1227 4677 eius
1249 4612 1401 4694 spiritum
1422 4612 1457 4675 in
1479 4609 1573 4677 nobis
1590 4610 1803 4677 habitantem.
1847 4610 1940 4674 Haec
1960 4610 2043 4673 ratio
2065 4616 2124 4687 est,

129 4697 340 4763 manducatio
367 4696 409 4761 ad
433 4717 567 4763 menam
594 4695 808 4781 restringitur
834 4705 867 4761 et
895 4718 915 4761 a
942 4696 1105 4778 spirituali
1156 4718 1215 4763 eur
1241 4707 1407 4762 extremae
1432 4695 1655 4780 impudentiae
1687 4716 1748 4762 nos
1778 4695 1912 4761 damnet
1940 4693 2125 4760 Heshusius

131 4782 233 4850 distat
253 4800 318 4847 non
341 4784 449 4849 minus
470 4803 567 4866 quam
590 4791 678 4849 terra
700 4803 720 4847 a
739 4780 837 4848 coelo.
881 4782 934 4847 Ita
955 4781 1104 4847 Hilarius
1157 4783 1233 4866 qnia
1254 4781 1422 4847 advorsari
1444 4781 1608 4850 doetrinae
1629 4791 1761 4848 nostras
1784 4800 1942 4863 negamus
1963 4800 2045 4863 quae
2066 4800 2125 4863 op-

126 4869 184 4935 lib.
208 4875 229 4933 8
251 4866 292 4934 de
310 4869 485 4934 Trinitate:
504 4870 528 4952 ¹)
551 4870 604 4934 De
625 4869 766 4934 veritate
787 4869 894 4934 carnis
916 4876 950 4933 ιι
970 4868 1104 4950 sangui·
1156 4871 1234 4960 time
1254 4869 1460 4934 conveniunt

126 5045 335 5058 ...--—--—-

199 5143 232 5213 1)
254 5141 601 5208 restauratricem.
617 5140 652 5195 ιι
669 5156 738 5212 sqq.
799 5138 802 5142 *
845 5164 847 5167 —
985 5125 988 5131 ’
1042 5118 1046 5129 '
1223 5141 1251 5209 1)
1270 5140 1329 5198 ιιι.
1345 5139 1371 5209 4,
1389 5157 1448 5210 cap.
1464 5140 1506 5198 aa
