<?xml version="1.0" encoding="UTF-8"?>
<!DOCTYPE html PUBLIC "-//W3C//DTD XHTML 1.0 Transitional//EN"
    "http://www.w3.org/TR/xhtml1/DTD/xhtml1-transitional.dtd">
<html xmlns="http://www.w3.org/1999/xhtml" xml:lang="en" lang="en">
 <head>
  <title>
</title>
<meta http-equiv="Content-Type" content="text/html;charset=utf-8" />
  <meta name='ocr-system' content='tesseract 3.04.00' />
  <meta name='ocr-capabilities' content='ocr_page ocr_carea ocr_par ocr_line ocrx_word'/>
</head>
<body>
  <div class='ocr_page' id='page_1' title='image "./ioanniscalvinio01reusgoog_0143.png"; bbox 0 0 4776 5844; ppageno 0'>
   <div class='ocr_carea' id='block_1_1' title="bbox 175 260 2172 339">
    <p class='ocr_par' dir='ltr' id='par_1_1' title="bbox 175 260 2172 339">
     <span class='ocr_line' id='line_1_1' title="bbox 175 260 2172 339; baseline 0.003 -7"><span class='ocrx_word' id='word_1_1' title='bbox 175 267 231 335; x_wconf 75' lang='lat'>169</span> <span class='ocrx_word' id='word_1_2' title='bbox 958 263 1022 329; x_wconf 92' lang='lat' dir='ltr'>AD</span> <span class='ocrx_word' id='word_1_3' title='bbox 1046 260 1390 330; x_wconf 74' lang='lat' dir='ltr'>wusrPHALusa</span> <span class='ocrx_word' id='word_1_4' title='bbox 2112 275 2172 339; x_wconf 78' lang='lat' dir='ltr'>tto</span> 
     </span>
    </p>
   </div>
   <div class='ocr_carea' id='block_1_2' title="bbox 173 448 2173 712">
    <p class='ocr_par' dir='ltr' id='par_1_2' title="bbox 173 448 2173 712">
     <span class='ocr_line' id='line_1_2' title="bbox 173 448 2173 541; baseline 0.005 -22"><span class='ocrx_word' id='word_1_5' title='bbox 173 450 359 535; x_wconf 76' lang='lat' dir='ltr'>expedient:</span> <span class='ocrx_word' id='word_1_6' title='bbox 379 453 454 536; x_wconf 87' lang='lat' dir='ltr'>quia</span> <span class='ocrx_word' id='word_1_7' title='bbox 476 461 555 519; x_wconf 89' lang='lat' dir='ltr'>tunc</span> <span class='ocrx_word' id='word_1_8' title='bbox 577 454 614 518; x_wconf 92' lang='lat' dir='ltr'>in</span> <span class='ocrx_word' id='word_1_9' title='bbox 624 453 820 520; x_wconf 83' lang='lat' dir='ltr'>Pharisaeos</span> <span class='ocrx_word' id='word_1_10' title='bbox 839 472 1023 519; x_wconf 89' lang='lat' dir='ltr'>sermonem</span> <span class='ocrx_word' id='word_1_11' title='bbox 1034 451 1148 518; x_wconf 88' lang='lat' dir='ltr'>Chris-</span> <span class='ocrx_word' id='word_1_12' title='bbox 1200 449 1285 515; x_wconf 86' lang='lat' dir='ltr'>fanis</span> <span class='ocrx_word' id='word_1_13' title='bbox 1310 448 1478 517; x_wconf 85' lang='lat' dir='ltr'>ventribus</span> <span class='ocrx_word' id='word_1_14' title='bbox 1491 457 1564 533; x_wconf 78' lang='lat' dir='ltr'>[pag.</span> <span class='ocrx_word' id='word_1_15' title='bbox 1583 458 1637 533; x_wconf 81' lang='lat'>86]</span> <span class='ocrx_word' id='word_1_16' title='bbox 1647 454 1864 540; x_wconf 82' lang='lat' dir='ltr'>immergitur,</span> <span class='ocrx_word' id='word_1_17' title='bbox 1885 456 2005 541; x_wconf 88' lang='lat' dir='ltr'>ubique</span> <span class='ocrx_word' id='word_1_18' title='bbox 2022 459 2058 524; x_wconf 90' lang='lat' dir='ltr'>in</span> <span class='ocrx_word' id='word_1_19' title='bbox 2075 460 2173 529; x_wconf 75' lang='lat' dir='ltr'>terris</span> 
     </span>
     <span class='ocr_line' id='line_1_3' title="bbox 175 535 2173 628; baseline 0.005 -26"><span class='ocrx_word' id='word_1_20' title='bbox 175 548 224 602; x_wconf 90' lang='lat' dir='ltr'>tus</span> <span class='ocrx_word' id='word_1_21' title='bbox 256 539 447 622; x_wconf 81' lang='lat' dir='ltr'>stringebat</span> <span class='ocrx_word' id='word_1_22' title='bbox 516 538 592 620; x_wconf 82' lang='lat' dir='ltr'>Qua</span> <span class='ocrx_word' id='word_1_23' title='bbox 630 539 739 606; x_wconf 84' lang='lat' dir='ltr'>fronte</span> <span class='ocrx_word' id='word_1_24' title='bbox 771 549 898 605; x_wconf 90' lang='lat' dir='ltr'>tantam</span> <span class='ocrx_word' id='word_1_25' title='bbox 931 537 1149 605; x_wconf 75' lang='lat' dir='ltr'><strong>insulsitatem</strong></span> <span class='ocrx_word' id='word_1_26' title='bbox 1200 535 1347 611; x_wconf 88' lang='lat' dir='ltr'>illaesam</span> <span class='ocrx_word' id='word_1_27' title='bbox 1365 559 1498 603; x_wconf 88' lang='lat' dir='ltr'>manere</span> <span class='ocrx_word' id='word_1_28' title='bbox 1515 541 1619 624; x_wconf 87' lang='lat' dir='ltr'>fingit.</span> <span class='ocrx_word' id='word_1_29' title='bbox 1656 541 1725 609; x_wconf 91' lang='lat' dir='ltr'>Nec</span> <span class='ocrx_word' id='word_1_30' title='bbox 1742 542 1976 626; x_wconf 88' lang='lat' dir='ltr'>Westphalum</span> <span class='ocrx_word' id='word_1_31' title='bbox 1993 544 2173 628; x_wconf 74' lang='lat' dir='ltr'><strong>quidquam</strong></span> 
     </span>
     <span class='ocr_line' id='line_1_4' title="bbox 174 622 2173 712; baseline 0.005 -25"><span class='ocrx_word' id='word_1_32' title='bbox 174 622 293 688; x_wconf 91' lang='lat' dir='ltr'>mundo</span> <span class='ocrx_word' id='word_1_33' title='bbox 314 623 490 691; x_wconf 82' lang='lat' dir='ltr'><strong>obtrudere</strong></span> <span class='ocrx_word' id='word_1_34' title='bbox 510 646 610 691; x_wconf 90' lang='lat' dir='ltr'>ausus</span> <span class='ocrx_word' id='word_1_35' title='bbox 632 646 683 704; x_wconf 87' lang='lat' dir='ltr'>es,</span> <span class='ocrx_word' id='word_1_36' title='bbox 712 649 754 692; x_wconf 81' lang='lat' dir='ltr'>ex</span> <span class='ocrx_word' id='word_1_37' title='bbox 776 623 841 709; x_wconf 88' lang='lat' dir='ltr'>qua</span> <span class='ocrx_word' id='word_1_38' title='bbox 870 624 978 709; x_wconf 88' lang='lat' dir='ltr'>palam</span> <span class='ocrx_word' id='word_1_39' title='bbox 1001 625 1095 688; x_wconf 88' lang='lat' dir='ltr'>fieret</span> <span class='ocrx_word' id='word_1_40' title='bbox 1117 633 1149 689; x_wconf 92' lang='lat' dir='ltr'>te</span> <span class='ocrx_word' id='word_1_41' title='bbox 1200 623 1294 689; x_wconf 81' lang='lat' dir='ltr'>iuvat</span> <span class='ocrx_word' id='word_1_42' title='bbox 1315 625 1402 706; x_wconf 85' lang='lat' dir='ltr'>quod</span> <span class='ocrx_word' id='word_1_43' title='bbox 1423 623 1577 691; x_wconf 86' lang='lat' dir='ltr'>Christus</span> <span class='ocrx_word' id='word_1_44' title='bbox 1599 627 1754 694; x_wconf 87' lang='lat' dir='ltr'>ecclcsiae</span> <span class='ocrx_word' id='word_1_45' title='bbox 1775 649 1854 695; x_wconf 89' lang='lat' dir='ltr'>suae</span> <span class='ocrx_word' id='word_1_46' title='bbox 1875 628 2037 712; x_wconf 75' lang='lat' dir='ltr'><strong>pollicitus</strong></span> <span class='ocrx_word' id='word_1_47' title='bbox 2060 639 2111 696; x_wconf 90' lang='lat' dir='ltr'>est</span> <span class='ocrx_word' id='word_1_48' title='bbox 2133 631 2173 697; x_wconf 94' lang='lat' dir='ltr'>de</span> 
     </span>
    </p>
   </div>
   <div class='ocr_carea' id='block_1_3' title="bbox 63 708 2171 801">
    <p class='ocr_par' dir='ltr' id='par_1_3' title="bbox 63 708 2171 801">
     <span class='ocr_line' id='line_1_5' title="bbox 63 708 2171 801; baseline 0.006 -27"><span class='ocrx_word' id='word_1_49' title='bbox 63 769 69 774; x_wconf 88' lang='lat'>.</span> <span class='ocrx_word' id='word_1_50' title='bbox 174 708 403 792; x_wconf 87' lang='lat' dir='ltr'>superbissimo</span> <span class='ocrx_word' id='word_1_51' title='bbox 412 710 501 776; x_wconf 79' lang='lat' dir='ltr'>fastu</span> <span class='ocrx_word' id='word_1_52' title='bbox 510 719 718 778; x_wconf 87' lang='lat' dir='ltr'>contemnere</span> <span class='ocrx_word' id='word_1_53' title='bbox 729 712 876 777; x_wconf 92' lang='lat' dir='ltr'>omnium</span> <span class='ocrx_word' id='word_1_54' title='bbox 894 708 1032 778; x_wconf 85' lang='lat' dir='ltr'>iudicia?</span> <span class='ocrx_word' id='word_1_55' title='bbox 1061 709 1150 775; x_wconf 88' lang='lat' dir='ltr'>Nam</span> <span class='ocrx_word' id='word_1_56' title='bbox 1201 718 1337 774; x_wconf 85' lang='lat' dir='ltr'>aeterna</span> <span class='ocrx_word' id='word_1_57' title='bbox 1357 731 1419 776; x_wconf 91' lang='lat' dir='ltr'>sna</span> <span class='ocrx_word' id='word_1_58' title='bbox 1440 713 1626 794; x_wconf 85' lang='lat' dir='ltr'>praesentia</span> <span class='ocrx_word' id='word_1_59' title='bbox 1649 713 1781 795; x_wconf 87' lang='lat' dir='ltr'>(Matth.</span> <span class='ocrx_word' id='word_1_60' title='bbox 1808 719 1859 794; x_wconf 80' lang='grc'>28,</span> <span class='ocrx_word' id='word_1_61' title='bbox 1882 713 1952 801; x_wconf 80' lang='grc'>20)..</span> <span class='ocrx_word' id='word_1_62' title='bbox 1999 715 2171 787; x_wconf 78' lang='lat' dir='ltr'>Christum</span> 
     </span>
    </p>
   </div>
   <div class='ocr_carea' id='block_1_4' title="bbox 152 794 2234 4921">
    <p class='ocr_par' dir='ltr' id='par_1_4' title="bbox 152 794 2234 4921">
     <span class='ocr_line' id='line_1_6' title="bbox 174 794 2171 885; baseline 0.003 -23"><span class='ocrx_word' id='word_1_63' title='bbox 174 797 199 862; x_wconf 88' lang='lat' dir='ltr'>si</span> <span class='ocrx_word' id='word_1_64' title='bbox 226 795 402 880; x_wconf 83' lang='lat' dir='ltr'>farraginis</span> <span class='ocrx_word' id='word_1_65' title='bbox 421 796 506 863; x_wconf 79' lang='lat' dir='ltr'>&#39;tuae</span> <span class='ocrx_word' id='word_1_66' title='bbox 533 796 671 865; x_wconf 87' lang='lat' dir='ltr'>lectores</span> <span class='ocrx_word' id='word_1_67' title='bbox 699 798 825 882; x_wconf 80' lang='lat' dir='ltr'>putasti</span> <span class='ocrx_word' id='word_1_68' title='bbox 852 795 1018 863; x_wconf 84' lang='lat' dir='ltr'>oonrmuni</span> <span class='ocrx_word' id='word_1_69' title='bbox 1050 817 1149 861; x_wconf 90' lang='lat' dir='ltr'>sensu</span> <span class='ocrx_word' id='word_1_70' title='bbox 1201 794 1269 860; x_wconf 91' lang='lat' dir='ltr'>suis</span> <span class='ocrx_word' id='word_1_71' title='bbox 1293 815 1423 878; x_wconf 92' lang='lat' dir='ltr'>semper</span> <span class='ocrx_word' id='word_1_72' title='bbox 1445 796 1560 864; x_wconf 87' lang='lat' dir='ltr'>adesse</span> <span class='ocrx_word' id='word_1_73' title='bbox 1582 798 1755 879; x_wconf 89' lang='lat' dir='ltr'>credimus,</span> <span class='ocrx_word' id='word_1_74' title='bbox 1778 800 1923 884; x_wconf 80' lang='lat' dir='ltr'>adeoque</span> <span class='ocrx_word' id='word_1_75' title='bbox 1945 801 1978 867; x_wconf 91' lang='lat' dir='ltr'>iu</span> <span class='ocrx_word' id='word_1_76' title='bbox 2006 802 2087 885; x_wconf 90' lang='lat' dir='ltr'>ipsis</span> <span class='ocrx_word' id='word_1_77' title='bbox 2111 802 2171 868; x_wconf 88' lang='lat' dir='ltr'>ha·</span> 
     </span>
     <span class='ocr_line' id='line_1_7' title="bbox 174 880 2170 971; baseline 0.003 -24"><span class='ocrx_word' id='word_1_78' title='bbox 174 901 241 947; x_wconf 83' lang='lat' dir='ltr'>osse</span> <span class='ocrx_word' id='word_1_79' title='bbox 262 882 442 964; x_wconf 89' lang='lat' dir='ltr'>praeditos,</span> <span class='ocrx_word' id='word_1_80' title='bbox 472 884 518 947; x_wconf 90' lang='lat' dir='ltr'>ita</span> <span class='ocrx_word' id='word_1_81' title='bbox 539 891 627 950; x_wconf 89' lang='lat' dir='ltr'>certa</span> <span class='ocrx_word' id='word_1_82' title='bbox 648 904 704 949; x_wconf 90' lang='lat' dir='ltr'>ees</span> <span class='ocrx_word' id='word_1_83' title='bbox 725 883 914 950; x_wconf 86' lang='lat' dir='ltr'>ratiocinari</span> <span class='ocrx_word' id='word_1_84' title='bbox 935 902 1067 948; x_wconf 90' lang='lat' dir='ltr'>necesse</span> <span class='ocrx_word' id='word_1_85' title='bbox 1089 889 1148 960; x_wconf 91' lang='lat' dir='ltr'>est,</span> <span class='ocrx_word' id='word_1_86' title='bbox 1201 880 1321 946; x_wconf 85' lang='lat' dir='ltr'>bitere:</span> <span class='ocrx_word' id='word_1_87' title='bbox 1344 903 1404 948; x_wconf 91' lang='lat' dir='ltr'>nec</span> <span class='ocrx_word' id='word_1_88' title='bbox 1432 883 1526 948; x_wconf 92' lang='lat' dir='ltr'>mede</span> <span class='ocrx_word' id='word_1_89' title='bbox 1561 893 1722 966; x_wconf 90' lang='lat' dir='ltr'>quatenus</span> <span class='ocrx_word' id='word_1_90' title='bbox 1751 886 1831 952; x_wconf 88' lang='lat' dir='ltr'>deus</span> <span class='ocrx_word' id='word_1_91' title='bbox 1864 898 1928 966; x_wconf 88' lang='lat' dir='ltr'>est,</span> <span class='ocrx_word' id='word_1_92' title='bbox 1964 887 2060 954; x_wconf 89' lang='lat' dir='ltr'>sicuti</span> <span class='ocrx_word' id='word_1_93' title='bbox 2099 909 2170 971; x_wconf 76' lang='lat' dir='ltr'>per-</span> 
     </span>
     <span class='ocr_line' id='line_1_8' title="bbox 174 966 2172 1055; baseline 0.004 -24"><span class='ocrx_word' id='word_1_94' title='bbox 174 966 224 1032; x_wconf 81' lang='lat' dir='ltr'>rel</span> <span class='ocrx_word' id='word_1_95' title='bbox 250 966 371 1033; x_wconf 83' lang='lat' dir='ltr'>falsum</span> <span class='ocrx_word' id='word_1_96' title='bbox 398 968 581 1051; x_wconf 85' lang='lat' dir='ltr'>essequod</span> <span class='ocrx_word' id='word_1_97' title='bbox 613 969 715 1039; x_wconf 88' lang='lat' dir='ltr'>tradit</span> <span class='ocrx_word' id='word_1_98' title='bbox 743 970 965 1052; x_wconf 76' lang='lat' dir='ltr'>Augustinus,</span> <span class='ocrx_word' id='word_1_99' title='bbox 996 967 1047 1032; x_wconf 84' lang='lat' dir='ltr'>vel</span> <span class='ocrx_word' id='word_1_100' title='bbox 1082 988 1148 1032; x_wconf 93' lang='lat' dir='ltr'>non</span> <span class='ocrx_word' id='word_1_101' title='bbox 1201 988 1296 1032; x_wconf 83' lang='lat' dir='ltr'>verse</span> <span class='ocrx_word' id='word_1_102' title='bbox 1323 967 1545 1034; x_wconf 74' lang='lat' dir='ltr'>calumniatur</span> <span class='ocrx_word' id='word_1_103' title='bbox 1572 970 1804 1054; x_wconf 82' lang='lat' dir='ltr'>Westphalus:</span> <span class='ocrx_word' id='word_1_104' title='bbox 1833 971 1892 1038; x_wconf 92' lang='lat' dir='ltr'>sed</span> <span class='ocrx_word' id='word_1_105' title='bbox 1920 973 1996 1055; x_wconf 89' lang='lat' dir='ltr'>quia</span> <span class='ocrx_word' id='word_1_106' title='bbox 2014 974 2172 1040; x_wconf 90' lang='lat' dir='ltr'>membra</span> 
     </span>
     <span class='ocr_line' id='line_1_9' title="bbox 174 1050 2170 1142; baseline 0.004 -25"><span class='ocrx_word' id='word_1_107' title='bbox 174 1050 288 1135; x_wconf 89' lang='lat' dir='ltr'>ubique</span> <span class='ocrx_word' id='word_1_108' title='bbox 316 1052 419 1120; x_wconf 89' lang='lat' dir='ltr'>latere</span> <span class='ocrx_word' id='word_1_109' title='bbox 447 1055 602 1121; x_wconf 86' lang='lat' dir='ltr'>diffusum</span> <span class='ocrx_word' id='word_1_110' title='bbox 632 1055 758 1122; x_wconf 81' lang='lat' dir='ltr'>Christi</span> <span class='ocrx_word' id='word_1_111' title='bbox 790 1075 908 1138; x_wconf 92' lang='lat' dir='ltr'>cerpus</span> <span class='ocrx_word' id='word_1_112' title='bbox 939 1053 1079 1137; x_wconf 88' lang='lat' dir='ltr'>qualiter</span> <span class='ocrx_word' id='word_1_113' title='bbox 1111 1061 1148 1117; x_wconf 92' lang='lat' dir='ltr'>tu</span> <span class='ocrx_word' id='word_1_114' title='bbox 1201 1053 1297 1135; x_wconf 90' lang='lat' dir='ltr'>capiti</span> <span class='ocrx_word' id='word_1_115' title='bbox 1319 1076 1378 1119; x_wconf 91' lang='lat' dir='ltr'>suo</span> <span class='ocrx_word' id='word_1_116' title='bbox 1397 1055 1490 1119; x_wconf 89' lang='lat' dir='ltr'>unita</span> <span class='ocrx_word' id='word_1_117' title='bbox 1511 1077 1582 1121; x_wconf 91' lang='lat' dir='ltr'>esse</span> <span class='ocrx_word' id='word_1_118' title='bbox 1603 1065 1739 1140; x_wconf 78' lang='lat' dir='ltr'>oportet,</span> <span class='ocrx_word' id='word_1_119' title='bbox 1763 1056 1976 1123; x_wconf 83' lang='lat' dir='ltr'>mediatorem</span> <span class='ocrx_word' id='word_1_120' title='bbox 1997 1059 2092 1123; x_wconf 92' lang='lat' dir='ltr'>illum</span> <span class='ocrx_word' id='word_1_121' title='bbox 2115 1060 2170 1142; x_wconf 90' lang='lat' dir='ltr'>qui</span> 
     </span>
     <span class='ocr_line' id='line_1_10' title="bbox 173 1139 2172 1228; baseline 0.002 -22"><span class='ocrx_word' id='word_1_122' title='bbox 173 1139 322 1206; x_wconf 88' lang='lat' dir='ltr'>somnias.</span> <span class='ocrx_word' id='word_1_123' title='bbox 350 1140 500 1206; x_wconf 80' lang='lat' dir='ltr'>&#39;Iterum</span> <span class='ocrx_word' id='word_1_124' title='bbox 528 1148 691 1225; x_wconf 88' lang='lat' dir='ltr'>repetam,</span> <span class='ocrx_word' id='word_1_125' title='bbox 721 1143 749 1207; x_wconf 89' lang='lat' dir='ltr'>si</span> <span class='ocrx_word' id='word_1_126' title='bbox 777 1149 932 1225; x_wconf 89' lang='lat' dir='ltr'>perpetuo</span> <span class='ocrx_word' id='word_1_127' title='bbox 960 1160 1076 1205; x_wconf 82' lang='lat' dir='ltr'>verum</span> <span class='ocrx_word' id='word_1_128' title='bbox 1098 1148 1149 1204; x_wconf 89' lang='lat' dir='ltr'>est</span> <span class='ocrx_word' id='word_1_129' title='bbox 1200 1147 1352 1209; x_wconf 87' lang='lat' dir='ltr'>naturam</span> <span class='ocrx_word' id='word_1_130' title='bbox 1374 1149 1521 1206; x_wconf 90' lang='lat' dir='ltr'>nestram</span> <span class='ocrx_word' id='word_1_131' title='bbox 1542 1139 1651 1207; x_wconf 92' lang='lat' dir='ltr'>induit</span> <span class='ocrx_word' id='word_1_132' title='bbox 1679 1142 1817 1210; x_wconf 89' lang='lat' dir='ltr'>dicimus</span> <span class='ocrx_word' id='word_1_133' title='bbox 1845 1143 1995 1210; x_wconf 88' lang='lat' dir='ltr'>fidelibus</span> <span class='ocrx_word' id='word_1_134' title='bbox 2016 1165 2172 1228; x_wconf 89' lang='lat' dir='ltr'>praesen·</span> 
     </span>
     <span class='ocr_line' id='line_1_11' title="bbox 173 1223 2170 1314; baseline 0.004 -25"><span class='ocrx_word' id='word_1_135' title='bbox 173 1223 255 1307; x_wconf 91' lang='lat' dir='ltr'>qued</span> <span class='ocrx_word' id='word_1_136' title='bbox 276 1224 379 1290; x_wconf 79' lang='lat' dir='ltr'>tradit</span> <span class='ocrx_word' id='word_1_137' title='bbox 401 1226 623 1311; x_wconf 83' lang='lat' dir='ltr'>Augustinus,</span> <span class='ocrx_word' id='word_1_138' title='bbox 657 1227 779 1311; x_wconf 90' lang='lat' dir='ltr'>absque</span> <span class='ocrx_word' id='word_1_139' title='bbox 808 1225 998 1309; x_wconf 86' lang='lat' dir='ltr'>locispatio</span> <span class='ocrx_word' id='word_1_140' title='bbox 1020 1224 1149 1290; x_wconf 87' lang='lat' dir='ltr'>nullum</span> <span class='ocrx_word' id='word_1_141' title='bbox 1200 1233 1266 1288; x_wconf 89' lang='lat' dir='ltr'>tem</span> <span class='ocrx_word' id='word_1_142' title='bbox 1289 1247 1369 1292; x_wconf 90' lang='lat' dir='ltr'>esse.</span> <span class='ocrx_word' id='word_1_143' title='bbox 1413 1226 1501 1291; x_wconf 85' lang='lat' dir='ltr'>Nam</span> <span class='ocrx_word' id='word_1_144' title='bbox 1523 1236 1556 1291; x_wconf 91' lang='lat' dir='ltr'>et</span> <span class='ocrx_word' id='word_1_145' title='bbox 1574 1227 1647 1294; x_wconf 91' lang='lat' dir='ltr'>ideo</span> <span class='ocrx_word' id='word_1_146' title='bbox 1670 1226 1761 1295; x_wconf 91' lang='lat' dir='ltr'>sedet</span> <span class='ocrx_word' id='word_1_147' title='bbox 1792 1227 1834 1293; x_wconf 91' lang='lat' dir='ltr'>ad</span> <span class='ocrx_word' id='word_1_148' title='bbox 1860 1229 2027 1296; x_wconf 83' lang='lat' dir='ltr'>dexteram</span> <span class='ocrx_word' id='word_1_149' title='bbox 2056 1232 2170 1314; x_wconf 90' lang='lat' dir='ltr'>patris,</span> 
     </span>
     <span class='ocr_line' id='line_1_12' title="bbox 171 1309 2172 1396; baseline 0.003 -21"><span class='ocrx_word' id='word_1_150' title='bbox 171 1311 238 1375; x_wconf 80' lang='lat' dir='ltr'>fere</span> <span class='ocrx_word' id='word_1_151' title='bbox 246 1309 374 1381; x_wconf 77' lang='lat' dir='ltr'>Christi</span> <span class='ocrx_word' id='word_1_152' title='bbox 397 1334 523 1394; x_wconf 90' lang='lat' dir='ltr'>corpus,</span> <span class='ocrx_word' id='word_1_153' title='bbox 545 1313 682 1396; x_wconf 89' lang='lat' dir='ltr'>ideoque</span> <span class='ocrx_word' id='word_1_154' title='bbox 700 1313 789 1380; x_wconf 80' lang='lat' dir='ltr'>caele</span> <span class='ocrx_word' id='word_1_155' title='bbox 800 1310 1032 1394; x_wconf 90' lang='lat' dir='ltr'>comprehendi</span> <span class='ocrx_word' id='word_1_156' title='bbox 1050 1331 1148 1393; x_wconf 89' lang='lat' dir='ltr'>prop·</span> <span class='ocrx_word' id='word_1_157' title='bbox 1200 1323 1238 1374; x_wconf 91' lang='lat' dir='ltr'>ut</span> <span class='ocrx_word' id='word_1_158' title='bbox 1269 1312 1444 1395; x_wconf 87' lang='lat' dir='ltr'>imperium</span> <span class='ocrx_word' id='word_1_159' title='bbox 1474 1313 1592 1396; x_wconf 92' lang='lat' dir='ltr'>ubique</span> <span class='ocrx_word' id='word_1_160' title='bbox 1621 1315 1768 1382; x_wconf 91' lang='lat' dir='ltr'>obtineat</span> <span class='ocrx_word' id='word_1_161' title='bbox 1796 1323 1829 1381; x_wconf 91' lang='lat' dir='ltr'>et</span> <span class='ocrx_word' id='word_1_162' title='bbox 1855 1324 2014 1382; x_wconf 89' lang='lat' dir='ltr'>exerceat.</span> <span class='ocrx_word' id='word_1_163' title='bbox 2065 1314 2102 1382; x_wconf 83' lang='lat' dir='ltr'>Si</span> <span class='ocrx_word' id='word_1_164' title='bbox 2131 1314 2172 1382; x_wconf 91' lang='lat' dir='ltr'>de</span> 
     </span>
     <span class='ocr_line' id='line_1_13' title="bbox 174 1395 2171 1482; baseline 0.003 -20"><span class='ocrx_word' id='word_1_165' title='bbox 174 1407 221 1462; x_wconf 80' lang='lat' dir='ltr'>ter</span> <span class='ocrx_word' id='word_1_166' title='bbox 241 1397 311 1463; x_wconf 86' lang='lat' dir='ltr'>veri</span> <span class='ocrx_word' id='word_1_167' title='bbox 335 1400 479 1482; x_wconf 74' lang='lat' dir='ltr'>emporis</span> <span class='ocrx_word' id='word_1_168' title='bbox 496 1396 645 1465; x_wconf 87' lang='lat' dir='ltr'>modum:</span> <span class='ocrx_word' id='word_1_169' title='bbox 669 1420 736 1466; x_wconf 92' lang='lat' dir='ltr'>non</span> <span class='ocrx_word' id='word_1_170' title='bbox 757 1398 929 1481; x_wconf 73' lang='lat' dir='ltr'>occupabit</span> <span class='ocrx_word' id='word_1_171' title='bbox 949 1408 1037 1463; x_wconf 88' lang='lat' dir='ltr'>certe</span> <span class='ocrx_word' id='word_1_172' title='bbox 1059 1395 1148 1462; x_wconf 89' lang='lat' dir='ltr'>mille</span> <span class='ocrx_word' id='word_1_173' title='bbox 1200 1395 1295 1462; x_wconf 90' lang='lat' dir='ltr'>modo</span> <span class='ocrx_word' id='word_1_174' title='bbox 1316 1398 1522 1480; x_wconf 87' lang='lat' dir='ltr'>praesentiae</span> <span class='ocrx_word' id='word_1_175' title='bbox 1543 1401 1720 1481; x_wconf 89' lang='lat' dir='ltr'>quaeritur,</span> <span class='ocrx_word' id='word_1_176' title='bbox 1744 1401 1951 1473; x_wconf 86' lang='lat' dir='ltr'>referendum</span> <span class='ocrx_word' id='word_1_177' title='bbox 1970 1402 2107 1468; x_wconf 87' lang='lat' dir='ltr'>dicimus</span> <span class='ocrx_word' id='word_1_178' title='bbox 2128 1401 2171 1467; x_wconf 84' lang='lat' dir='ltr'>ad</span> 
     </span>
     <span class='ocr_line' id='line_1_14' title="bbox 174 1482 2171 1570; baseline 0.006 -26"><span class='ocrx_word' id='word_1_179' title='bbox 174 1482 240 1551; x_wconf 88' lang='lat' dir='ltr'>loca</span> <span class='ocrx_word' id='word_1_180' title='bbox 261 1483 298 1548; x_wconf 92' lang='lat' dir='ltr'>in</span> <span class='ocrx_word' id='word_1_181' title='bbox 321 1485 432 1563; x_wconf 87' lang='lat' dir='ltr'>terris,</span> <span class='ocrx_word' id='word_1_182' title='bbox 466 1506 503 1551; x_wconf 91' lang='lat' dir='ltr'>ae</span> <span class='ocrx_word' id='word_1_183' title='bbox 524 1484 629 1550; x_wconf 90' lang='lat' dir='ltr'>multe</span> <span class='ocrx_word' id='word_1_184' title='bbox 646 1485 756 1551; x_wconf 90' lang='lat' dir='ltr'>minus</span> <span class='ocrx_word' id='word_1_185' title='bbox 777 1485 848 1550; x_wconf 91' lang='lat' dir='ltr'>sine</span> <span class='ocrx_word' id='word_1_186' title='bbox 870 1484 981 1568; x_wconf 90' lang='lat' dir='ltr'>aliqua</span> <span class='ocrx_word' id='word_1_187' title='bbox 1000 1483 1147 1549; x_wconf 90' lang='lat' dir='ltr'>locorum</span> <span class='ocrx_word' id='word_1_188' title='bbox 1200 1483 1342 1566; x_wconf 82' lang='lat' dir='ltr'>gratiam</span> <span class='ocrx_word' id='word_1_189' title='bbox 1363 1491 1396 1548; x_wconf 90' lang='lat' dir='ltr'>et</span> <span class='ocrx_word' id='word_1_190' title='bbox 1425 1485 1589 1550; x_wconf 81' lang='lat' dir='ltr'>virtutem.</span> <span class='ocrx_word' id='word_1_191' title='bbox 1641 1486 1763 1552; x_wconf 91' lang='lat' dir='ltr'>lisdem</span> <span class='ocrx_word' id='word_1_192' title='bbox 1792 1488 1901 1553; x_wconf 87' lang='lat' dir='ltr'>verbis</span> <span class='ocrx_word' id='word_1_193' title='bbox 1927 1510 2027 1570; x_wconf 90' lang='lat' dir='ltr'>quum</span> <span class='ocrx_word' id='word_1_194' title='bbox 2057 1497 2171 1555; x_wconf 88' lang='lat' dir='ltr'>utatur</span> 
     </span>
     <span class='ocr_line' id='line_1_15' title="bbox 173 1567 2171 1658; baseline 0.004 -24"><span class='ocrx_word' id='word_1_195' title='bbox 173 1568 433 1640; x_wconf 83' lang='lat' dir='ltr'>circumferentia</span> <span class='ocrx_word' id='word_1_196' title='bbox 460 1571 580 1653; x_wconf 92' lang='lat' dir='ltr'>ubique</span> <span class='ocrx_word' id='word_1_197' title='bbox 608 1572 679 1637; x_wconf 85' lang='lat' dir='ltr'>erit</span> <span class='ocrx_word' id='word_1_198' title='bbox 730 1569 901 1652; x_wconf 82' lang='lat' dir='ltr'>Quomodo</span> <span class='ocrx_word' id='word_1_199' title='bbox 916 1569 1025 1653; x_wconf 85' lang='lat' dir='ltr'>igitur</span> <span class='ocrx_word' id='word_1_200' title='bbox 1046 1568 1148 1634; x_wconf 89' lang='lat' dir='ltr'>stabit</span> <span class='ocrx_word' id='word_1_201' title='bbox 1200 1567 1424 1651; x_wconf 78' lang='lat' dir='ltr'>westphalos,</span> <span class='ocrx_word' id='word_1_202' title='bbox 1442 1569 1554 1637; x_wconf 90' lang='lat' dir='ltr'>statim</span> <span class='ocrx_word' id='word_1_203' title='bbox 1572 1570 1614 1636; x_wconf 90' lang='lat' dir='ltr'>ad</span> <span class='ocrx_word' id='word_1_204' title='bbox 1631 1593 1763 1637; x_wconf 88' lang='lat' dir='ltr'>caruem</span> <span class='ocrx_word' id='word_1_205' title='bbox 1781 1573 1947 1653; x_wconf 86' lang='lat' dir='ltr'>relabitur,</span> <span class='ocrx_word' id='word_1_206' title='bbox 1958 1575 2034 1658; x_wconf 87' lang='lat' dir='ltr'>quie</span> <span class='ocrx_word' id='word_1_207' title='bbox 2044 1575 2171 1658; x_wconf 83' lang='lat' dir='ltr'>gratiae</span> 
     </span>
     <span class='ocr_line' id='line_1_16' title="bbox 174 1653 2170 1739; baseline 0.004 -21"><span class='ocrx_word' id='word_1_208' title='bbox 174 1653 348 1737; x_wconf 89' lang='lat' dir='ltr'>illaquam</span> <span class='ocrx_word' id='word_1_209' title='bbox 370 1664 438 1721; x_wconf 88' lang='lat' dir='ltr'>tam</span> <span class='ocrx_word' id='word_1_210' title='bbox 460 1678 573 1724; x_wconf 90' lang='lat' dir='ltr'>secure</span> <span class='ocrx_word' id='word_1_211' title='bbox 595 1658 723 1733; x_wconf 75' lang='lat' dir='ltr'>essens,</span> <span class='ocrx_word' id='word_1_212' title='bbox 752 1656 938 1738; x_wconf 79' lang='lat' dir='ltr'>ubiquitasi</span> <span class='ocrx_word' id='word_1_213' title='bbox 984 1655 1147 1738; x_wconf 81' lang='lat' dir='ltr'>Adiungit</span> <span class='ocrx_word' id='word_1_214' title='bbox 1199 1675 1319 1719; x_wconf 91' lang='lat' dir='ltr'>nomen</span> <span class='ocrx_word' id='word_1_215' title='bbox 1347 1677 1407 1739; x_wconf 93' lang='lat' dir='ltr'>pro</span> <span class='ocrx_word' id='word_1_216' title='bbox 1439 1656 1542 1722; x_wconf 91' lang='lat' dir='ltr'>nihile</span> <span class='ocrx_word' id='word_1_217' title='bbox 1576 1656 1679 1735; x_wconf 88' lang='lat' dir='ltr'>ducit,</span> <span class='ocrx_word' id='word_1_218' title='bbox 1709 1659 1771 1723; x_wconf 90' lang='lat' dir='ltr'>nisi</span> <span class='ocrx_word' id='word_1_219' title='bbox 1799 1659 1841 1726; x_wconf 89' lang='lat' dir='ltr'>ad</span> <span class='ocrx_word' id='word_1_220' title='bbox 1868 1679 1987 1727; x_wconf 90' lang='lat' dir='ltr'>coenae</span> <span class='ocrx_word' id='word_1_221' title='bbox 2008 1659 2170 1738; x_wconf 87' lang='lat' dir='ltr'>actionem</span> 
     </span>
     <span class='ocr_line' id='line_1_17' title="bbox 174 1741 2171 1828; baseline 0.002 -20"><span class='ocrx_word' id='word_1_222' title='bbox 174 1748 282 1822; x_wconf 85' lang='lat' dir='ltr'>postea</span> <span class='ocrx_word' id='word_1_223' title='bbox 313 1741 516 1818; x_wconf 91' lang='lat' dir='ltr'>Ioachimus,</span> <span class='ocrx_word' id='word_1_224' title='bbox 550 1765 615 1812; x_wconf 91' lang='lat' dir='ltr'>nen</span> <span class='ocrx_word' id='word_1_225' title='bbox 648 1742 710 1809; x_wconf 89' lang='lat' dir='ltr'>alio</span> <span class='ocrx_word' id='word_1_226' title='bbox 744 1742 880 1808; x_wconf 89' lang='lat' dir='ltr'>tendere</span> <span class='ocrx_word' id='word_1_227' title='bbox 911 1743 1145 1826; x_wconf 87' lang='lat' dir='ltr'>Augustinum,</span> <span class='ocrx_word' id='word_1_228' title='bbox 1197 1759 1307 1805; x_wconf 90' lang='lat' dir='ltr'>coram</span> <span class='ocrx_word' id='word_1_229' title='bbox 1329 1743 1464 1808; x_wconf 87' lang='lat' dir='ltr'>sistatur</span> <span class='ocrx_word' id='word_1_230' title='bbox 1486 1742 1611 1809; x_wconf 86' lang='lat' dir='ltr'>Christi</span> <span class='ocrx_word' id='word_1_231' title='bbox 1632 1765 1759 1828; x_wconf 91' lang='lat' dir='ltr'>corpus.</span> <span class='ocrx_word' id='word_1_232' title='bbox 1803 1745 1896 1811; x_wconf 87' lang='lat' dir='ltr'>Haec</span> <span class='ocrx_word' id='word_1_233' title='bbox 1916 1768 1996 1811; x_wconf 81' lang='lat' dir='ltr'>vero</span> <span class='ocrx_word' id='word_1_234' title='bbox 2014 1746 2099 1812; x_wconf 91' lang='lat' dir='ltr'>mira</span> <span class='ocrx_word' id='word_1_235' title='bbox 2120 1755 2171 1813; x_wconf 87' lang='lat' dir='ltr'>est</span> 
     </span>
     <span class='ocr_line' id='line_1_18' title="bbox 174 1826 2170 1915; baseline 0.001 -21"><span class='ocrx_word' id='word_1_236' title='bbox 174 1827 234 1894; x_wconf 83' lang='lat' dir='ltr'>nisi</span> <span class='ocrx_word' id='word_1_237' title='bbox 255 1837 294 1892; x_wconf 92' lang='lat' dir='ltr'>ut</span> <span class='ocrx_word' id='word_1_238' title='bbox 315 1826 428 1895; x_wconf 65' lang='lat' dir='ltr'>docem</span> <span class='ocrx_word' id='word_1_239' title='bbox 443 1826 570 1895; x_wconf 84' lang='lat' dir='ltr'>Christi</span> <span class='ocrx_word' id='word_1_240' title='bbox 590 1850 707 1912; x_wconf 86' lang='lat' dir='ltr'>cerpus</span> <span class='ocrx_word' id='word_1_241' title='bbox 730 1833 871 1908; x_wconf 61' lang='lat' dir='ltr'>[ptest]</span> <span class='ocrx_word' id='word_1_242' title='bbox 894 1849 966 1894; x_wconf 88' lang='lat' dir='ltr'>osse</span> <span class='ocrx_word' id='word_1_243' title='bbox 986 1830 1020 1894; x_wconf 90' lang='lat' dir='ltr'>in</span> <span class='ocrx_word' id='word_1_244' title='bbox 1044 1827 1146 1895; x_wconf 88' lang='lat' dir='ltr'>coelo:</span> <span class='ocrx_word' id='word_1_245' title='bbox 1199 1827 1485 1910; x_wconf 85' lang='lat' dir='ltr'>metamorphosis,</span> <span class='ocrx_word' id='word_1_246' title='bbox 1505 1828 1599 1911; x_wconf 51' lang='lat' dir='ltr'>¹qued</span> <span class='ocrx_word' id='word_1_247' title='bbox 1635 1830 1675 1894; x_wconf 91' lang='lat' dir='ltr'>de</span> <span class='ocrx_word' id='word_1_248' title='bbox 1702 1830 1865 1896; x_wconf 90' lang='lat' dir='ltr'>immensa</span> <span class='ocrx_word' id='word_1_249' title='bbox 1896 1830 2040 1915; x_wconf 89' lang='lat' dir='ltr'>spiritus·</span> <span class='ocrx_word' id='word_1_250' title='bbox 2063 1831 2170 1898; x_wconf 84' lang='lat' dir='ltr'>sancti</span> 
     </span>
     <span class='ocr_line' id='line_1_19' title="bbox 176 1912 2171 1999; baseline 0.002 -19"><span class='ocrx_word' id='word_1_251' title='bbox 176 1933 233 1980; x_wconf 89' lang='lat' dir='ltr'>uos</span> <span class='ocrx_word' id='word_1_252' title='bbox 260 1913 324 1979; x_wconf 91' lang='lat' dir='ltr'>alie</span> <span class='ocrx_word' id='word_1_253' title='bbox 360 1912 494 1979; x_wconf 91' lang='lat' dir='ltr'>tendere</span> <span class='ocrx_word' id='word_1_254' title='bbox 523 1929 559 1979; x_wconf 90' lang='lat' dir='ltr'>nt</span> <span class='ocrx_word' id='word_1_255' title='bbox 591 1936 750 1999; x_wconf 79' lang='lat' dir='ltr'>negemus</span> <span class='ocrx_word' id='word_1_256' title='bbox 777 1934 848 1980; x_wconf 88' lang='lat' dir='ltr'>esse</span> <span class='ocrx_word' id='word_1_257' title='bbox 874 1915 909 1979; x_wconf 93' lang='lat' dir='ltr'>in</span> <span class='ocrx_word' id='word_1_258' title='bbox 938 1914 1145 1982; x_wconf 85' lang='lat' dir='ltr'>eucharistia.</span> <span class='ocrx_word' id='word_1_259' title='bbox 1200 1913 1320 1978; x_wconf 86' lang='lat' dir='ltr'>virtute</span> <span class='ocrx_word' id='word_1_260' title='bbox 1339 1913 1463 1980; x_wconf 87' lang='lat' dir='ltr'>dietum</span> <span class='ocrx_word' id='word_1_261' title='bbox 1481 1927 1540 1990; x_wconf 92' lang='lat' dir='ltr'>est,</span> <span class='ocrx_word' id='word_1_262' title='bbox 1561 1915 1595 1980; x_wconf 92' lang='lat' dir='ltr'>in</span> <span class='ocrx_word' id='word_1_263' title='bbox 1614 1916 1722 1982; x_wconf 88' lang='lat' dir='ltr'>earnis</span> <span class='ocrx_word' id='word_1_264' title='bbox 1739 1915 1957 1992; x_wconf 85' lang='lat' dir='ltr'>substantiam</span> <span class='ocrx_word' id='word_1_265' title='bbox 1974 1938 2058 1999; x_wconf 91' lang='lat' dir='ltr'>quac</span> <span class='ocrx_word' id='word_1_266' title='bbox 2075 1917 2171 1984; x_wconf 84' lang='lat' dir='ltr'>finita</span> 
     </span>
     <span class='ocr_line' id='line_1_20' title="bbox 176 1995 2169 2086; baseline 0.004 -22"><span class='ocrx_word' id='word_1_267' title='bbox 176 1995 283 2078; x_wconf 83' lang='lat' dir='ltr'>Quem</span> <span class='ocrx_word' id='word_1_268' title='bbox 304 2000 411 2066; x_wconf 81' lang='lat' dir='ltr'>ferrea</span> <span class='ocrx_word' id='word_1_269' title='bbox 432 2000 496 2065; x_wconf 91' lang='lat' dir='ltr'>ista</span> <span class='ocrx_word' id='word_1_270' title='bbox 517 2008 568 2068; x_wconf 88' lang='lat' dir='ltr'>est</span> <span class='ocrx_word' id='word_1_271' title='bbox 587 2000 788 2085; x_wconf 88' lang='lat' dir='ltr'>improbitas,</span> <span class='ocrx_word' id='word_1_272' title='bbox 812 2000 895 2066; x_wconf 82' lang='lat' dir='ltr'>velle</span> <span class='ocrx_word' id='word_1_273' title='bbox 915 2001 1030 2068; x_wconf 83' lang='lat' dir='ltr'>frivole</span> <span class='ocrx_word' id='word_1_274' title='bbox 1054 2022 1146 2065; x_wconf 91' lang='lat' dir='ltr'>men·</span> <span class='ocrx_word' id='word_1_275' title='bbox 1199 2010 1258 2075; x_wconf 85' lang='lat' dir='ltr'>est,</span> <span class='ocrx_word' id='word_1_276' title='bbox 1276 2010 1415 2065; x_wconf 80' lang='lat' dir='ltr'>vertere.</span> <span class='ocrx_word' id='word_1_277' title='bbox 1459 2000 1559 2066; x_wconf 89' lang='lat' dir='ltr'>Hunc</span> <span class='ocrx_word' id='word_1_278' title='bbox 1579 2022 1650 2066; x_wconf 90' lang='lat' dir='ltr'>esee</span> <span class='ocrx_word' id='word_1_279' title='bbox 1668 2006 1741 2081; x_wconf 75' lang='lat' dir='ltr'>[pag.</span> <span class='ocrx_word' id='word_1_280' title='bbox 1760 2006 1814 2080; x_wconf 79' lang='lat'>87]</span> <span class='ocrx_word' id='word_1_281' title='bbox 1831 2003 2030 2086; x_wconf 86' lang='lat' dir='ltr'>quaestionis</span> <span class='ocrx_word' id='word_1_282' title='bbox 2047 2011 2169 2071; x_wconf 84' lang='lat' dir='ltr'>statum</span> 
     </span>
     <span class='ocr_line' id='line_1_21' title="bbox 176 2082 2168 2172; baseline 0.003 -22"><span class='ocrx_word' id='word_1_283' title='bbox 176 2082 265 2150; x_wconf 88' lang='lat' dir='ltr'>dacio</span> <span class='ocrx_word' id='word_1_284' title='bbox 298 2107 367 2151; x_wconf 88' lang='lat' dir='ltr'>rem</span> <span class='ocrx_word' id='word_1_285' title='bbox 401 2085 481 2151; x_wconf 88' lang='lat' dir='ltr'>adeo</span> <span class='ocrx_word' id='word_1_286' title='bbox 514 2087 723 2154; x_wconf 87' lang='lat' dir='ltr'>manifestam</span> <span class='ocrx_word' id='word_1_287' title='bbox 751 2085 882 2152; x_wconf 77' lang='lat' dir='ltr'>delere?</span> <span class='ocrx_word' id='word_1_288' title='bbox 928 2087 1025 2158; x_wconf 87' lang='lat' dir='ltr'>Claro</span> <span class='ocrx_word' id='word_1_289' title='bbox 1054 2084 1149 2152; x_wconf 89' lang='lat' dir='ltr'>docet</span> <span class='ocrx_word' id='word_1_290' title='bbox 1199 2086 1408 2150; x_wconf 89' lang='lat' dir='ltr'>meminerint</span> <span class='ocrx_word' id='word_1_291' title='bbox 1428 2085 1574 2165; x_wconf 87' lang='lat' dir='ltr'>lectores,</span> <span class='ocrx_word' id='word_1_292' title='bbox 1598 2110 1640 2155; x_wconf 86' lang='lat' dir='ltr'>en</span> <span class='ocrx_word' id='word_1_293' title='bbox 1667 2108 1732 2152; x_wconf 91' lang='lat' dir='ltr'>non</span> <span class='ocrx_word' id='word_1_294' title='bbox 1760 2086 1856 2154; x_wconf 91' lang='lat' dir='ltr'>aliter</span> <span class='ocrx_word' id='word_1_295' title='bbox 1876 2091 1983 2172; x_wconf 85' lang='lat' dir='ltr'>gratia</span> <span class='ocrx_word' id='word_1_296' title='bbox 2011 2109 2046 2154; x_wconf 89' lang='lat' dir='ltr'>se</span> <span class='ocrx_word' id='word_1_297' title='bbox 2064 2108 2168 2171; x_wconf 87' lang='lat' dir='ltr'>prae·</span> 
     </span>
     <span class='ocr_line' id='line_1_22' title="bbox 175 2170 2169 2257; baseline 0.004 -21"><span class='ocrx_word' id='word_1_298' title='bbox 175 2171 396 2254; x_wconf 73' lang='lat' dir='ltr'>Augustinus,</span> <span class='ocrx_word' id='word_1_299' title='bbox 426 2192 493 2237; x_wconf 90' lang='lat' dir='ltr'>non</span> <span class='ocrx_word' id='word_1_300' title='bbox 520 2172 598 2240; x_wconf 92' lang='lat' dir='ltr'>alibi</span> <span class='ocrx_word' id='word_1_301' title='bbox 626 2194 724 2257; x_wconf 90' lang='lat' dir='ltr'>quam</span> <span class='ocrx_word' id='word_1_302' title='bbox 755 2173 792 2238; x_wconf 93' lang='lat' dir='ltr'>in</span> <span class='ocrx_word' id='word_1_303' title='bbox 818 2174 907 2240; x_wconf 90' lang='lat' dir='ltr'>coelo</span> <span class='ocrx_word' id='word_1_304' title='bbox 934 2194 1005 2239; x_wconf 90' lang='lat' dir='ltr'>esse</span> <span class='ocrx_word' id='word_1_305' title='bbox 1032 2172 1147 2239; x_wconf 88' lang='lat' dir='ltr'>Chris·</span> <span class='ocrx_word' id='word_1_306' title='bbox 1198 2178 1322 2236; x_wconf 90' lang='lat' dir='ltr'>sentem</span> <span class='ocrx_word' id='word_1_307' title='bbox 1345 2170 1498 2237; x_wconf 85' lang='lat' dir='ltr'>exhibeat</span> <span class='ocrx_word' id='word_1_308' title='bbox 1508 2172 1662 2239; x_wconf 91' lang='lat' dir='ltr'>Christus</span> <span class='ocrx_word' id='word_1_309' title='bbox 1696 2172 1816 2239; x_wconf 89' lang='lat' dir='ltr'>namsi</span> <span class='ocrx_word' id='word_1_310' title='bbox 1839 2175 1873 2238; x_wconf 93' lang='lat' dir='ltr'>in</span> <span class='ocrx_word' id='word_1_311' title='bbox 1895 2183 2029 2240; x_wconf 86' lang='lat' dir='ltr'>terrast</span> <span class='ocrx_word' id='word_1_312' title='bbox 2050 2173 2169 2256; x_wconf 85' lang='lat' dir='ltr'>ubique</span> 
     </span>
     <span class='ocr_line' id='line_1_23' title="bbox 175 2195 2169 2344; baseline 0.004 -24"><span class='ocrx_word' id='word_1_313' title='bbox 175 2264 241 2321; x_wconf 86' lang='lat' dir='ltr'>tum</span> <span class='ocrx_word' id='word_1_314' title='bbox 277 2265 441 2341; x_wconf 88' lang='lat' dir='ltr'>quatenus</span> <span class='ocrx_word' id='word_1_315' title='bbox 473 2258 571 2324; x_wconf 92' lang='lat' dir='ltr'>home</span> <span class='ocrx_word' id='word_1_316' title='bbox 603 2266 668 2337; x_wconf 88' lang='lat' dir='ltr'>est,</span> <span class='ocrx_word' id='word_1_317' title='bbox 706 2269 741 2325; x_wconf 92' lang='lat' dir='ltr'>et</span> <span class='ocrx_word' id='word_1_318' title='bbox 771 2257 855 2326; x_wconf 87' lang='lat' dir='ltr'>falso</span> <span class='ocrx_word' id='word_1_319' title='bbox 888 2260 998 2344; x_wconf 90' lang='lat' dir='ltr'>putari</span> <span class='ocrx_word' id='word_1_320' title='bbox 1029 2278 1146 2325; x_wconf 87' lang='lat' dir='ltr'>secun·</span> <span class='ocrx_word' id='word_1_321' title='bbox 1198 2267 1348 2322; x_wconf 86' lang='lat' dir='ltr'>versetur</span> <span class='ocrx_word' id='word_1_322' title='bbox 1374 2257 1445 2323; x_wconf 90' lang='lat' dir='ltr'>eius</span> <span class='ocrx_word' id='word_1_323' title='bbox 1473 2257 1615 2341; x_wconf 84' lang='lat' dir='ltr'>eorpus?</span> <span class='ocrx_word' id='word_1_324' title='bbox 1663 2195 1742 2337; x_wconf 61' lang='lat' dir='ltr'>lios,</span> <span class='ocrx_word' id='word_1_325' title='bbox 1769 2260 1920 2342; x_wconf 85' lang='lat' dir='ltr'>quamvis</span> <span class='ocrx_word' id='word_1_326' title='bbox 1945 2260 1982 2325; x_wconf 93' lang='lat' dir='ltr'>in</span> <span class='ocrx_word' id='word_1_327' title='bbox 2008 2259 2097 2326; x_wconf 88' lang='lat' dir='ltr'>coele</span> <span class='ocrx_word' id='word_1_328' title='bbox 2124 2260 2169 2327; x_wconf 89' lang='lat' dir='ltr'>sit</span> 
     </span>
     <span class='ocr_line' id='line_1_24' title="bbox 176 2339 2167 2428; baseline 0.002 -22"><span class='ocrx_word' id='word_1_329' title='bbox 176 2339 251 2409; x_wconf 91' lang='lat' dir='ltr'>dnm</span> <span class='ocrx_word' id='word_1_330' title='bbox 280 2363 414 2410; x_wconf 80' lang='lat' dir='ltr'>cautem</span> <span class='ocrx_word' id='word_1_331' title='bbox 445 2343 567 2427; x_wconf 87' lang='lat' dir='ltr'>ubique</span> <span class='ocrx_word' id='word_1_332' title='bbox 599 2366 672 2411; x_wconf 91' lang='lat' dir='ltr'>esse</span> <span class='ocrx_word' id='word_1_333' title='bbox 705 2344 876 2422; x_wconf 81' lang='lat' dir='ltr'>diffissum,</span> <span class='ocrx_word' id='word_1_334' title='bbox 909 2347 962 2413; x_wconf 90' lang='lat' dir='ltr'>eui</span> <span class='ocrx_word' id='word_1_335' title='bbox 992 2353 1145 2411; x_wconf 89' lang='lat' dir='ltr'>naturam</span> <span class='ocrx_word' id='word_1_336' title='bbox 1197 2342 1357 2421; x_wconf 90' lang='lat' dir='ltr'>Christus,</span> <span class='ocrx_word' id='word_1_337' title='bbox 1387 2351 1525 2408; x_wconf 89' lang='lat' dir='ltr'>naturae</span> <span class='ocrx_word' id='word_1_338' title='bbox 1561 2343 1725 2410; x_wconf 87' lang='lat' dir='ltr'>humanae</span> <span class='ocrx_word' id='word_1_339' title='bbox 1753 2355 1916 2428; x_wconf 80' lang='lat' dir='ltr'>respectu,</span> <span class='ocrx_word' id='word_1_340' title='bbox 1943 2344 2088 2412; x_wconf 90' lang='lat' dir='ltr'>locorum</span> <span class='ocrx_word' id='word_1_341' title='bbox 2118 2343 2167 2410; x_wconf 91' lang='lat' dir='ltr'>di·</span> 
     </span>
     <span class='ocr_line' id='line_1_25' title="bbox 176 2428 2167 2519; baseline 0.002 -26"><span class='ocrx_word' id='word_1_342' title='bbox 176 2429 308 2502; x_wconf 87' lang='lat' dir='ltr'>minime</span> <span class='ocrx_word' id='word_1_343' title='bbox 330 2428 474 2519; x_wconf 80' lang='lat' dir='ltr'>abstulit</span> <span class='ocrx_word' id='word_1_344' title='bbox 519 2431 588 2498; x_wconf 89' lang='lat' dir='ltr'>Nos</span> <span class='ocrx_word' id='word_1_345' title='bbox 609 2452 688 2514; x_wconf 86' lang='lat' dir='ltr'>erge</span> <span class='ocrx_word' id='word_1_346' title='bbox 707 2452 806 2514; x_wconf 89' lang='lat' dir='ltr'>quum</span> <span class='ocrx_word' id='word_1_347' title='bbox 827 2431 962 2498; x_wconf 89' lang='lat' dir='ltr'>tetidem</span> <span class='ocrx_word' id='word_1_348' title='bbox 980 2432 1091 2498; x_wconf 79' lang='lat' dir='ltr'>verbis</span> <span class='ocrx_word' id='word_1_349' title='bbox 1107 2453 1145 2499; x_wconf 88' lang='lat' dir='ltr'>ao</span> <span class='ocrx_word' id='word_1_350' title='bbox 1196 2430 1318 2494; x_wconf 87' lang='lat' dir='ltr'>stantia</span> <span class='ocrx_word' id='word_1_351' title='bbox 1338 2450 1497 2512; x_wconf 80' lang='lat' dir='ltr'>negamus</span> <span class='ocrx_word' id='word_1_352' title='bbox 1518 2429 1670 2513; x_wconf 89' lang='lat' dir='ltr'>impediri</span> <span class='ocrx_word' id='word_1_353' title='bbox 1692 2432 1865 2513; x_wconf 92' lang='lat' dir='ltr'>quominus</span> <span class='ocrx_word' id='word_1_354' title='bbox 1893 2454 1928 2498; x_wconf 93' lang='lat' dir='ltr'>se</span> <span class='ocrx_word' id='word_1_355' title='bbox 1958 2432 2051 2498; x_wconf 90' lang='lat' dir='ltr'>nobis</span> <span class='ocrx_word' id='word_1_356' title='bbox 2080 2452 2167 2497; x_wconf 92' lang='lat' dir='ltr'>com·</span> 
     </span>
     <span class='ocr_line' id='line_1_26' title="bbox 173 2513 2168 2602; baseline 0.003 -24"><span class='ocrx_word' id='word_1_357' title='bbox 173 2513 309 2597; x_wconf 81' lang='lat' dir='ltr'>syllabis</span> <span class='ocrx_word' id='word_1_358' title='bbox 327 2513 413 2580; x_wconf 89' lang='lat' dir='ltr'>idem</span> <span class='ocrx_word' id='word_1_359' title='bbox 436 2513 600 2595; x_wconf 74' lang='lat' dir='ltr'>dommus,</span> <span class='ocrx_word' id='word_1_360' title='bbox 620 2519 693 2601; x_wconf 89' lang='lat' dir='ltr'>quis</span> <span class='ocrx_word' id='word_1_361' title='bbox 714 2515 800 2584; x_wconf 90' lang='lat' dir='ltr'>dicet</span> <span class='ocrx_word' id='word_1_362' title='bbox 821 2517 856 2582; x_wconf 91' lang='lat' dir='ltr'>in</span> <span class='ocrx_word' id='word_1_363' title='bbox 883 2518 1050 2585; x_wconf 61' lang='lat' dir='ltr'>&amp;versum</span> <span class='ocrx_word' id='word_1_364' title='bbox 1073 2538 1144 2585; x_wconf 91' lang='lat' dir='ltr'>sco-</span> <span class='ocrx_word' id='word_1_365' title='bbox 1196 2516 1355 2583; x_wconf 88' lang='lat' dir='ltr'>municet:</span> <span class='ocrx_word' id='word_1_366' title='bbox 1380 2537 1439 2581; x_wconf 89' lang='lat' dir='ltr'>nec</span> <span class='ocrx_word' id='word_1_367' title='bbox 1461 2515 1556 2581; x_wconf 88' lang='lat' dir='ltr'>mode</span> <span class='ocrx_word' id='word_1_368' title='bbox 1578 2517 1740 2581; x_wconf 89' lang='lat' dir='ltr'>sustineat</span> <span class='ocrx_word' id='word_1_369' title='bbox 1768 2538 1828 2583; x_wconf 90' lang='lat' dir='ltr'>nos</span> <span class='ocrx_word' id='word_1_370' title='bbox 1856 2539 1895 2584; x_wconf 90' lang='lat' dir='ltr'>ac</span> <span class='ocrx_word' id='word_1_371' title='bbox 1923 2516 2084 2602; x_wconf 77' lang='lat' dir='ltr'>gubernet</span> <span class='ocrx_word' id='word_1_372' title='bbox 2108 2537 2168 2584; x_wconf 91' lang='lat' dir='ltr'>suo</span> 
     </span>
     <span class='ocr_line' id='line_1_27' title="bbox 173 2598 2167 2690; baseline 0.003 -25"><span class='ocrx_word' id='word_1_373' title='bbox 173 2621 251 2682; x_wconf 92' lang='lat' dir='ltr'>pum</span> <span class='ocrx_word' id='word_1_374' title='bbox 274 2599 428 2666; x_wconf 85' lang='lat' dir='ltr'>tendere?</span> <span class='ocrx_word' id='word_1_375' title='bbox 473 2600 546 2669; x_wconf 91' lang='lat' dir='ltr'>Hoc</span> <span class='ocrx_word' id='word_1_376' title='bbox 564 2604 788 2690; x_wconf 83' lang='lat' dir='ltr'>Augustinum</span> <span class='ocrx_word' id='word_1_377' title='bbox 811 2625 908 2687; x_wconf 81' lang='lat' dir='ltr'>agere</span> <span class='ocrx_word' id='word_1_378' title='bbox 925 2602 1144 2688; x_wconf 86' lang='lat' dir='ltr'>Westphalus</span> <span class='ocrx_word' id='word_1_379' title='bbox 1196 2601 1325 2684; x_wconf 89' lang='lat' dir='ltr'>spiritu,</span> <span class='ocrx_word' id='word_1_380' title='bbox 1354 2598 1411 2666; x_wconf 86' lang='lat' dir='ltr'>sed</span> <span class='ocrx_word' id='word_1_381' title='bbox 1444 2621 1574 2668; x_wconf 86' lang='lat' dir='ltr'>earnem</span> <span class='ocrx_word' id='word_1_382' title='bbox 1609 2602 1699 2666; x_wconf 87' lang='lat' dir='ltr'>illam</span> <span class='ocrx_word' id='word_1_383' title='bbox 1732 2604 1767 2667; x_wconf 91' lang='lat' dir='ltr'>in</span> <span class='ocrx_word' id='word_1_384' title='bbox 1797 2625 1862 2685; x_wconf 89' lang='lat' dir='ltr'>qua</span> <span class='ocrx_word' id='word_1_385' title='bbox 1884 2604 2040 2670; x_wconf 85' lang='lat' dir='ltr'>iustitiam</span> <span class='ocrx_word' id='word_1_386' title='bbox 2070 2603 2167 2670; x_wconf 90' lang='lat' dir='ltr'>nobis</span> 
     </span>
     <span class='ocr_line' id='line_1_28' title="bbox 173 2685 2168 2772; baseline 0.003 -20"><span class='ocrx_word' id='word_1_387' title='bbox 173 2685 258 2765; x_wconf 87' lang='lat' dir='ltr'>dicit,</span> <span class='ocrx_word' id='word_1_388' title='bbox 282 2707 325 2752; x_wconf 88' lang='lat' dir='ltr'>ne</span> <span class='ocrx_word' id='word_1_389' title='bbox 349 2685 484 2753; x_wconf 87' lang='lat' dir='ltr'>tollatur</span> <span class='ocrx_word' id='word_1_390' title='bbox 501 2687 665 2766; x_wconf 88' lang='lat' dir='ltr'>humanae</span> <span class='ocrx_word' id='word_1_391' title='bbox 681 2698 819 2755; x_wconf 80' lang='lat' dir='ltr'>natume</span> <span class='ocrx_word' id='word_1_392' title='bbox 844 2692 974 2757; x_wconf 85' lang='lat' dir='ltr'>veritas.</span> <span class='ocrx_word' id='word_1_393' title='bbox 1016 2690 1144 2772; x_wconf 86' lang='lat' dir='ltr'>Nempe</span> <span class='ocrx_word' id='word_1_394' title='bbox 1194 2685 1360 2769; x_wconf 81' lang='lat' dir='ltr'>implevit,</span> <span class='ocrx_word' id='word_1_395' title='bbox 1387 2687 1552 2753; x_wconf 80' lang='lat' dir='ltr'>vivificam</span> <span class='ocrx_word' id='word_1_396' title='bbox 1583 2688 1677 2760; x_wconf 87' lang='lat' dir='ltr'>uehis</span> <span class='ocrx_word' id='word_1_397' title='bbox 1703 2688 1829 2754; x_wconf 87' lang='lat' dir='ltr'>reddat</span> <span class='ocrx_word' id='word_1_398' title='bbox 1884 2690 1970 2758; x_wconf 90' lang='lat' dir='ltr'>Nam</span> <span class='ocrx_word' id='word_1_399' title='bbox 2002 2691 2065 2757; x_wconf 92' lang='lat' dir='ltr'>etsi</span> <span class='ocrx_word' id='word_1_400' title='bbox 2096 2689 2168 2758; x_wconf 83' lang='lat' dir='ltr'>loeo</span> 
     </span>
     <span class='ocr_line' id='line_1_29' title="bbox 173 2770 2166 2861; baseline 0.002 -22"><span class='ocrx_word' id='word_1_401' title='bbox 173 2773 248 2855; x_wconf 88' lang='lat' dir='ltr'>quia</span> <span class='ocrx_word' id='word_1_402' title='bbox 269 2794 440 2856; x_wconf 84' lang='lat' dir='ltr'>nunquam</span> <span class='ocrx_word' id='word_1_403' title='bbox 460 2782 608 2858; x_wconf 87' lang='lat' dir='ltr'>putasset</span> <span class='ocrx_word' id='word_1_404' title='bbox 628 2776 836 2859; x_wconf 78' lang='lat' dir='ltr'>Augustinus</span> <span class='ocrx_word' id='word_1_405' title='bbox 858 2775 898 2842; x_wconf 92' lang='lat' dir='ltr'>de</span> <span class='ocrx_word' id='word_1_406' title='bbox 919 2776 1029 2843; x_wconf 87' lang='lat' dir='ltr'>carnis</span> <span class='ocrx_word' id='word_1_407' title='bbox 1049 2797 1143 2861; x_wconf 90' lang='lat' dir='ltr'>prae·</span> <span class='ocrx_word' id='word_1_408' title='bbox 1193 2770 1267 2855; x_wconf 87' lang='lat' dir='ltr'>ipsa</span> <span class='ocrx_word' id='word_1_409' title='bbox 1287 2794 1353 2838; x_wconf 94' lang='lat' dir='ltr'>non</span> <span class='ocrx_word' id='word_1_410' title='bbox 1375 2783 1532 2850; x_wconf 84' lang='lat' dir='ltr'>movetur,</span> <span class='ocrx_word' id='word_1_411' title='bbox 1556 2794 1676 2841; x_wconf 88' lang='lat' dir='ltr'>arcana</span> <span class='ocrx_word' id='word_1_412' title='bbox 1695 2785 1807 2844; x_wconf 88' lang='lat' dir='ltr'>tamen</span> <span class='ocrx_word' id='word_1_413' title='bbox 1824 2776 1958 2857; x_wconf 89' lang='lat' dir='ltr'>spiritus</span> <span class='ocrx_word' id='word_1_414' title='bbox 1978 2777 2166 2858; x_wconf 88' lang='lat' dir='ltr'>operatione</span> 
     </span>
     <span class='ocr_line' id='line_1_30' title="bbox 172 2857 2164 2946; baseline -0.001 -16"><span class='ocrx_word' id='word_1_415' title='bbox 172 2859 278 2930; x_wconf 70' lang='lat' dir='ltr'>anua</span> <span class='ocrx_word' id='word_1_416' title='bbox 312 2859 442 2941; x_wconf 90' lang='lat' dir='ltr'>qualem</span> <span class='ocrx_word' id='word_1_417' title='bbox 476 2861 704 2944; x_wconf 83' lang='lat' dir='ltr'>excogitarunt</span> <span class='ocrx_word' id='word_1_418' title='bbox 730 2861 904 2946; x_wconf 86' lang='lat' dir='ltr'>sophistae,</span> <span class='ocrx_word' id='word_1_419' title='bbox 938 2863 1143 2928; x_wconf 85' lang='lat' dir='ltr'>exoriturum</span> <span class='ocrx_word' id='word_1_420' title='bbox 1195 2857 1236 2923; x_wconf 86' lang='lat' dir='ltr'>ad</span> <span class='ocrx_word' id='word_1_421' title='bbox 1259 2874 1319 2924; x_wconf 91' lang='lat' dir='ltr'>nos</span> <span class='ocrx_word' id='word_1_422' title='bbox 1341 2880 1443 2941; x_wconf 88' lang='lat' dir='ltr'>usque</span> <span class='ocrx_word' id='word_1_423' title='bbox 1460 2868 1611 2941; x_wconf 84' lang='lat' dir='ltr'>penetrat</span> <span class='ocrx_word' id='word_1_424' title='bbox 1632 2858 1703 2927; x_wconf 88' lang='lat' dir='ltr'>eiua</span> <span class='ocrx_word' id='word_1_425' title='bbox 1725 2861 1840 2940; x_wconf 80' lang='lat' dir='ltr'>virtus,</span> <span class='ocrx_word' id='word_1_426' title='bbox 1870 2870 1906 2926; x_wconf 93' lang='lat' dir='ltr'>nt</span> <span class='ocrx_word' id='word_1_427' title='bbox 1926 2884 1976 2926; x_wconf 88' lang='lat' dir='ltr'>-ex</span> <span class='ocrx_word' id='word_1_428' title='bbox 1999 2861 2069 2928; x_wconf 91' lang='lat' dir='ltr'>eius</span> <span class='ocrx_word' id='word_1_429' title='bbox 2086 2863 2164 2928; x_wconf 82' lang='lat' dir='ltr'>sub·</span> 
     </span>
     <span class='ocr_line' id='line_1_31' title="bbox 172 2944 2163 3031; baseline 0.002 -21"><span class='ocrx_word' id='word_1_430' title='bbox 172 2964 242 3010; x_wconf 86' lang='lat' dir='ltr'>esse</span> <span class='ocrx_word' id='word_1_431' title='bbox 276 2944 342 3010; x_wconf 84' lang='lat' dir='ltr'>tale</span> <span class='ocrx_word' id='word_1_432' title='bbox 373 2954 581 3027; x_wconf 86' lang='lat' dir='ltr'>portentum,</span> <span class='ocrx_word' id='word_1_433' title='bbox 620 2968 699 3013; x_wconf 87' lang='lat' dir='ltr'>vero</span> <span class='ocrx_word' id='word_1_434' title='bbox 731 2957 765 3013; x_wconf 91' lang='lat' dir='ltr'>et</span> <span class='ocrx_word' id='word_1_435' title='bbox 795 2950 940 3031; x_wconf 85' lang='lat' dir='ltr'>genuino</span> <span class='ocrx_word' id='word_1_436' title='bbox 969 2946 1143 3014; x_wconf 89' lang='lat' dir='ltr'>verborum</span> <span class='ocrx_word' id='word_1_437' title='bbox 1194 2945 1316 3010; x_wconf 88' lang='lat' dir='ltr'>stantia</span> <span class='ocrx_word' id='word_1_438' title='bbox 1343 2944 1546 3027; x_wconf 91' lang='lat' dir='ltr'>spiritualem</span> <span class='ocrx_word' id='word_1_439' title='bbox 1580 2946 1683 3011; x_wconf 89' lang='lat' dir='ltr'>vitam</span> <span class='ocrx_word' id='word_1_440' title='bbox 1715 2946 1846 3011; x_wconf 89' lang='lat' dir='ltr'>animae</span> <span class='ocrx_word' id='word_1_441' title='bbox 1876 2955 2011 3012; x_wconf 90' lang='lat' dir='ltr'>nostrae</span> <span class='ocrx_word' id='word_1_442' title='bbox 2039 2954 2163 3031; x_wconf 82' lang='lat' dir='ltr'>petant</span> 
     </span>
     <span class='ocr_line' id='line_1_32' title="bbox 172 3028 2164 3118; baseline 0.002 -21"><span class='ocrx_word' id='word_1_443' title='bbox 172 3028 298 3097; x_wconf 88' lang='lat' dir='ltr'>Christi</span> <span class='ocrx_word' id='word_1_444' title='bbox 323 3052 422 3098; x_wconf 89' lang='lat' dir='ltr'>sensu</span> <span class='ocrx_word' id='word_1_445' title='bbox 449 3039 636 3110; x_wconf 89' lang='lat' dir='ltr'>contentus,</span> <span class='ocrx_word' id='word_1_446' title='bbox 670 3033 778 3100; x_wconf 86' lang='lat' dir='ltr'>fatuas</span> <span class='ocrx_word' id='word_1_447' title='bbox 806 3033 880 3099; x_wconf 91' lang='lat' dir='ltr'>illas</span> <span class='ocrx_word' id='word_1_448' title='bbox 906 3033 1143 3118; x_wconf 87' lang='lat' dir='ltr'>speculationes</span> <span class='ocrx_word' id='word_1_449' title='bbox 1194 3029 1390 3114; x_wconf 88' lang='lat' dir='ltr'>Westphalo</span> <span class='ocrx_word' id='word_1_450' title='bbox 1416 3029 1498 3096; x_wconf 89' lang='lat' dir='ltr'>nihil</span> <span class='ocrx_word' id='word_1_451' title='bbox 1528 3031 1664 3108; x_wconf 88' lang='lat' dir='ltr'>sufficit,</span> <span class='ocrx_word' id='word_1_452' title='bbox 1698 3032 1761 3098; x_wconf 90' lang='lat' dir='ltr'>nisi</span> <span class='ocrx_word' id='word_1_453' title='bbox 1794 3054 1912 3115; x_wconf 85' lang='lat' dir='ltr'>corpus</span> <span class='ocrx_word' id='word_1_454' title='bbox 1939 3032 2063 3103; x_wconf 88' lang='lat' dir='ltr'>Christi</span> <span class='ocrx_word' id='word_1_455' title='bbox 2093 3032 2164 3100; x_wconf 87' lang='lat' dir='ltr'>loco</span> 
     </span>
     <span class='ocr_line' id='line_1_33' title="bbox 170 3114 2165 3201; baseline 0.002 -19"><span class='ocrx_word' id='word_1_456' title='bbox 170 3136 236 3183; x_wconf 89' lang='lat' dir='ltr'>non</span> <span class='ocrx_word' id='word_1_457' title='bbox 254 3117 373 3201; x_wconf 85' lang='lat' dir='ltr'>attigit.</span> <span class='ocrx_word' id='word_1_458' title='bbox 417 3117 504 3183; x_wconf 87' lang='lat' dir='ltr'>Nam</span> <span class='ocrx_word' id='word_1_459' title='bbox 526 3117 612 3200; x_wconf 91' lang='lat' dir='ltr'>quod</span> <span class='ocrx_word' id='word_1_460' title='bbox 628 3117 760 3187; x_wconf 90' lang='lat' dir='ltr'>subiicit</span> <span class='ocrx_word' id='word_1_461' title='bbox 776 3119 968 3198; x_wconf 89' lang='lat' dir='ltr'>Ioachimus,</span> <span class='ocrx_word' id='word_1_462' title='bbox 987 3141 1053 3186; x_wconf 91' lang='lat' dir='ltr'>non</span> <span class='ocrx_word' id='word_1_463' title='bbox 1072 3119 1142 3185; x_wconf 89' lang='lat' dir='ltr'>tolli</span> <span class='ocrx_word' id='word_1_464' title='bbox 1193 3115 1369 3185; x_wconf 84' lang='lat' dir='ltr'>excludens</span> <span class='ocrx_word' id='word_1_465' title='bbox 1389 3114 1431 3182; x_wconf 91' lang='lat' dir='ltr'>ad</span> <span class='ocrx_word' id='word_1_466' title='bbox 1452 3116 1562 3182; x_wconf 91' lang='lat' dir='ltr'>omnia</span> <span class='ocrx_word' id='word_1_467' title='bbox 1583 3118 1728 3188; x_wconf 90' lang='lat' dir='ltr'>locorum</span> <span class='ocrx_word' id='word_1_468' title='bbox 1750 3118 1857 3200; x_wconf 89' lang='lat' dir='ltr'>spatia</span> <span class='ocrx_word' id='word_1_469' title='bbox 1882 3118 2046 3184; x_wconf 79' lang='lat' dir='ltr'>extendat</span> <span class='ocrx_word' id='word_1_470' title='bbox 2096 3118 2165 3186; x_wconf 82' lang='lat' dir='ltr'>Sed</span> 
     </span>
     <span class='ocr_line' id='line_1_34' title="bbox 170 3201 2163 3289; baseline 0.001 -21"><span class='ocrx_word' id='word_1_471' title='bbox 170 3203 345 3269; x_wconf 68' lang='lat' dir='ltr'>ventatem</span> <span class='ocrx_word' id='word_1_472' title='bbox 365 3201 532 3269; x_wconf 86' lang='lat' dir='ltr'>humanae</span> <span class='ocrx_word' id='word_1_473' title='bbox 562 3213 708 3283; x_wconf 89' lang='lat' dir='ltr'>naturae,</span> <span class='ocrx_word' id='word_1_474' title='bbox 738 3204 996 3273; x_wconf 88' lang='lat' dir='ltr'>sidistribuitur</span> <span class='ocrx_word' id='word_1_475' title='bbox 1024 3226 1142 3289; x_wconf 89' lang='lat' dir='ltr'>corpus</span> <span class='ocrx_word' id='word_1_476' title='bbox 1193 3222 1310 3285; x_wconf 90' lang='lat' dir='ltr'>operae</span> <span class='ocrx_word' id='word_1_477' title='bbox 1331 3202 1680 3286; x_wconf 61' lang='lat' dir='ltr'>procreatricem</span> <span class='ocrx_word' id='word_1_478' title='bbox 1701 3223 1799 3285; x_wconf 85' lang='lat' dir='ltr'>quam</span> <span class='ocrx_word' id='word_1_479' title='bbox 1829 3203 1912 3269; x_wconf 90' lang='lat' dir='ltr'>belle</span> <span class='ocrx_word' id='word_1_480' title='bbox 1938 3202 1999 3270; x_wconf 93' lang='lat' dir='ltr'>sibi</span> <span class='ocrx_word' id='word_1_481' title='bbox 2026 3212 2163 3283; x_wconf 81' lang='lat' dir='ltr'>constet,</span> 
     </span>
     <span class='ocr_line' id='line_1_35' title="bbox 171 3287 2163 3377; baseline 0.001 -23"><span class='ocrx_word' id='word_1_482' title='bbox 171 3287 297 3356; x_wconf 86' lang='lat' dir='ltr'>Christi</span> <span class='ocrx_word' id='word_1_483' title='bbox 318 3289 352 3354; x_wconf 93' lang='lat' dir='ltr'>in</span> <span class='ocrx_word' id='word_1_484' title='bbox 374 3310 485 3365; x_wconf 86' lang='lat' dir='ltr'>coena,</span> <span class='ocrx_word' id='word_1_485' title='bbox 507 3289 723 3359; x_wconf 87' lang='lat' dir='ltr'>vanissimum</span> <span class='ocrx_word' id='word_1_486' title='bbox 753 3304 833 3359; x_wconf 84' lang='lat' dir='ltr'>esse</span> <span class='ocrx_word' id='word_1_487' title='bbox 852 3300 997 3377; x_wconf 87' lang='lat' dir='ltr'>apparet</span> <span class='ocrx_word' id='word_1_488' title='bbox 1047 3291 1142 3358; x_wconf 86' lang='lat' dir='ltr'>Haeo</span> <span class='ocrx_word' id='word_1_489' title='bbox 1192 3309 1294 3370; x_wconf 87' lang='lat' dir='ltr'>quum</span> <span class='ocrx_word' id='word_1_490' title='bbox 1315 3289 1440 3372; x_wconf 79' lang='lat' dir='ltr'>gratiae</span> <span class='ocrx_word' id='word_1_491' title='bbox 1461 3293 1683 3371; x_wconf 86' lang='lat' dir='ltr'>praesentiam</span> <span class='ocrx_word' id='word_1_492' title='bbox 1706 3289 1786 3355; x_wconf 88' lang='lat' dir='ltr'>velit</span> <span class='ocrx_word' id='word_1_493' title='bbox 1806 3310 1876 3356; x_wconf 90' lang='lat' dir='ltr'>esse</span> <span class='ocrx_word' id='word_1_494' title='bbox 1894 3290 2103 3374; x_wconf 87' lang='lat' dir='ltr'>corporalem,</span> <span class='ocrx_word' id='word_1_495' title='bbox 2123 3288 2163 3355; x_wconf 90' lang='lat' dir='ltr'>de</span> 
     </span>
     <span class='ocr_line' id='line_1_36' title="bbox 169 3372 2164 3460; baseline 0 -20"><span class='ocrx_word' id='word_1_496' title='bbox 169 3375 259 3440; x_wconf 87' lang='lat' dir='ltr'>enim</span> <span class='ocrx_word' id='word_1_497' title='bbox 280 3383 332 3440; x_wconf 89' lang='lat' dir='ltr'>est</span> <span class='ocrx_word' id='word_1_498' title='bbox 359 3375 499 3454; x_wconf 71' lang='lat' dir='ltr'>verius,</span> <span class='ocrx_word' id='word_1_499' title='bbox 526 3378 581 3441; x_wconf 89' lang='lat' dir='ltr'>An</span> <span class='ocrx_word' id='word_1_500' title='bbox 645 3376 713 3444; x_wconf 89' lang='lat' dir='ltr'>tino</span> <span class='ocrx_word' id='word_1_501' title='bbox 736 3385 828 3455; x_wconf 90' lang='lat' dir='ltr'>teste,</span> <span class='ocrx_word' id='word_1_502' title='bbox 856 3386 893 3443; x_wconf 92' lang='lat' dir='ltr'>nt</span> <span class='ocrx_word' id='word_1_503' title='bbox 917 3376 1050 3444; x_wconf 87' lang='lat' dir='ltr'>Christi</span> <span class='ocrx_word' id='word_1_504' title='bbox 1070 3399 1141 3444; x_wconf 90' lang='lat' dir='ltr'>eor-</span> <span class='ocrx_word' id='word_1_505' title='bbox 1193 3394 1234 3442; x_wconf 85' lang='lat' dir='ltr'>ea</span> <span class='ocrx_word' id='word_1_506' title='bbox 1254 3381 1366 3440; x_wconf 84' lang='lat' dir='ltr'>tamen</span> <span class='ocrx_word' id='word_1_507' title='bbox 1387 3373 1543 3457; x_wconf 85' lang='lat' dir='ltr'>intelligit</span> <span class='ocrx_word' id='word_1_508' title='bbox 1563 3372 1650 3456; x_wconf 89' lang='lat' dir='ltr'>quod</span> <span class='ocrx_word' id='word_1_509' title='bbox 1669 3374 1704 3438; x_wconf 94' lang='lat' dir='ltr'>in</span> <span class='ocrx_word' id='word_1_510' title='bbox 1725 3374 1799 3458; x_wconf 86' lang='lat' dir='ltr'>lege</span> <span class='ocrx_word' id='word_1_511' title='bbox 1819 3377 2058 3460; x_wconf 88' lang='lat' dir='ltr'>scriptumest:</span> <span class='ocrx_word' id='word_1_512' title='bbox 2082 3373 2164 3442; x_wconf 86' lang='lat' dir='ltr'>Ubi·</span> 
     </span>
     <span class='ocr_line' id='line_1_37' title="bbox 169 3460 2165 3547; baseline 0 -20"><span class='ocrx_word' id='word_1_513' title='bbox 169 3481 231 3543; x_wconf 86' lang='lat' dir='ltr'>pus</span> <span class='ocrx_word' id='word_1_514' title='bbox 246 3465 321 3540; x_wconf 77' lang='lat' dir='ltr'>[pag.</span> <span class='ocrx_word' id='word_1_515' title='bbox 342 3463 397 3539; x_wconf 75' lang='lat' dir='ltr'>ae]</span> <span class='ocrx_word' id='word_1_516' title='bbox 409 3460 526 3544; x_wconf 87' lang='lat' dir='ltr'>aliquis</span> <span class='ocrx_word' id='word_1_517' title='bbox 536 3460 718 3530; x_wconf 89' lang='lat' dir='ltr'>coeiloous</span> <span class='ocrx_word' id='word_1_518' title='bbox 736 3461 1000 3547; x_wconf 82' lang='lat' dir='ltr'>comprehendat</span> <span class='ocrx_word' id='word_1_519' title='bbox 1033 3464 1141 3531; x_wconf 83' lang='lat' dir='ltr'>Nimis</span> <span class='ocrx_word' id='word_1_520' title='bbox 1193 3479 1320 3543; x_wconf 85' lang='lat' dir='ltr'>cunque</span> <span class='ocrx_word' id='word_1_521' title='bbox 1351 3460 1459 3528; x_wconf 79' lang='lat' dir='ltr'>fecero</span> <span class='ocrx_word' id='word_1_522' title='bbox 1491 3461 1683 3524; x_wconf 86' lang='lat' dir='ltr'>memoriam</span> <span class='ocrx_word' id='word_1_523' title='bbox 1716 3465 1790 3540; x_wconf 79' lang='lat' dir='ltr'>[pag.</span> <span class='ocrx_word' id='word_1_524' title='bbox 1825 3467 1880 3541; x_wconf 80' lang='lat'>88]</span> <span class='ocrx_word' id='word_1_525' title='bbox 1914 3460 2055 3526; x_wconf 90' lang='lat' dir='ltr'>neminis</span> <span class='ocrx_word' id='word_1_526' title='bbox 2088 3460 2165 3540; x_wconf 91' lang='lat' dir='ltr'>mei,</span> 
     </span>
     <span class='ocr_line' id='line_1_38' title="bbox 170 3543 2164 3634; baseline 0.002 -25"><span class='ocrx_word' id='word_1_527' title='bbox 170 3565 248 3611; x_wconf 83' lang='lat' dir='ltr'>vero</span> <span class='ocrx_word' id='word_1_528' title='bbox 276 3545 456 3614; x_wconf 84' lang='lat' dir='ltr'>obliviosus</span> <span class='ocrx_word' id='word_1_529' title='bbox 484 3554 535 3614; x_wconf 85' lang='lat' dir='ltr'>est</span> <span class='ocrx_word' id='word_1_530' title='bbox 560 3546 792 3632; x_wconf 86' lang='lat' dir='ltr'>Westphalns,</span> <span class='ocrx_word' id='word_1_531' title='bbox 826 3551 1009 3634; x_wconf 86' lang='lat' dir='ltr'>quiquam</span> <span class='ocrx_word' id='word_1_532' title='bbox 1034 3571 1141 3633; x_wconf 86' lang='lat' dir='ltr'>nuper</span> <span class='ocrx_word' id='word_1_533' title='bbox 1191 3545 1269 3612; x_wconf 90' lang='lat' dir='ltr'>illue</span> <span class='ocrx_word' id='word_1_534' title='bbox 1292 3545 1423 3611; x_wconf 87' lang='lat' dir='ltr'>veniam</span> <span class='ocrx_word' id='word_1_535' title='bbox 1445 3543 1487 3609; x_wconf 91' lang='lat' dir='ltr'>ad</span> <span class='ocrx_word' id='word_1_536' title='bbox 1509 3555 1541 3610; x_wconf 86' lang='lat' dir='ltr'>te</span> <span class='ocrx_word' id='word_1_537' title='bbox 1564 3544 1686 3628; x_wconf 83' lang='lat' dir='ltr'>(Exod</span> <span class='ocrx_word' id='word_1_538' title='bbox 1709 3551 1759 3625; x_wconf 84' lang='lat'>20,</span> <span class='ocrx_word' id='word_1_539' title='bbox 1778 3549 1845 3631; x_wconf 83' lang='lat'><strong><em>24).</em></strong></span> <span class='ocrx_word' id='word_1_540' title='bbox 1896 3545 2029 3628; x_wconf 82' lang='lat' dir='ltr'>Quaere</span> <span class='ocrx_word' id='word_1_541' title='bbox 2051 3546 2164 3630; x_wconf 84' lang='lat' dir='ltr'>igitur,</span> 
     </span>
     <span class='ocr_line' id='line_1_39' title="bbox 166 3630 2164 3718; baseline 0.002 -21"><span class='ocrx_word' id='word_1_542' title='bbox 166 3638 340 3714; x_wconf 83' lang='lat' dir='ltr'>tantopere</span> <span class='ocrx_word' id='word_1_543' title='bbox 366 3632 544 3699; x_wconf 89' lang='lat' dir='ltr'>detestatus</span> <span class='ocrx_word' id='word_1_544' title='bbox 571 3635 614 3699; x_wconf 92' lang='lat' dir='ltr'>sit</span> <span class='ocrx_word' id='word_1_545' title='bbox 647 3636 694 3718; x_wconf 92' lang='lat' dir='ltr'>ph</span> <span class='ocrx_word' id='word_1_546' title='bbox 717 3637 818 3703; x_wconf 88' lang='lat' dir='ltr'>sicam</span> <span class='ocrx_word' id='word_1_547' title='bbox 851 3636 936 3703; x_wconf 83' lang='lat' dir='ltr'>hane</span> <span class='ocrx_word' id='word_1_548' title='bbox 970 3637 1140 3717; x_wconf 91' lang='lat' dir='ltr'>rationem,</span> <span class='ocrx_word' id='word_1_549' title='bbox 1193 3653 1235 3699; x_wconf 87' lang='lat' dir='ltr'>an</span> <span class='ocrx_word' id='word_1_550' title='bbox 1256 3630 1322 3697; x_wconf 88' lang='lat' dir='ltr'>Dei</span> <span class='ocrx_word' id='word_1_551' title='bbox 1344 3630 1518 3697; x_wconf 72' lang='lat' dir='ltr'>meantium</span> <span class='ocrx_word' id='word_1_552' title='bbox 1541 3631 1656 3696; x_wconf 92' lang='lat' dir='ltr'>eodem</span> <span class='ocrx_word' id='word_1_553' title='bbox 1676 3632 1772 3697; x_wconf 90' lang='lat' dir='ltr'>modo</span> <span class='ocrx_word' id='word_1_554' title='bbox 1789 3641 1869 3699; x_wconf 92' lang='lat' dir='ltr'>tuno</span> <span class='ocrx_word' id='word_1_555' title='bbox 1887 3631 2052 3699; x_wconf 89' lang='lat' dir='ltr'>habitasse</span> <span class='ocrx_word' id='word_1_556' title='bbox 2069 3639 2164 3716; x_wconf 83' lang='lat' dir='ltr'>putet</span> 
     </span>
     <span class='ocr_line' id='line_1_40' title="bbox 169 3716 2164 3802; baseline 0.001 -19"><span class='ocrx_word' id='word_1_557' title='bbox 169 3739 258 3783; x_wconf 86' lang='lat' dir='ltr'>nunc</span> <span class='ocrx_word' id='word_1_558' title='bbox 279 3737 352 3783; x_wconf 89' lang='lat' dir='ltr'>eam</span> <span class='ocrx_word' id='word_1_559' title='bbox 370 3739 405 3784; x_wconf 89' lang='lat' dir='ltr'>se</span> <span class='ocrx_word' id='word_1_560' title='bbox 425 3718 578 3802; x_wconf 89' lang='lat' dir='ltr'>amplecti</span> <span class='ocrx_word' id='word_1_561' title='bbox 605 3720 667 3786; x_wconf 90' lang='lat' dir='ltr'>sim</span> <span class='ocrx_word' id='word_1_562' title='bbox 704 3731 762 3787; x_wconf 77' lang='lat' dir='ltr'>at·</span> <span class='ocrx_word' id='word_1_563' title='bbox 798 3721 837 3789; x_wconf 85' lang='lat' dir='ltr'>Si</span> <span class='ocrx_word' id='word_1_564' title='bbox 864 3745 906 3787; x_wconf 84' lang='lat' dir='ltr'>ex</span> <span class='ocrx_word' id='word_1_565' title='bbox 932 3743 985 3788; x_wconf 90' lang='lat' dir='ltr'>mo</span> <span class='ocrx_word' id='word_1_566' title='bbox 1013 3721 1141 3788; x_wconf 89' lang='lat' dir='ltr'>audiret</span> <span class='ocrx_word' id='word_1_567' title='bbox 1191 3717 1279 3782; x_wconf 85' lang='lat' dir='ltr'>iuter</span> <span class='ocrx_word' id='word_1_568' title='bbox 1296 3716 1486 3793; x_wconf 90' lang='lat' dir='ltr'>Cherubim,</span> <span class='ocrx_word' id='word_1_569' title='bbox 1508 3737 1571 3799; x_wconf 92' lang='lat' dir='ltr'>quo</span> <span class='ocrx_word' id='word_1_570' title='bbox 1593 3739 1681 3783; x_wconf 93' lang='lat' dir='ltr'>nune</span> <span class='ocrx_word' id='word_1_571' title='bbox 1703 3717 1830 3784; x_wconf 89' lang='lat' dir='ltr'>Christi</span> <span class='ocrx_word' id='word_1_572' title='bbox 1847 3738 1965 3801; x_wconf 89' lang='lat' dir='ltr'>eorpus</span> <span class='ocrx_word' id='word_1_573' title='bbox 1982 3717 2084 3783; x_wconf 90' lang='lat' dir='ltr'>latere</span> <span class='ocrx_word' id='word_1_574' title='bbox 2103 3717 2164 3784; x_wconf 90' lang='lat' dir='ltr'>snb</span> 
     </span>
     <span class='ocr_line' id='line_1_41' title="bbox 166 3801 2164 3891; baseline 0.002 -23"><span class='ocrx_word' id='word_1_575' title='bbox 166 3801 256 3886; x_wconf 79' lang='lat' dir='ltr'>qnod</span> <span class='ocrx_word' id='word_1_576' title='bbox 279 3813 410 3870; x_wconf 88' lang='lat' dir='ltr'>coactus</span> <span class='ocrx_word' id='word_1_577' title='bbox 444 3819 494 3870; x_wconf 90' lang='lat' dir='ltr'>est</span> <span class='ocrx_word' id='word_1_578' title='bbox 525 3826 567 3869; x_wconf 83' lang='lat' dir='ltr'>ex</span> <span class='ocrx_word' id='word_1_579' title='bbox 597 3805 785 3891; x_wconf 87' lang='lat' dir='ltr'>Augustino</span> <span class='ocrx_word' id='word_1_580' title='bbox 818 3809 956 3885; x_wconf 83' lang='lat' dir='ltr'>referre,</span> <span class='ocrx_word' id='word_1_581' title='bbox 984 3807 1141 3874; x_wconf 87' lang='lat' dir='ltr'>clamaret</span> <span class='ocrx_word' id='word_1_582' title='bbox 1192 3825 1276 3887; x_wconf 89' lang='lat' dir='ltr'>pane</span> <span class='ocrx_word' id='word_1_583' title='bbox 1297 3803 1505 3887; x_wconf 81' lang='lat' dir='ltr'>imaginatur.</span> <span class='ocrx_word' id='word_1_584' title='bbox 1556 3802 1682 3868; x_wconf 87' lang='lat' dir='ltr'>Eodem</span> <span class='ocrx_word' id='word_1_585' title='bbox 1709 3803 1889 3870; x_wconf 89' lang='lat' dir='ltr'>seeundum</span> <span class='ocrx_word' id='word_1_586' title='bbox 1915 3825 1992 3871; x_wconf 89' lang='lat' dir='ltr'>eum</span> <span class='ocrx_word' id='word_1_587' title='bbox 2016 3802 2164 3887; x_wconf 87' lang='lat' dir='ltr'>¹pertinet</span> 
     </span>
     <span class='ocr_line' id='line_1_42' title="bbox 161 3888 2164 3979; baseline 0.001 -25"><span class='ocrx_word' id='word_1_588' title='bbox 161 3889 313 3955; x_wconf 86' lang='lat' dir='ltr'>immane</span> <span class='ocrx_word' id='word_1_589' title='bbox 334 3911 406 3956; x_wconf 91' lang='lat' dir='ltr'>esse</span> <span class='ocrx_word' id='word_1_590' title='bbox 423 3889 641 3975; x_wconf 82' lang='lat' dir='ltr'>saerilegium.</span> <span class='ocrx_word' id='word_1_591' title='bbox 683 3893 781 3961; x_wconf 90' lang='lat' dir='ltr'>Nune</span> <span class='ocrx_word' id='word_1_592' title='bbox 798 3896 876 3978; x_wconf 88' lang='lat' dir='ltr'>quia</span> <span class='ocrx_word' id='word_1_593' title='bbox 892 3892 953 3960; x_wconf 87' lang='lat' dir='ltr'>sihi</span> <span class='ocrx_word' id='word_1_594' title='bbox 970 3895 1141 3979; x_wconf 89' lang='lat' dir='ltr'>proposuit</span> <span class='ocrx_word' id='word_1_595' title='bbox 1190 3891 1255 3957; x_wconf 86' lang='lat' dir='ltr'>ista</span> <span class='ocrx_word' id='word_1_596' title='bbox 1276 3889 1461 3972; x_wconf 88' lang='lat' dir='ltr'>promissio:</span> <span class='ocrx_word' id='word_1_597' title='bbox 1482 3889 1556 3973; x_wconf 78' lang='lat' dir='ltr'>Ege</span> <span class='ocrx_word' id='word_1_598' title='bbox 1578 3897 1613 3954; x_wconf 91' lang='lat' dir='ltr'>et</span> <span class='ocrx_word' id='word_1_599' title='bbox 1632 3898 1727 3971; x_wconf 86' lang='lat' dir='ltr'>pater</span> <span class='ocrx_word' id='word_1_600' title='bbox 1747 3888 1789 3957; x_wconf 89' lang='lat' dir='ltr'>ad</span> <span class='ocrx_word' id='word_1_601' title='bbox 1816 3911 1892 3955; x_wconf 89' lang='lat' dir='ltr'>eum</span> <span class='ocrx_word' id='word_1_602' title='bbox 1920 3889 2106 3969; x_wconf 83' lang='lat' dir='ltr'>veniemus,</span> <span class='ocrx_word' id='word_1_603' title='bbox 2129 3899 2164 3965; x_wconf 84' lang='lat' dir='ltr'>et</span> 
     </span>
     <span class='ocr_line' id='line_1_43' title="bbox 164 3973 2162 4063; baseline 0.001 -23"><span class='ocrx_word' id='word_1_604' title='bbox 164 3975 395 4059; x_wconf 84' lang='lat' dir='ltr'>Augustinum</span> <span class='ocrx_word' id='word_1_605' title='bbox 417 3997 546 4060; x_wconf 88' lang='lat' dir='ltr'>quoquo</span> <span class='ocrx_word' id='word_1_606' title='bbox 572 3977 668 4044; x_wconf 92' lang='lat' dir='ltr'>modo</span> <span class='ocrx_word' id='word_1_607' title='bbox 695 3979 730 4044; x_wconf 92' lang='lat' dir='ltr'>in</span> <span class='ocrx_word' id='word_1_608' title='bbox 757 3988 867 4063; x_wconf 85' lang='lat' dir='ltr'>partes</span> <span class='ocrx_word' id='word_1_609' title='bbox 896 4001 973 4046; x_wconf 90' lang='lat' dir='ltr'>suas</span> <span class='ocrx_word' id='word_1_610' title='bbox 999 3979 1141 4060; x_wconf 88' lang='lat' dir='ltr'>trahere,</span> <span class='ocrx_word' id='word_1_611' title='bbox 1192 3976 1396 4040; x_wconf 88' lang='lat' dir='ltr'>mansionem</span> <span class='ocrx_word' id='word_1_612' title='bbox 1424 3973 1511 4058; x_wconf 90' lang='lat' dir='ltr'>apud</span> <span class='ocrx_word' id='word_1_613' title='bbox 1544 3995 1621 4040; x_wconf 91' lang='lat' dir='ltr'>eum</span> <span class='ocrx_word' id='word_1_614' title='bbox 1650 3975 1806 4041; x_wconf 86' lang='lat' dir='ltr'>faciemus</span> <span class='ocrx_word' id='word_1_615' title='bbox 1842 3975 1970 4059; x_wconf 87' lang='lat' dir='ltr'>(Ioann.</span> <span class='ocrx_word' id='word_1_616' title='bbox 2013 3981 2061 4054; x_wconf 80' lang='lat'>14,</span> <span class='ocrx_word' id='word_1_617' title='bbox 2095 3980 2162 4053; x_wconf 82' lang='lat'><strong>23).</strong></span> 
     </span>
     <span class='ocr_line' id='line_1_44' title="bbox 166 4057 2234 4149; baseline 0.006 -23"><span class='ocrx_word' id='word_1_618' title='bbox 166 4059 264 4126; x_wconf 86' lang='lat' dir='ltr'>modo</span> <span class='ocrx_word' id='word_1_619' title='bbox 286 4083 307 4127; x_wconf 91' lang='lat' dir='ltr'>a</span> <span class='ocrx_word' id='word_1_620' title='bbox 328 4082 364 4127; x_wconf 92' lang='lat' dir='ltr'>se</span> <span class='ocrx_word' id='word_1_621' title='bbox 386 4059 514 4127; x_wconf 86' lang='lat' dir='ltr'>derivet</span> <span class='ocrx_word' id='word_1_622' title='bbox 535 4067 772 4148; x_wconf 86' lang='lat' dir='ltr'>repugnantiae</span> <span class='ocrx_word' id='word_1_623' title='bbox 794 4067 951 4149; x_wconf 88' lang='lat' dir='ltr'>speciem,</span> <span class='ocrx_word' id='word_1_624' title='bbox 972 4066 1009 4130; x_wconf 93' lang='lat' dir='ltr'>in</span> <span class='ocrx_word' id='word_1_625' title='bbox 1030 4065 1141 4134; x_wconf 91' lang='lat' dir='ltr'>omnia</span> <span class='ocrx_word' id='word_1_626' title='bbox 1191 4061 1275 4127; x_wconf 89' lang='lat' dir='ltr'>Ani</span> <span class='ocrx_word' id='word_1_627' title='bbox 1301 4060 1365 4126; x_wconf 87' lang='lat' dir='ltr'>&#39;tur</span> <span class='ocrx_word' id='word_1_628' title='bbox 1386 4069 1481 4143; x_wconf 88' lang='lat' dir='ltr'>putat</span> <span class='ocrx_word' id='word_1_629' title='bbox 1500 4057 1630 4126; x_wconf 81' lang='lat' dir='ltr'>deitatis</span> <span class='ocrx_word' id='word_1_630' title='bbox 1658 4061 1850 4140; x_wconf 72' lang='lat' dir='ltr'>assandam,</span> <span class='ocrx_word' id='word_1_631' title='bbox 1878 4063 1926 4127; x_wconf 92' lang='lat' dir='ltr'>ita</span> <span class='ocrx_word' id='word_1_632' title='bbox 1954 4059 1996 4125; x_wconf 87' lang='lat' dir='ltr'>ed</span> <span class='ocrx_word' id='word_1_633' title='bbox 2023 4081 2084 4130; x_wconf 89' lang='lat' dir='ltr'>nos</span> <span class='ocrx_word' id='word_1_634' title='bbox 2106 4059 2162 4127; x_wconf 78' lang='lat' dir='ltr'>de·</span> <span class='ocrx_word' id='word_1_635' title='bbox 2231 4131 2234 4138; x_wconf 90' lang='lat'><em>.</em></span> 
     </span>
     <span class='ocr_line' id='line_1_45' title="bbox 162 4145 2163 4235; baseline 0 -23"><span class='ocrx_word' id='word_1_636' title='bbox 162 4166 204 4212; x_wconf 81' lang='lat' dir='ltr'>ee</span> <span class='ocrx_word' id='word_1_637' title='bbox 226 4148 448 4214; x_wconf 84' lang='lat' dir='ltr'>transformat</span> <span class='ocrx_word' id='word_1_638' title='bbox 492 4146 559 4214; x_wconf 80' lang='lat' dir='ltr'>Sed</span> <span class='ocrx_word' id='word_1_639' title='bbox 581 4148 710 4216; x_wconf 91' lang='lat' dir='ltr'>omissis</span> <span class='ocrx_word' id='word_1_640' title='bbox 732 4151 923 4235; x_wconf 83' lang='lat' dir='ltr'>ambagibus</span> <span class='ocrx_word' id='word_1_641' title='bbox 950 4151 1050 4217; x_wconf 91' lang='lat' dir='ltr'>semel</span> <span class='ocrx_word' id='word_1_642' title='bbox 1072 4160 1140 4217; x_wconf 87' lang='lat' dir='ltr'>sta·</span> <span class='ocrx_word' id='word_1_643' title='bbox 1192 4167 1269 4214; x_wconf 88' lang='lat' dir='ltr'>seen</span> <span class='ocrx_word' id='word_1_644' title='bbox 1293 4168 1357 4225; x_wconf 90' lang='lat' dir='ltr'>ere,</span> <span class='ocrx_word' id='word_1_645' title='bbox 1386 4147 1483 4212; x_wconf 90' lang='lat' dir='ltr'>sicuti</span> <span class='ocrx_word' id='word_1_646' title='bbox 1512 4145 1553 4211; x_wconf 91' lang='lat' dir='ltr'>de</span> <span class='ocrx_word' id='word_1_647' title='bbox 1574 4167 1680 4212; x_wconf 81' lang='lat' dir='ltr'>carne·</span> <span class='ocrx_word' id='word_1_648' title='bbox 1694 4145 1820 4212; x_wconf 92' lang='lat' dir='ltr'>Christi</span> <span class='ocrx_word' id='word_1_649' title='bbox 1840 4147 1993 4226; x_wconf 84' lang='lat' dir='ltr'>aitirmat,</span> <span class='ocrx_word' id='word_1_650' title='bbox 2016 4169 2088 4215; x_wconf 90' lang='lat' dir='ltr'>eam</span> <span class='ocrx_word' id='word_1_651' title='bbox 2110 4149 2163 4212; x_wconf 92' lang='lat' dir='ltr'>in·</span> 
     </span>
     <span class='ocr_line' id='line_1_46' title="bbox 166 4230 2161 4321; baseline 0 -25"><span class='ocrx_word' id='word_1_652' title='bbox 166 4230 329 4298; x_wconf 86' lang='lat' dir='ltr'>tuendum</span> <span class='ocrx_word' id='word_1_653' title='bbox 351 4246 402 4299; x_wconf 90' lang='lat' dir='ltr'>est</span> <span class='ocrx_word' id='word_1_654' title='bbox 422 4232 601 4301; x_wconf 87' lang='lat' dir='ltr'>tollaturne</span> <span class='ocrx_word' id='word_1_655' title='bbox 623 4256 703 4302; x_wconf 83' lang='lat' dir='ltr'>vera</span> <span class='ocrx_word' id='word_1_656' title='bbox 723 4237 830 4302; x_wconf 87' lang='lat' dir='ltr'>carnis</span> <span class='ocrx_word' id='word_1_657' title='bbox 851 4246 981 4314; x_wconf 88' lang='lat' dir='ltr'>natura,</span> <span class='ocrx_word' id='word_1_658' title='bbox 1010 4238 1039 4303; x_wconf 90' lang='lat' dir='ltr'>si</span> <span class='ocrx_word' id='word_1_659' title='bbox 1064 4237 1139 4321; x_wconf 92' lang='lat' dir='ltr'>plu·</span> <span class='ocrx_word' id='word_1_660' title='bbox 1192 4243 1281 4299; x_wconf 88' lang='lat' dir='ltr'>trare</span> <span class='ocrx_word' id='word_1_661' title='bbox 1313 4231 1372 4298; x_wconf 90' lang='lat' dir='ltr'>snb</span> <span class='ocrx_word' id='word_1_662' title='bbox 1404 4252 1524 4315; x_wconf 88' lang='lat' dir='ltr'>panem</span> <span class='ocrx_word' id='word_1_663' title='bbox 1556 4241 1796 4310; x_wconf 88' lang='lat' dir='ltr'>consecratum,</span> <span class='ocrx_word' id='word_1_664' title='bbox 1829 4242 1865 4298; x_wconf 91' lang='lat' dir='ltr'>nt</span> <span class='ocrx_word' id='word_1_665' title='bbox 1903 4232 1970 4300; x_wconf 89' lang='lat' dir='ltr'>illio</span> <span class='ocrx_word' id='word_1_666' title='bbox 2008 4232 2161 4299; x_wconf 82' lang='lat' dir='ltr'>veretur?</span> 
     </span>
     <span class='ocr_line' id='line_1_47' title="bbox 158 4316 2163 4403; baseline 0 -19"><span class='ocrx_word' id='word_1_667' title='bbox 158 4316 396 4386; x_wconf 65' lang='lat' dir='ltr'>ribusinlocis</span> <span class='ocrx_word' id='word_1_668' title='bbox 418 4319 600 4387; x_wconf 82' lang='lat' dir='ltr'>simulasse</span> <span class='ocrx_word' id='word_1_669' title='bbox 622 4321 783 4400; x_wconf 88' lang='lat' dir='ltr'>credatur,</span> <span class='ocrx_word' id='word_1_670' title='bbox 801 4322 868 4386; x_wconf 94' lang='lat' dir='ltr'>imo</span> <span class='ocrx_word' id='word_1_671' title='bbox 879 4320 1008 4387; x_wconf 91' lang='lat' dir='ltr'>nullum</span> <span class='ocrx_word' id='word_1_672' title='bbox 1029 4323 1138 4389; x_wconf 90' lang='lat' dir='ltr'>lecum</span> <span class='ocrx_word' id='word_1_673' title='bbox 1192 4318 1364 4402; x_wconf 78' lang='lat' dir='ltr'>Quomodo</span> <span class='ocrx_word' id='word_1_674' title='bbox 1385 4326 1453 4382; x_wconf 83' lang='lat' dir='ltr'>tam</span> <span class='ocrx_word' id='word_1_675' title='bbox 1483 4318 1548 4384; x_wconf 89' lang='lat' dir='ltr'>cito</span> <span class='ocrx_word' id='word_1_676' title='bbox 1575 4317 1698 4383; x_wconf 84' lang='lat' dir='ltr'>excidit</span> <span class='ocrx_word' id='word_1_677' title='bbox 1722 4317 1807 4401; x_wconf 91' lang='lat' dir='ltr'>quod</span> <span class='ocrx_word' id='word_1_678' title='bbox 1825 4319 1945 4385; x_wconf 88' lang='lat' dir='ltr'>eadem</span> <span class='ocrx_word' id='word_1_679' title='bbox 1974 4320 2094 4403; x_wconf 82' lang='lat' dir='ltr'>pagina</span> <span class='ocrx_word' id='word_1_680' title='bbox 2119 4340 2163 4384; x_wconf 83' lang='lat' dir='ltr'>ex</span> 
     </span>
     <span class='ocr_line' id='line_1_48' title="bbox 156 4401 2162 4492; baseline -0.001 -22"><span class='ocrx_word' id='word_1_681' title='bbox 156 4424 335 4487; x_wconf 68' lang='lat' dir='ltr'>occupare.</span> <span class='ocrx_word' id='word_1_682' title='bbox 385 4403 509 4472; x_wconf 83' lang='lat' dir='ltr'>Securo</span> <span class='ocrx_word' id='word_1_683' title='bbox 535 4416 637 4491; x_wconf 86' lang='lat' dir='ltr'>negat</span> <span class='ocrx_word' id='word_1_684' title='bbox 664 4407 899 4491; x_wconf 83' lang='lat' dir='ltr'>Westphalus-</span> <span class='ocrx_word' id='word_1_685' title='bbox 947 4406 1037 4490; x_wconf 79' lang='lat' dir='ltr'>Quid</span> <span class='ocrx_word' id='word_1_686' title='bbox 1062 4430 1138 4492; x_wconf 90' lang='lat' dir='ltr'>pre-</span> <span class='ocrx_word' id='word_1_687' title='bbox 1191 4406 1378 4490; x_wconf 87' lang='lat' dir='ltr'>Augustino</span> <span class='ocrx_word' id='word_1_688' title='bbox 1399 4402 1565 4482; x_wconf 90' lang='lat' dir='ltr'>retulerat,</span> <span class='ocrx_word' id='word_1_689' title='bbox 1578 4401 1688 4469; x_wconf 90' lang='lat' dir='ltr'>Deum</span> <span class='ocrx_word' id='word_1_690' title='bbox 1705 4404 1825 4487; x_wconf 90' lang='lat' dir='ltr'>ubique</span> <span class='ocrx_word' id='word_1_691' title='bbox 1836 4425 1906 4472; x_wconf 92' lang='lat' dir='ltr'>esse</span> <span class='ocrx_word' id='word_1_692' title='bbox 1926 4426 1984 4488; x_wconf 92' lang='lat' dir='ltr'>per</span> <span class='ocrx_word' id='word_1_693' title='bbox 2001 4402 2162 4470; x_wconf 88' lang='lat' dir='ltr'>essentiae</span> 
     </span>
     <span class='ocr_line' id='line_1_49' title="bbox 152 4489 2160 4576; baseline 0 -22"><span class='ocrx_word' id='word_1_694' title='bbox 152 4490 304 4556; x_wconf 68' lang='lat' dir='ltr'>:nunciet</span> <span class='ocrx_word' id='word_1_695' title='bbox 324 4489 543 4575; x_wconf 88' lang='lat' dir='ltr'>Augustinus,</span> <span class='ocrx_word' id='word_1_696' title='bbox 566 4512 640 4560; x_wconf 89' lang='lat' dir='ltr'>curn</span> <span class='ocrx_word' id='word_1_697' title='bbox 662 4493 821 4560; x_wconf 86' lang='lat' dir='ltr'>lectorum</span> <span class='ocrx_word' id='word_1_698' title='bbox 841 4491 971 4560; x_wconf 80' lang='lat' dir='ltr'>fastidio</span> <span class='ocrx_word' id='word_1_699' title='bbox 990 4503 1139 4576; x_wconf 88' lang='lat' dir='ltr'>repetere</span> <span class='ocrx_word' id='word_1_700' title='bbox 1190 4513 1269 4559; x_wconf 85' lang='lat' dir='ltr'>suae</span> <span class='ocrx_word' id='word_1_701' title='bbox 1291 4489 1520 4574; x_wconf 87' lang='lat' dir='ltr'>praesentiam,</span> <span class='ocrx_word' id='word_1_702' title='bbox 1543 4510 1609 4555; x_wconf 90' lang='lat' dir='ltr'>non</span> <span class='ocrx_word' id='word_1_703' title='bbox 1631 4489 1751 4573; x_wconf 87' lang='lat' dir='ltr'>ubique</span> <span class='ocrx_word' id='word_1_704' title='bbox 1772 4512 1831 4574; x_wconf 90' lang='lat' dir='ltr'>per</span> <span class='ocrx_word' id='word_1_705' title='bbox 1852 4489 2160 4574; x_wconf 86' lang='lat' dir='ltr'>habitationisgra·</span> 
     </span>
     <span class='ocr_line' id='line_1_50' title="bbox 156 4574 2161 4664; baseline -0.001 -24"><span class='ocrx_word' id='word_1_706' title='bbox 156 4575 251 4641; x_wconf 70' lang='lat' dir='ltr'>nihil</span> <span class='ocrx_word' id='word_1_707' title='bbox 279 4576 406 4647; x_wconf 84' lang='lat' dir='ltr'>attinet</span> <span class='ocrx_word' id='word_1_708' title='bbox 460 4576 556 4645; x_wconf 89' lang='lat' dir='ltr'>Adde</span> <span class='ocrx_word' id='word_1_709' title='bbox 588 4579 674 4662; x_wconf 90' lang='lat' dir='ltr'>quod</span> <span class='ocrx_word' id='word_1_710' title='bbox 706 4602 784 4645; x_wconf 85' lang='lat' dir='ltr'>mox</span> <span class='ocrx_word' id='word_1_711' title='bbox 817 4578 1007 4662; x_wconf 89' lang='lat' dir='ltr'>arreptitius</span> <span class='ocrx_word' id='word_1_712' title='bbox 1022 4583 1048 4664; x_wconf 92' lang='lat'>¹)</span> <span class='ocrx_word' id='word_1_713' title='bbox 1085 4579 1139 4647; x_wconf 88' lang='lat' dir='ltr'>hie</span> <span class='ocrx_word' id='word_1_714' title='bbox 1192 4576 1291 4644; x_wconf 84' lang='lat' dir='ltr'>tiam?</span> <span class='ocrx_word' id='word_1_715' title='bbox 1314 4576 1371 4642; x_wconf 92' lang='lat' dir='ltr'>nbi</span> <span class='ocrx_word' id='word_1_716' title='bbox 1392 4583 1526 4641; x_wconf 88' lang='lat' dir='ltr'>sanctus</span> <span class='ocrx_word' id='word_1_717' title='bbox 1547 4576 1600 4645; x_wconf 75' lang='lat' dir='ltr'>vir</span> <span class='ocrx_word' id='word_1_718' title='bbox 1622 4574 1751 4654; x_wconf 85' lang='lat' dir='ltr'>diserte,</span> <span class='ocrx_word' id='word_1_719' title='bbox 1770 4586 1928 4659; x_wconf 89' lang='lat' dir='ltr'>quantum</span> <span class='ocrx_word' id='word_1_720' title='bbox 1947 4574 1989 4641; x_wconf 93' lang='lat' dir='ltr'>ad</span> <span class='ocrx_word' id='word_1_721' title='bbox 2007 4595 2161 4658; x_wconf 91' lang='lat' dir='ltr'>praesen·</span> 
     </span>
     <span class='ocr_line' id='line_1_51' title="bbox 156 4656 2160 4748; baseline -0 -23"><span class='ocrx_word' id='word_1_722' title='bbox 156 4656 265 4728; x_wconf 84' lang='lat' dir='ltr'>lromo</span> <span class='ocrx_word' id='word_1_723' title='bbox 286 4661 413 4746; x_wconf 84' lang='lat' dir='ltr'>stylum</span> <span class='ocrx_word' id='word_1_724' title='bbox 435 4672 642 4732; x_wconf 89' lang='lat' dir='ltr'>commutans</span> <span class='ocrx_word' id='word_1_725' title='bbox 663 4674 799 4733; x_wconf 83' lang='lat' dir='ltr'>excusat</span> <span class='ocrx_word' id='word_1_726' title='bbox 819 4685 887 4730; x_wconf 91' lang='lat' dir='ltr'>non</span> <span class='ocrx_word' id='word_1_727' title='bbox 905 4685 1039 4748; x_wconf 91' lang='lat' dir='ltr'>prorsus</span> <span class='ocrx_word' id='word_1_728' title='bbox 1058 4665 1138 4743; x_wconf 89' lang='lat' dir='ltr'>tolli,</span> <span class='ocrx_word' id='word_1_729' title='bbox 1190 4663 1257 4730; x_wconf 87' lang='lat' dir='ltr'>tiae</span> <span class='ocrx_word' id='word_1_730' title='bbox 1277 4663 1437 4729; x_wconf 89' lang='lat' dir='ltr'>rationem</span> <span class='ocrx_word' id='word_1_731' title='bbox 1462 4669 1596 4744; x_wconf 89' lang='lat' dir='ltr'>spectat,</span> <span class='ocrx_word' id='word_1_732' title='bbox 1625 4663 1801 4737; x_wconf 82' lang='lat' dir='ltr'>essentiam</span> <span class='ocrx_word' id='word_1_733' title='bbox 1826 4661 2010 4730; x_wconf 82' lang='lat' dir='ltr'>divinitatis</span> <span class='ocrx_word' id='word_1_734' title='bbox 2037 4659 2160 4745; x_wconf 84' lang='lat' dir='ltr'>gratiae</span> 
     </span>
     <span class='ocr_line' id='line_1_52' title="bbox 153 4739 2160 4833; baseline -0 -21"><span class='ocrx_word' id='word_1_735' title='bbox 153 4739 229 4815; x_wconf 72' lang='lat' dir='ltr'>hoe</span> <span class='ocrx_word' id='word_1_736' title='bbox 262 4755 326 4826; x_wconf 88' lang='lat' dir='ltr'>est,</span> <span class='ocrx_word' id='word_1_737' title='bbox 353 4748 475 4815; x_wconf 87' lang='lat' dir='ltr'>aboleri</span> <span class='ocrx_word' id='word_1_738' title='bbox 501 4750 682 4817; x_wconf 89' lang='lat' dir='ltr'>humanam</span> <span class='ocrx_word' id='word_1_739' title='bbox 711 4750 837 4818; x_wconf 88' lang='lat' dir='ltr'>Christi</span> <span class='ocrx_word' id='word_1_740' title='bbox 865 4759 1036 4830; x_wconf 87' lang='lat' dir='ltr'>naturam,</span> <span class='ocrx_word' id='word_1_741' title='bbox 1059 4750 1138 4817; x_wconf 92' lang='lat' dir='ltr'>dum</span> <span class='ocrx_word' id='word_1_742' title='bbox 1191 4749 1334 4833; x_wconf 87' lang='lat' dir='ltr'>opponit</span> <span class='ocrx_word' id='word_1_743' title='bbox 1389 4744 1531 4828; x_wconf 79' lang='lat' dir='ltr'>Quande</span> <span class='ocrx_word' id='word_1_744' title='bbox 1564 4746 1592 4812; x_wconf 90' lang='lat' dir='ltr'>si</span> <span class='ocrx_word' id='word_1_745' title='bbox 1618 4746 1654 4812; x_wconf 91' lang='lat' dir='ltr'>in</span> <span class='ocrx_word' id='word_1_746' title='bbox 1687 4749 1791 4832; x_wconf 88' lang='lat' dir='ltr'>patris</span> <span class='ocrx_word' id='word_1_747' title='bbox 1816 4747 1996 4815; x_wconf 89' lang='lat' dir='ltr'>essentiam</span> <span class='ocrx_word' id='word_1_748' title='bbox 2023 4745 2160 4811; x_wconf 88' lang='lat' dir='ltr'>nrinime</span> 
     </span>
     <span class='ocr_line' id='line_1_53' title="bbox 155 4829 2160 4921; baseline -0 -24"><span class='ocrx_word' id='word_1_749' title='bbox 155 4838 274 4900; x_wconf 77' lang='lat' dir='ltr'>tetum</span> <span class='ocrx_word' id='word_1_750' title='bbox 308 4834 468 4901; x_wconf 90' lang='lat' dir='ltr'>mundum</span> <span class='ocrx_word' id='word_1_751' title='bbox 497 4846 636 4921; x_wconf 87' lang='lat' dir='ltr'>occupat</span> <span class='ocrx_word' id='word_1_752' title='bbox 669 4836 739 4904; x_wconf 88' lang='lat' dir='ltr'>eius</span> <span class='ocrx_word' id='word_1_753' title='bbox 774 4857 864 4904; x_wconf 88' lang='lat' dir='ltr'>earo:</span> <span class='ocrx_word' id='word_1_754' title='bbox 902 4837 979 4921; x_wconf 90' lang='lat' dir='ltr'>quia</span> <span class='ocrx_word' id='word_1_755' title='bbox 1007 4836 1139 4921; x_wconf 84' lang='lat' dir='ltr'>integra</span> <span class='ocrx_word' id='word_1_756' title='bbox 1191 4833 1347 4918; x_wconf 90' lang='lat' dir='ltr'>competit</span> <span class='ocrx_word' id='word_1_757' title='bbox 1366 4831 1526 4898; x_wconf 88' lang='lat' dir='ltr'>adventus</span> <span class='ocrx_word' id='word_1_758' title='bbox 1547 4833 1677 4917; x_wconf 89' lang='lat' dir='ltr'>qualem</span> <span class='ocrx_word' id='word_1_759' title='bbox 1697 4835 1792 4901; x_wconf 76' lang='lat' dir='ltr'>carru</span> <span class='ocrx_word' id='word_1_760' title='bbox 1808 4833 1935 4907; x_wconf 86' lang='lat' dir='ltr'>Christi</span> <span class='ocrx_word' id='word_1_761' title='bbox 1944 4829 2160 4915; x_wconf 87' lang='lat' dir='ltr'>Westphalua</span> 
     </span>
    </p>
   </div>
   <div class='ocr_carea' id='block_1_5' title="bbox 156 4916 2160 5266">
    <p class='ocr_par' dir='ltr' id='par_1_5' title="bbox 156 4916 2160 5266">
     <span class='ocr_line' id='line_1_54' title="bbox 156 4916 2160 5007; baseline 0 -25"><span class='ocrx_word' id='word_1_762' title='bbox 156 4918 338 4985; x_wconf 68' lang='lat' dir='ltr'>stillasse</span> <span class='ocrx_word' id='word_1_763' title='bbox 358 4921 393 4986; x_wconf 90' lang='lat' dir='ltr'>in</span> <span class='ocrx_word' id='word_1_764' title='bbox 415 4921 505 4989; x_wconf 88' lang='lat' dir='ltr'>coelo</span> <span class='ocrx_word' id='word_1_765' title='bbox 527 4932 648 4990; x_wconf 89' lang='lat' dir='ltr'>manet</span> <span class='ocrx_word' id='word_1_766' title='bbox 692 4923 820 5007; x_wconf 89' lang='lat' dir='ltr'>Nempe</span> <span class='ocrx_word' id='word_1_767' title='bbox 841 4923 938 4990; x_wconf 86' lang='lat' dir='ltr'>sicuti</span> <span class='ocrx_word' id='word_1_768' title='bbox 962 4921 1041 4988; x_wconf 90' lang='lat' dir='ltr'>dnm</span> <span class='ocrx_word' id='word_1_769' title='bbox 1062 4943 1140 5006; x_wconf 92' lang='lat' dir='ltr'>pro-</span> <span class='ocrx_word' id='word_1_770' title='bbox 1191 4921 1341 4998; x_wconf 87' lang='lat' dir='ltr'>inculcat,</span> <span class='ocrx_word' id='word_1_771' title='bbox 1353 4919 1477 4986; x_wconf 91' lang='lat' dir='ltr'>nodum</span> <span class='ocrx_word' id='word_1_772' title='bbox 1491 4919 1884 5004; x_wconf 82' lang='lat' dir='ltr'>quoseobligavitsolvat</span> <span class='ocrx_word' id='word_1_773' title='bbox 1892 4920 1971 5002; x_wconf 88' lang='lat' dir='ltr'>ipso.</span> <span class='ocrx_word' id='word_1_774' title='bbox 1983 4916 2160 4985; x_wconf 85' lang='lat' dir='ltr'>Caeterum</span> 
     </span>
     <span class='ocr_line' id='line_1_55' title="bbox 940 5002 2160 5088; baseline -0.005 -14"><span class='ocrx_word' id='word_1_775' title='bbox 940 5022 942 5025; x_wconf 84' lang='grc'><strong><em>·</em></strong></span> <span class='ocrx_word' id='word_1_776' title='bbox 1190 5007 1289 5073; x_wconf 89' lang='lat' dir='ltr'>toties</span> <span class='ocrx_word' id='word_1_777' title='bbox 1309 5005 1408 5088; x_wconf 90' lang='lat' dir='ltr'>paulo</span> <span class='ocrx_word' id='word_1_778' title='bbox 1435 5012 1510 5086; x_wconf 75' lang='lat' dir='ltr'>[par.</span> <span class='ocrx_word' id='word_1_779' title='bbox 1533 5011 1589 5087; x_wconf 87' lang='lat' dir='ltr'>aa]</span> <span class='ocrx_word' id='word_1_780' title='bbox 1615 5016 1693 5073; x_wconf 90' lang='lat' dir='ltr'>ante</span> <span class='ocrx_word' id='word_1_781' title='bbox 1714 5014 1854 5071; x_wconf 87' lang='lat' dir='ltr'>testatus</span> <span class='ocrx_word' id='word_1_782' title='bbox 1884 5025 1920 5070; x_wconf 91' lang='lat' dir='ltr'>se</span> <span class='ocrx_word' id='word_1_783' title='bbox 1945 5023 2021 5071; x_wconf 91' lang='lat' dir='ltr'>oum</span> <span class='ocrx_word' id='word_1_784' title='bbox 2046 5002 2160 5088; x_wconf 84' lang='lat' dir='ltr'>Auga-</span> 
     </span>
     <span class='ocr_line' id='line_1_56' title="bbox 1192 5088 2160 5169; baseline -0.004 -8"><span class='ocrx_word' id='word_1_785' title='bbox 1192 5092 1278 5161; x_wconf 91' lang='lat' dir='ltr'>stino</span> <span class='ocrx_word' id='word_1_786' title='bbox 1298 5092 1403 5169; x_wconf 83' lang='lat' dir='ltr'>fateri,</span> <span class='ocrx_word' id='word_1_787' title='bbox 1426 5092 1597 5158; x_wconf 89' lang='lat' dir='ltr'>Christum</span> <span class='ocrx_word' id='word_1_788' title='bbox 1619 5091 1798 5159; x_wconf 89' lang='lat' dir='ltr'>secundum</span> <span class='ocrx_word' id='word_1_789' title='bbox 1824 5091 1933 5156; x_wconf 89' lang='lat' dir='ltr'>carnis</span> <span class='ocrx_word' id='word_1_790' title='bbox 1959 5088 2092 5154; x_wconf 91' lang='lat' dir='ltr'>modum</span> <span class='ocrx_word' id='word_1_791' title='bbox 2124 5091 2160 5157; x_wconf 91' lang='lat' dir='ltr'>in</span> 
     </span>
     <span class='ocr_line' id='line_1_57' title="bbox 235 5173 2160 5266; baseline -0.004 -15"><span class='ocrx_word' id='word_1_792' title='bbox 235 5197 264 5263; x_wconf 88' lang='lat'>1)</span> <span class='ocrx_word' id='word_1_793' title='bbox 281 5210 316 5254; x_wconf 84' lang='lat' dir='ltr'>es</span> <span class='ocrx_word' id='word_1_794' title='bbox 332 5212 418 5265; x_wconf 77' lang='lat' dir='ltr'>pem</span> <span class='ocrx_word' id='word_1_795' title='bbox 434 5195 542 5253; x_wconf 83' lang='lat' dir='ltr'>henne</span> <span class='ocrx_word' id='word_1_796' title='bbox 558 5198 723 5266; x_wconf 74' lang='lat' dir='ltr'>amsperts</span> <span class='ocrx_word' id='word_1_797' title='bbox 1191 5179 1280 5246; x_wconf 90' lang='lat' dir='ltr'>coelo</span> <span class='ocrx_word' id='word_1_798' title='bbox 1301 5198 1387 5245; x_wconf 90' lang='lat' dir='ltr'>esse:</span> <span class='ocrx_word' id='word_1_799' title='bbox 1409 5177 1540 5244; x_wconf 89' lang='lat' dir='ltr'>demum</span> <span class='ocrx_word' id='word_1_800' title='bbox 1568 5179 1661 5263; x_wconf 92' lang='lat' dir='ltr'>qnasi</span> <span class='ocrx_word' id='word_1_801' title='bbox 1687 5177 1739 5245; x_wconf 90' lang='lat' dir='ltr'>sui</span> <span class='ocrx_word' id='word_1_802' title='bbox 1766 5175 1888 5242; x_wconf 91' lang='lat' dir='ltr'>oblitus</span> <span class='ocrx_word' id='word_1_803' title='bbox 1913 5181 2050 5242; x_wconf 88' lang='lat' dir='ltr'>naturas</span> <span class='ocrx_word' id='word_1_804' title='bbox 2077 5173 2160 5243; x_wconf 89' lang='lat' dir='ltr'>duas</span> 
     </span>
    </p>
   </div>
   <div class='ocr_carea' id='block_1_6' title="bbox 154 5087 371 5111">
    <p class='ocr_par' dir='ltr' id='par_1_6' title="bbox 154 5087 371 5111">
     <span class='ocr_line' id='line_1_58' title="bbox 154 5087 371 5111; baseline 0 -6"><span class='ocrx_word' id='word_1_805' title='bbox 154 5087 371 5111; x_wconf 59' lang='lat' dir='ltr'>—n—</span> 
     </span>
    </p>
   </div>
   <div class='ocr_carea' id='block_1_7' title="bbox 0 0 2392 5844">
    <p class='ocr_par' dir='ltr' id='par_1_7' title="bbox 0 0 2392 5844">
     <span class='ocr_line' id='line_1_59' title="bbox 0 0 2392 5844; baseline 0 3"><span class='ocrx_word' id='word_1_806' title='bbox 0 0 2392 5844; x_wconf 95' lang='lat' dir='ltr'> </span> 
     </span>
    </p>
   </div>
  </div>
 </body>
</html>
