4748 5798
203 216 267 283 ool
926 207 1469 281 EXPOSITIOOEMPIETATIS
2136 211 2197 276 3⁷2

204 402 303 487 paulo
324 408 398 486 post
418 401 563 469 subiicit:
583 401 758 467 Rationem
783 397 993 478 reddidimus,
1015 418 1080 481 qua
1107 416 1175 462 non
1226 405 1345 478 essent,
1368 417 1475 481 neque
1496 397 1577 464 haec
1597 416 1675 465 vere
1701 397 1866 481 expiatrix
1892 398 1999 466 hostia
2026 397 2197 478 diceretur,

206 487 271 554 duo
300 487 450 555 dicautur
478 487 533 566 dii,
561 487 618 552 sed
642 506 707 569 022
738 495 832 569 pater
859 492 892 550 et
919 484 1007 551 filius
1034 482 1113 549 duo:
1142 493 1176 548 et
1226 504 1332 566 neque
1352 483 1409 548 ille
1429 490 1585 567 purgaret
1606 504 1668 549 nos
1695 505 1715 548 a
1740 485 1896 568 peccatis:
1925 482 2199 567 quemadmodum

205 573 267 640 hoc
289 594 355 639 non
377 594 419 638 ex
429 573 633 656 separatione
650 570 860 650 substantiae,
884 570 940 637 sed
952 569 1173 652 dispositione.
1226 569 1325 635 etiam
1346 589 1407 634 neo
1427 569 1525 634 homo
1542 569 1636 635 Iesus
1646 577 1839 652 potestatem
1857 569 1994 636 haberet
2009 569 2199 635 remittendi

205 657 363 725 Irascitur
390 658 589 723 Valentinus
618 656 715 722 simul
743 678 781 722 ac
813 655 907 721 audit
932 656 1076 739 aliquam
1104 675 1174 720 osse
1226 663 1368 736 peccata,
1391 654 1456 720 nisi
1476 653 1671 720 homo-deus
1693 663 1786 720 esset.
1831 654 1928 720 Certe
1946 676 2118 738 nunquam
2135 655 2199 720 nisi

206 744 274 809 filio
297 745 480 819 essentiam,
502 744 644 808 maxime
665 762 742 808 vero
764 764 866 807 unam
884 749 917 807 et
939 741 1076 806 eandem
1099 760 1175 805 cum
1227 761 1269 804 ex
1291 741 1490 824 vertiginoso
1511 740 1629 823 spiritu
1640 739 1809 823 prodirent
1826 740 2008 806 sententiae
2019 738 2100 806 adso
2111 741 2198 807 inter

205 836 307 913 patre.
352 828 573 894 Tertullianus
595 849 676 894 vero
698 848 764 894 non
785 827 862 893 alibi
885 848 983 910 qnam
1004 828 1039 892 in
1067 826 1174 909 dispo-
1226 846 1261 890 se
1282 833 1473 911 pugnantes.
1518 826 1697 910 Postquam
1718 827 1806 890 enim
1828 826 1909 892 duas
1929 827 1966 891 in
1983 826 2117 893 Christe
2139 848 2197 892 na-

207 915 325 981 sitione
337 933 493 997 personae
506 913 679 980 discrimen
693 912 818 990 statuit,
840 912 979 978 022122
991 911 1175 978 substantia
1227 918 1317 978 tnras
1339 913 1482 995 agnovit,
1501 911 1638 977 unitatis
1661 921 1834 996 praetextu
1855 912 1941 996 quod
1964 912 2105 996 singulis
2122 933 2198 996 pro·

209 999 314 1066 filium
343 1021 416 1065 cum
445 1008 538 1083 patre
570 1001 751 1065 nominans.
790 997 917 1064 Eodem
944 998 1028 1064 libro
1058 996 1174 1062 relatio
1226 998 1333 1079 prium
1344 1004 1394 1063 est
1404 998 1579 1080 permiscet
1600 1019 1637 1063 ac
1659 997 1840 1064 confundit:
1863 1005 1903 1063 ut
1922 998 1993 1064 sine
2013 997 2199 1084 ullafigurs

206 1106 303 1168 quam
325 1086 501 1151 asserimus
532 1085 619 1150 clare
649 1084 769 1150 tradita
796 1091 854 1162 est,
883 1084 962 1149 dnm
988 1083 1036 1149 ita
1062 1082 1175 1149 scribit
1226 1081 1319 1147 Deus
1340 1084 1384 1147 eit
1411 1084 1568 1163 mortalis,
1594 1091 1629 1149 et
1657 1083 1753 1149 homo
1778 1104 1839 1167 per
1867 1105 1902 1149 se
1931 1084 1974 1148 sit
1999 1084 2078 1151 vita.
2123 1083 2197 1149 Non

205 1171 444 1236 Tertullianus:
478 1169 559 1236 Sine
579 1171 648 1235 filio
669 1172 866 1249 nominatur,
888 1190 989 1252 quum
1012 1169 1175 1252 principa·
1225 1168 1375 1233 insistam
1395 1171 1574 1252 scripturae
1585 1169 1779 1236 testimoniis
1801 1169 1843 1234 ad
1860 1168 2115 1254 oppugnandum
2136 1168 2198 1236 hoc

204 1256 280 1323 liter
302 1255 546 1334 determinatur,
570 1268 606 1320 ut
626 1257 889 1340 primapersona,
912 1274 997 1337 quae
1018 1265 1093 1320 ante
1114 1253 1174 1320 filii
1225 1261 1463 1320 commentum:
1484 1275 1639 1337 quaeram
1661 1254 1822 1320 duntaxat
1842 1256 1898 1338 qui
1911 1276 1985 1320 enm
1996 1275 2064 1320 non
2075 1254 2198 1339 pudeat

204 1363 323 1407 nomen
343 1356 413 1407 erat
434 1343 674 1425 praeponenda:
697 1342 773 1425 quia
794 1352 888 1425 pater
908 1348 986 1405 ante
1007 1339 1173 1425 cognosci-
1224 1340 1260 1403 in
1271 1339 1511 1405 Tertullianum
1532 1340 1765 1406 contumeliose
1785 1341 1965 1424 insurgere,
1983 1342 2075 1407 cuius
2097 1341 2199 1407 verba

204 1435 259 1493 tur
280 1439 313 1493 01
333 1436 408 1510 post
429 1435 556 1510 patrem
576 1428 665 1492 filius
676 1427 873 1492 nominatur.
920 1431 993 1505 [pag.
1015 1432 1067 1505 19]
1090 1425 1172 1491 Cae-
1225 1433 1316 1490 sunt:
1345 1423 1459 1506 Quum
1485 1425 1570 1492 duae
1598 1437 1738 1492 naturae
1768 1435 1964 1493 censeantur
1989 1427 2025 1491 in
2053 1426 2197 1505 Christo,

203 1521 314 1578 terum
345 1512 429 1578 alius
462 1535 529 1578 non
560 1522 609 1578 est
641 1514 729 1578 filius
764 1533 784 1576 a
820 1519 922 1596 patre.
967 1513 1021 1576 Ex
1047 1510 1173 1576 Christi
1225 1510 1338 1577 divina
1359 1518 1393 1575 et
1414 1510 1569 1592 humana,
1597 1519 1723 1579 constet
1744 1521 1856 1577 autem
1882 1511 2102 1578 immortalem
2128 1534 2199 1579 esse

205 1598 306 1665 dicto:
329 1600 402 1682 Ego
425 1606 459 1663 et
479 1608 571 1682 pater
593 1620 696 1663 unum
718 1619 842 1676 sumus,
865 1604 960 1682 putat
977 1596 1174 1662 Valentinus
1225 1595 1380 1675 divinam,
1404 1597 1574 1663 mortalem
1596 1619 1679 1682 quae
1700 1597 1846 1663 humana
1868 1599 1927 1663 sit:
1956 1605 2093 1682 apparet
2118 1619 2198 1680 qna·

203 1705 298 1768 posse
318 1684 391 1749 elici
412 1706 479 1749 non
500 1682 639 1750 eundem
660 1705 732 1751 esse
754 1690 932 1766 cumpatre
943 1681 1060 1748 Deum.
1084 1680 1175 1763 Quid
1225 1690 1323 1747 tenus
1344 1703 1420 1747 eum
1441 1691 1610 1748 mortuum
1633 1682 1720 1748 dicat
1741 1683 1875 1762 Paulus,
1898 1683 2013 1762 idest,
2037 1704 2102 1768 qna
2127 1703 2197 1749 car-

204 1781 314 1835 entem
336 1769 579 1835 Tertullianus?
623 1769 676 1834 Ad
698 1768 908 1849 substantiae,
930 1770 1044 1852 inquit,
1068 1768 1174 1833 unita-
1225 1775 1356 1833 22201
1381 1773 1455 1847 [pag.
1480 1775 1534 1849 22]
1564 1768 1730 1835 hominem
1757 1779 1790 1834 et
1817 1769 1922 1834 filium
1952 1769 2104 1848 hominis,
2132 1791 2197 1834 non

204 1862 272 1921 tem
302 1855 364 1921 hoc
384 1856 540 1938 pertinet,
574 1877 640 1920 non
662 1855 704 1920 ad
736 1855 864 1920 numeri
901 1854 1172 1938 singularitatem.
1225 1874 1290 1936 qua
1312 1854 1474 1937 spiritum,
1501 1862 1533 1919 et
1555 1875 1748 1933 sermonem,
1772 1862 1806 1920 et
1827 1854 1879 1919 dei
1901 1854 2016 1920 filium.
2058 1856 2199 1921 Discant

204 1939 366 2007 Videmus
389 1951 428 2005 21
449 1962 622 2006 numerum
644 1939 686 2006 ad
707 1961 862 2025 personas
885 1941 1100 2024 restringens,
1123 1960 1173 2005 es·
1225 1938 1359 2004 tandem
1381 1940 1518 2005 lectores
1537 1962 1635 2024 quam
1658 1940 1774 2006 dexter
1794 1940 1837 2005 sit
1858 1941 2021 2023 interpres
2043 1940 2199 2006 Tertulli·

207 2028 356 2104 sentiam,
379 2046 461 2109 quae
483 2048 552 2091 una
573 2035 631 2105 est,
654 2048 800 2092 seorsum
822 2026 995 2110 relinquat.
1226 2025 1290 2102 221,
1312 2032 1346 2089 21
1365 2046 1465 2108 quam
1487 2026 1591 2092 bonus
1613 2046 1651 2091 20
1672 2027 1777 2093 fidelis
1802 2025 1989 2109 discipulus.
2034 2026 2102 2092 Nos
2120 2047 2198 2093 vero

290 2110 378 2193 Quia
404 2112 480 2177 nolo
508 2122 619 2177 actum
648 2133 760 2196 agere,
796 2120 994 2196 cognoscent
1027 2111 1173 2190 lectores,
1224 2109 1260 2174 in
1284 2109 1416 2177 Christo
1437 2111 1614 2177 mediatore
1641 2134 1707 2177 non
1732 2111 1869 2195 impedit
1896 2132 2054 2195 personae
2076 2112 2197 2191 unitas,

205 2197 234 2262 si
255 2198 376 2275 volout,
399 2219 440 2262 02
461 2197 656 2262 refutatione
684 2197 815 2263 Servati
841 2218 940 2281 quam
967 2197 1082 2262 stolide
1103 2197 1173 2261 Ire·
1226 2198 1304 2278 quin
1326 2217 1388 2261 sua
1408 2199 1542 2280 utrique
1562 2207 1702 2264 naturae
1724 2198 1878 2264 distincta
1898 2199 2081 2282 proprietas
2103 2197 2199 2264 salva

205 2304 327 2349 nusum
348 2285 383 2347 in
405 2303 481 2348 suae
503 2293 613 2366 partes
635 2282 764 2348 trahere
792 2291 928 2349 conetur
953 2283 1092 2348 foetidus
1119 2282 1174 2348 hic
1226 2289 1371 2347 maneat:
1402 2282 1574 2348 Christum
1595 2282 1704 2349 Deum
1725 2293 1758 2348 et
1779 2284 1946 2348 hominem
1957 2284 1993 2367 ¹),
2016 2283 2078 2361 vel,
2101 2283 2200 2350 sicuti

205 2369 370 2452 impostor.
414 2365 540 2433 Eadem
562 2369 746 2434 0011221121
765 2369 858 2448 ratio,
881 2390 944 2453 quo
966 2369 1076 2433 nullus
1098 2367 1174 2432 doc·
1225 2367 1351 2432 Paulus
1372 2367 1525 2450 loquitur,
1548 2368 1657 2434 Deum
1680 2370 1924 2434 manifestatum
1944 2370 1981 2434 in
2008 2391 2106 2436 carne
2129 2389 2201 2435 esse

205 2455 311 2520 trinae
345 2461 475 2519 nostrae
504 2453 699 2520 luculentior
719 2461 878 2537 patronus
899 2453 992 2520 nobis
1014 2452 1176 2538 optandus
1226 2474 1306 2517 vere
1327 2461 1361 2518 et
1381 2455 1576 2520 naturaliter
1605 2455 1671 2520 Dei
1696 2456 1810 2533 filium,
1833 2454 1890 2520 sed
1919 2456 1973 2539 qui
2001 2477 2042 2520 02
2071 2453 2201 2523 duabus

204 2547 264 2605 001.
308 2541 358 2604 Ac
379 2540 481 2604 miror
503 2537 633 2605 Servati
654 2540 827 2606 stultitiam
849 2561 964 2604 ausum
981 2541 1082 2605 fuisse
1099 2539 1174 2603 imi·
1226 2539 1354 2604 naturis
1376 2547 1509 2619 constet,
1539 2541 1616 2623 quia
1636 2542 1672 2606 in
1692 2541 1825 2607 homine
1846 2540 2008 2606 habitavit
2029 2540 2202 2623 plenitudo

205 2625 282 2704 tari,
317 2625 373 2707 qui
404 2646 504 2708 quum
532 2625 637 2690 sancti
668 2626 828 2709 Martyris
860 2626 992 2691 nomino
1024 2625 1175 2692 ferociter
1227 2624 1419 2690 divinitatis.
1462 2627 1509 2690 Et
1528 2625 1681 2693 Christus
1702 2627 1773 2712 ipse
1795 2626 1881 2692 clare
1905 2626 2103 2709 pronunciat
2129 2645 2200 2691 cor·

205 2710 414 2796 gloriaretur,
449 2709 575 2793 prolato
608 2711 773 2776 volumine
805 2711 975 2776 obmutuit.
1030 2710 1174 2776 Naeuiae
1225 2731 1287 2793 pus
1310 2732 1404 2776 suum
1426 2733 1497 2777 esse
1525 2712 1694 2796 templum,
1721 2711 1807 2795 quod
1839 2719 1927 2776 certe
1954 2712 2090 2777 minime
2118 2733 2201 2795 qua·

205 2817 288 2880 quae
310 2796 370 2862 sub
380 2796 504 2880 Ignatii
521 2797 652 2862 nomine
663 2798 821 2876 feruntur,
834 2798 963 2862 omitto:
987 2817 1052 2879 qua
1062 2806 1173 2863 tamen
1226 2795 1337 2861 draret
1368 2797 1395 2860 si
1429 2808 1514 2862 esset
1542 2798 1634 2863 Deus
1660 2800 1738 2882 ipse.
1747 2801 1775 2873 ²)
1825 2798 1900 2863 Etsi
1928 2806 2035 2863 autem
2065 2797 2200 2862 deitatis

203 2882 241 2947 in
272 2892 365 2965 parte
397 2883 516 2946 iterum
536 2882 590 2947 vel
622 2882 769 2965 nequitia
801 2882 854 2949 vel
876 2883 1002 2947 insania
1028 2883 1173 2948 ciusdem
1225 2890 1374 2964 respectu
1395 2904 1499 2948 unum
1522 2893 1572 2948 021
1593 2903 1668 2948 022
1688 2892 1789 2967 patre,
1812 2903 1850 2948 ac
1870 2883 2006 2967 proinde
2028 2884 2117 2966 patri
2145 2904 2201 2948 ae-

204 2968 372 3033 Valentini
384 2968 596 3047 convincitur,
615 2967 693 3033 dum
710 2969 884 3052 magnifice
895 2969 996 3034 120121
1005 2967 1174 3054 Ignatium
1224 2967 1378 3048 qualis⁸),
1403 2989 1467 3052 022
1488 2977 1601 3034 12222
1622 2968 1783 3035 mediator
1808 2979 1873 3048 est,
1922 2970 2007 3035 uoad
2030 2969 2201 3053 dispensa-

207 3057 280 3132 [psg.
305 3059 358 3133 20]
381 3053 549 3135 10022122
572 3054 1027 3138 22220222120120112212,
1050 3055 1174 3119 012122
1223 3052 1356 3129 tionem,
1379 3053 1615 3136 quodammodo
1636 3054 1775 3121 subsidit
1794 3055 1881 3120 intra
1936 3076 2020 3120 eum.
2049 3053 2126 3134 Qua
2146 3076 2201 3120 ra·

203 3140 338 3204 nomine
369 3139 540 3221 epistolam
574 3139 722 3207 venditat
749 3138 909 3225 pudendis
938 3140 1173 3206 monachornm
1223 3139 1311 3203 tione
1332 3140 1419 3221 patri
1440 3140 1630 3206 subiicietur
1650 3140 1766 3206 211120
1788 3140 1849 3220 die,
1886 3161 2091 3225 regnumque
2136 3139 2203 3205 nod

204 3224 327 3290 10112112
347 3224 511 3290 refertam.
1225 3225 1358 3307 aceepit,
1387 3226 1550 3305 restituet,
1580 3234 1618 3292 nt
1644 3228 1687 3293 sit
1715 3225 1807 3292 Deus
1836 3226 1946 3291 omnia
1972 3226 2008 3291 in
2034 3228 2127 3291 omni
2151 3247 2199 3291 us.

288 3310 423 3375 Plenior
450 3319 561 3375 12222
588 3309 695 3376 12212
730 3318 782 3376 001
815 3312 874 3377 filii
903 3311 1062 3391 definitio,
1091 3332 1173 3393 0220
1226 3307 1388 3389 Quisnam
1411 3315 1485 3391 [pag.
1504 3319 1557 3390 23]
1579 3312 1695 3378 Dens?
1740 3310 1778 3377 Si
1802 3312 1843 3376 ad
1861 3319 1987 3395 patrem
2007 3312 2200 3396 restringas,

202 3417 316 3462 omnes
337 3395 439 3461 nodos
465 3396 582 3462 melius
610 3395 770 3479 expediat
814 3397 954 3477 Fatetur
975 3397 1173 3464 Valentinus
1225 3405 1312 3460 certe
1331 3396 1393 3462 filii
1415 3397 1518 3463 deitas
1540 3399 1603 3462 erit
1621 3397 1819 3481 temporalis,
1843 3417 1906 3480 quo
1919 3397 2001 3464 nihil
2013 3395 2200 3463 absurdius.

202 3481 513 3549 consubstantialem
534 3502 605 3547 esse
632 3483 719 3564 patri
750 3482 928 3548 secundum
955 3481 1173 3562 divinitatem,
1225 3479 1336 3563 Quare
1358 3483 1440 3548 alias
1461 3484 1631 3550 machinas
1653 3484 1816 3568 excogitet
1836 3482 2033 3548 Valentinus
2060 3490 2202 3567 oportet,

202 3568 297 3634 nobis
319 3589 395 3633 vero
417 3565 596 3634 seeundum
618 3567 866 3633 humanitatem.
910 3567 1047 3635 Diceres
1067 3566 1173 3634 homi·
1224 3567 1341 3650 quibus
1362 3568 1524 3634 convellat
1546 3569 1761 3635 orthodoxam
1779 3567 1893 3636 fidem:
1915 3568 2202 3652 quandoingenue

201 3675 278 3719 nem
300 3653 500 3718 orthodoxae
520 3654 597 3718 fidei
618 3653 721 3736 loqui:
745 3654 809 3720 2121
831 3654 1023 3737 quodrecte
1045 3654 1173 3719 exaliie
1224 3652 1449 3736 praedicamus
1470 3655 1602 3720 unicum
1625 3676 1696 3722 esse
1718 3656 1838 3733 Deum,
1861 3676 1881 3719 a
1908 3676 1971 3738 quo
1997 3654 2120 3720 missus
2150 3664 2204 3720 eat

203 3741 356 3822 sumpsit,
390 3760 466 3804 202
499 3760 541 3804 02
570 3738 690 3804 furioso
723 3759 782 3804 suo
809 3761 908 3805 sensu
940 3747 1171 3823 corrumperet.
1225 3737 1388 3818 Christus,
1412 3741 1601 3807 21221022
1623 3762 1694 3808 esse
1715 3741 1780 3806 Dei
1803 3740 1917 3819 111122,
1939 3741 1995 3824 021
2018 3747 2137 3822 sponte
2165 3761 2202 3806 se

202 3824 424 3903 Individnum,
452 3825 576 3908 inquit,
608 3847 675 3890 non
701 3825 915 3908 compositum
943 3846 985 3890 ex
1012 3827 1172 3908 partibus,
1225 3825 1416 3904 exinanivit,
1424 3833 1461 3890 ut
1472 3848 1532 3892 nos
1543 3827 1579 3891 in
1592 3827 1779 3894 0001012102
1791 3826 2003 3911 suaegloriae
2016 3826 2201 3892 ascisceret

202 3919 241 3975 ut
261 3910 368 3989 homo,
391 3911 448 3975 sed
469 3911 664 3976 naturaliter
682 3912 877 3995 regenitum.
900 3913 950 3978 Ac
972 3911 1172 3995 paulopost:
1225 3909 1361 3977 Frivola
1373 3911 1659 3979 autemcalumnia
1675 3919 1734 3992 est,
1752 3933 1812 3978 nos
1822 3913 1994 3978 Christum
2005 3909 2201 3995 discerpere,

202 3995 278 4062 Non
306 4006 394 4061 recte
413 3995 547 4074 dicitur,
577 3996 745 4063 Christum
774 4005 925 4064 constare
953 4019 995 4063 ex
1020 3993 1113 4083 Λόγῳ
1140 4005 1174 4063 01
1225 3996 1450 4062 imoinalium
1459 3995 1639 4078 Christum,
1648 3999 1704 4082 qui
1715 4019 1783 4064 non
1794 4005 1853 4077 est,
1862 3998 2108 4074 transformare,
2120 3996 2203 4063 dum

201 4081 349 4161 homine,
382 4082 469 4148 sieut
497 4081 688 4148 Alexander
723 4091 851 4150 constat
890 4104 932 4149 22
968 4104 1102 4166 corpore
1141 4095 1175 4149 01
1225 4103 1315 4148 2220
1336 4088 1374 4147 ut
1382 4081 1504 4163 Deum,
1526 4105 1616 4149 nunc
1637 4092 1677 4150 ut
1696 4083 1761 4149 Dei
1781 4084 1896 4163 filium,
1918 4103 2006 4148 nunc
2027 4091 2067 4148 ut
2083 4090 2203 4149 natum
2245 4098 2250 4102 ·
2288 4092 2299 4097 “’

201 4168 326 4233 animo:
350 4169 426 4249 quia
446 4166 544 4248 Λόγος
564 4168 611 4233 112
632 4189 691 4252 per
718 4168 952 4236 incarnationis
978 4169 1174 4252 mysterium
1225 4189 1268 4233 22
1284 4169 1414 4252 virgine
1435 4169 1687 4236 consideramus.
1736 4168 1934 4251 Quanquam
1952 4190 2011 4235 suo
2033 4189 2069 4234 se
2091 4169 2206 4254 gladio

200 4253 387 4319 Immanuel
402 4251 425 4338 ¹)
462 4262 527 4333 est,
564 4262 603 4318 21
636 4276 702 4320 202
734 4265 861 4322 221212
893 4253 959 4320 Dei
991 4255 1175 4321 substantia
1225 4253 1355 4337 iugulat
1383 4254 1436 4319 hic
1463 4255 1691 4339 phreneticus,
1724 4257 1780 4340 021
1812 4254 1979 4321 hominem
2005 4254 2132 4320 iactum
2161 4277 2204 4321 ex

201 4340 343 4405 hominis
369 4340 507 4404 formam
529 4341 714 4424 sumpserit,
744 4348 845 4424 utque
878 4342 1049 4407 ambarum
1077 4347 1174 4406 natu·
1226 4338 1377 4419 muliere,
1400 4341 1537 4406 missum
1556 4342 1591 4406 in
1612 4341 1818 4426 plenitudine
1839 4347 2032 4424 temporum,
2052 4361 2207 4408 seorsum

200 4447 315 4491 rarum
348 4424 505 4489 attributa
532 4436 566 4490 ct
598 4427 815 4509 proprietates
844 4427 912 4493 sint
950 4427 1102 4510 propriae
1142 4433 1175 4491 et
1226 4425 1424 4491 considerari
1456 4447 1523 4491 non
1554 4429 1695 4493 sustinet
1722 4427 1763 4493 ab
1792 4432 1926 4492 aeterno
1953 4426 2009 4492 illo
2039 4447 2209 4506 sermone,

201 4511 369 4578 naturales
407 4511 505 4576 unius
538 4511 747 4596 eiusdemque
779 4513 927 4580 subiecti.
979 4509 1074 4578 Unde
1107 4532 1174 4577 non
1226 4512 1282 4593 qni
1304 4518 1381 4576 ante
1402 4512 1532 4577 0200212
1552 4513 1682 4597 genitus
1701 4514 1771 4579 fuit.
1816 4513 1974 4580 Divinam
1995 4532 2076 4577 vero
2089 4533 2212 4579 essen·

200 4599 311 4662 minus
343 4596 408 4661 Dei
441 4597 636 4680 sanguinem
671 4606 705 4662 et
738 4618 885 4678 carnem,
917 4619 1014 4683 quam
1053 4596 1175 4662 divini·
1225 4595 1308 4661 tiam
1329 4615 1428 4678 quam
1449 4605 1537 4665 recte
1559 4599 1760 4665 considerari
1782 4598 1874 4677 nolit,
1896 4599 1964 4663 ianr
1985 4619 2027 4662 ex
2051 4597 2217 4680 pluribus

202 4690 303 4748 tatem
326 4683 467 4748 hominis
490 4683 566 4748 lesu
588 4682 709 4765 absque
729 4683 796 4749 ullo
818 4689 891 4763 [pag.
910 4689 965 4764 21]
983 4693 1077 4766 tropo
1099 4704 1174 4766 pro-
1226 4682 1422 4749 testimoniis
1446 4684 1555 4767 palam
1586 4685 1739 4763 fecimus,
1770 4692 1805 4750 et
1831 4705 1873 4750 ex
1902 4682 2069 4750 Malachia
2094 4682 2215 4751 dicere

200 4770 271 4851 pria
294 4767 430 4834 dicimus
457 4779 491 4834 et
518 4770 720 4834 0021112222.
763 4769 837 4835 Nisi
864 4771 952 4836 enim
980 4769 1114 4853 sanguis
1128 4775 1176 4836 ,et

203 4871 277 4918 mro
305 4854 431 4920 0th
459 4875 536 4921 vere
563 4862 596 4919 et
624 4874 754 4937 pmpne
780 4855 845 4922 Del
873 4876 1009 4941 §augme
1036 4861 1071 4920 et
1099 4874 1175 4921 wo
1296 4921 1324 4987 1)
1344 4921 1421 4976 Besa
1438 4928 1464 4978 21
1480 4925 1567 4979 Amet.
1587 4932 1617 4978 ut
1635 4923 1757 4980 Christus
1776 4925 1811 4980 sit
1827 4922 1902 4979 Deus
1920 4930 1949 4978 et
1965 4921 2133 4980 homo-caet

1294 4988 1325 5056 2)
1346 4990 1433 5045 Iidem
1450 4991 1535 5046 mole:
1551 4993 1602 5046 nisi
1620 4999 1694 5047 esset
1710 4992 1785 5049 Deus
1802 4992 1870 5061 ipse.

347 5127 352 5139 .
1295 5057 1326 5125 3)
1346 5059 1403 5114 Pro
1424 5061 1469 5116 1112
1491 5060 1596 5115 eete:
1617 5075 1651 5115 ac
1672 5062 1785 5130 proinde
1808 5061 1880 5131 pani
1897 5060 2027 5130 20022110,
2049 5059 2134 5116 &dea
2155 5074 2202 5117 w·

270 5124 302 5191 1)
321 5127 387 5181 Dreu
405 5140 472 5182 avec
490 5143 567 5184 nous.
1226 5129 1319 5185 tuat
1334 5128 1414 5186 tore:
1432 5130 1502 5184 sicut
1518 5130 1572 5184 ism
1588 5144 1672 5199 saepe
1690 5130 1814 5187 diximus.
