4590 5858
436 965 755 1069 PRAEFATIO
778 989 838 1070 ιιι
861 988 966 1072 ruo
990 965 1234 1072 ιιΗιιΜιΝι·
1258 948 1716 1087 snnsronoeiau.

76 1206 234 1264 lOANNES
251 1206 431 1262 OALVINUS
454 1207 654 1264 FRANCISOO
672 1208 841 1265 OONNANO
859 1208 953 1266 IURIS
970 1209 1050 1268 STU·
1102 1209 1151 1274 illi
1173 1230 1302 1277 meeum
1320 1211 1494 1278 intersedit
1512 1211 1655 1278 amioitia
1677 1220 1709 1277 et
1720 1210 1953 1278 eonsuetudine
1965 1220 2076 1295 partes

326 1351 329 1357 .
440 1292 642 1362 Dloslssfflo
659 1293 685 1349 8·
1102 1295 1163 1360 has
1184 1296 1395 1363 demandavit
1411 1306 1449 1362 ιιι
1469 1297 1643 1383 diligenter
1664 1300 1698 1363 in
1719 1317 1790 1363 eam
1812 1307 1926 1362 euram
1947 1298 2075 1363 inoum·

1101 1379 1213 1446 berem
1232 1403 1282 1447 ne
1309 1384 1365 1466 qui
1393 1404 1520 1449 errores
1548 1385 1739 1467 irreperent.
1790 1381 1928 1466 Susoepi
1955 1382 2074 1448 lubens

90 1525 92 1527 ,
163 1464 249 1530 ane
282 1463 415 1530 tandem
454 1465 524 1530 exit
554 1465 717 1550 Apologia
750 1464 902 1532 Ohemini
942 1468 1048 1533 nostri
1101 1468 1312 1551 provinciam,
1331 1489 1370 1534 ea
1392 1478 1502 1534 tamen
1524 1469 1596 1555 lege
1614 1480 1656 1535 ne
1677 1470 1884 1552 aliamqnam
1902 1468 2073 1553 negligen-¹

77 1550 566 1633 eommunemqusseriptorum
577 1549 682 1617 aleam
701 1553 878 1635 experitur,
901 1553 963 1617 etsi
981 1573 1049 1617 non
1101 1552 1166 1618 tiae
1198 1553 1328 1638 eulpam
1361 1567 1528 1638 praestare
1560 1575 1666 1639 eogar.
1722 1554 1870 1619 Videbar
1897 1556 1985 1618 enim
2019 1554 2072 1620 hio

77 1657 116 1702 eo
136 1635 272 1704 oonsilio
294 1635 418 1720 seripta
439 1644 475 1702 ut
500 1638 534 1702 in
555 1636 722 1720 publioum
744 1637 917 1720 aliquando
938 1636 1048 1722 prodi·
1101 1639 1232 1723 egregie
1259 1638 1431 1706 defunetus
1458 1641 1578 1718 offioio,
1608 1642 1635 1704 si
1663 1661 1760 1724 quam
1788 1639 1844 1704 ille
1866 1637 2071 1706 desiderabat

78 1729 137 1788 ret
183 1720 251 1808 Sed
272 1740 413 1805 aequum
438 1723 504 1787 fuit
528 1722 609 1788 haee
638 1744 765 1809 quoque
784 1722 943 1806 publioari
965 1745 1048 1807 quae
1100 1723 1319 1807 praestiterim
1344 1724 1557 1810 diligentiam.
1607 1726 1721 1809 Neque
1742 1724 1878 1791 moleste
1899 1726 1984 1790 ferre
2013 1723 2070 1790 de-

78 1808 129 1874 vir
150 1808 206 1873 ille
227 1806 396 1874 exeitandi
424 1807 662 1892 exornandique
686 1810 811 1893 ingenii
832 1810 941 1893 gratia
960 1809 1048 1876 luse·
1099 1809 1324 1885 betAloiatus,
1346 1812 1403 1877 ubi
1413 1811 1637 1879 aestimaverit
1652 1832 1688 1877 se
1698 1812 1841 1896 primum
1863 1811 1933 1876 inre
1945 1831 2070 1896 oppug-

77 1899 138 1970 rat,
161 1914 203 1959 ne
224 1892 350 1960 Stellae
372 1892 500 1960 deesset
522 1915 618 1958 snum
639 1896 867 1976 patrooinium,
889 1903 922 1961 et
943 1894 1046 1960 Albu-
1099 1895 1182 1974 nari,
1205 1895 1323 1962 deinde
1345 1895 1490 1969 modeste
1512 1919 1550 1964 ao
1567 1895 1760 1974 vereeunde,
1783 1904 1817 1961 et
1834 1895 1943 1961 debita
1964 1896 2069 1962 hono·

77 1979 147 2046 eius
170 1980 279 2046 neseio
306 1980 379 2062 quis
408 1981 478 2045 sine
506 1980 665 2064 sangnine
694 1989 728 2045 et
755 1979 873 2046 sudore
905 2001 1048 2064 paeanas
1099 1982 1145 2046 ris
1161 1983 1361 2064 praefatione
1380 1988 1446 2048 no‘n
1469 1985 1707 2068 praetermissa.
1758 1983 1915 2059 Tantum,
1944 1983 2069 2065 opinor,

76 2066 139 2132 sibi
161 2086 237 2130 snos
263 2074 403 2131 oaueret.
455 2063 551 2145 Quod
580 2065 703 2148 siquis
731 2066 859 2131 mavult
881 2067 1047 2132 Aloiatum
1099 2066 1237 2149 publicis
1258 2067 1434 2133 oommodis
1456 2069 1561 2147 favet,
1590 2076 1719 2134 tantum
1743 2067 1847 2132 defert
1868 2068 2009 2143 veritati,
2031 2076 2070 2132 ut

76 2173 135 2236 pro
157 2151 305 2230 Albnoio,
328 2172 388 2236 ego
411 2172 470 2217 neo
482 2153 646 2216 affirmare
666 2151 772 2216 ausim
793 2173 855 2218 neo
876 2152 976 2217 velim
994 2173 1046 2218 re·
1099 2152 1182 2217 nolit
1213 2153 1265 2217 illis
1293 2155 1476 2220 autoritatis
1510 2176 1588 2220 snae
1628 2161 1801 2238 praetextu
1840 2152 2068 2236 praescribere.

75 2236 200 2304 fellere:
224 2234 1047 2321 sedsagaoioresquidamsubodoranturAloiatum
1098 2238 1188 2322 Ergo
1209 2260 1310 2322 quum
1332 2239 1498 2324 intelligat
1519 2241 1692 2305 veritatem
1704 2241 1737 2303 in
1760 2237 1919 2321 profundo
1942 2238 2069 2303 demer-

76 2323 263 2388 mutuatitio
283 2322 417 2388 nomine
440 2322 578 2389 voluisse
600 2322 813 2401 dissimulari,
845 2345 887 2388 ne
915 2321 1047 2389 dentata
1099 2344 1179 2402 sam,
1202 2323 1357 2391 oonoedat
1377 2327 1476 2391 etiam
1494 2325 1769 2410 disputationibus
1787 2322 1965 2389 eruendam
1987 2344 2067 2401 esse,

76 2430 177 2492 supra
197 2407 332 2473 modum
350 2417 384 2474 et
404 2409 605 2492 impatientis
625 2409 757 2493 linguae
779 2407 931 2475 faoundia
952 2409 1047 2474 talio-
1097 2408 1193 2475 modo
1228 2410 1438 2494 provideatur
1465 2433 1506 2476 ne
1541 2411 1680 2476 nimium
1710 2409 1897 2476 alternando
1931 2430 1969 2474 ea
1996 2411 2007 2473 i
2048 2431 2069 2476 a

74 2495 127 2562 nis
148 2497 221 2560 iure
237 2503 439 2578 pensaretur.
472 2495 587 2578 Neque
607 2514 684 2560 vero
695 2493 835 2560 Stellam
854 2494 1047 2561 destitutum
1097 2514 1180 2579 quae
1202 2498 1370 2580 quaeritur
1392 2498 1563 2563 amittatur
1592 2497 1721 2562 veritas.
1771 2495 1844 2561 Hoo
1868 2495 1973 2561 obiter
2022 2497 2068 2562 io·

74 2580 246 2664 praesidiis
264 2581 546 2664 fuissequisquam
568 2579 752 2658 arbitretur,
774 2589 834 2647 aut
854 2582 925 2646 eins
947 2581 1046 2647 silen-
1097 2588 1167 2645 tum
1189 2582 1278 2647 volui
1300 2590 1339 2647 ut
1359 2582 1472 2648 eadem
1494 2603 1593 2667 opera
1608 2580 1845 2648 meetAloiato
1866 2588 1900 2645 et
1920 2581 2068 2665 tibipur·

75 2667 160 2732 tium
181 2667 418 2749 interpretetur
426 2667 671 2745 confessionem,
693 2687 759 2750 qua
774 2666 946 2733 riemriam
970 2667 1046 2733 hao-
1097 2687 1224 2751 garam,
1253 2667 1340 2751 quod
1366 2689 1483 2735 verear
1504 2689 1546 2734 ne
1573 2659 1716 2733 liominis
1739 2666 1847 2732 studio
1873 2668 1909 2730 in
1934 2688 2067 2733 eanum

74 2760 172 2818 tenus
184 2753 322 2819 Albuoio
343 2752 541 2836 permiserit:
563 2772 680 2817 verum
696 2752 858 2837 intelligat
880 2752 1046 2818 hominem
1098 2752 1319 2819 adversariam
1341 2755 1386 2819 sis
1407 2755 1607 2839 propensior,
1631 2765 1664 2818 st
1685 2752 1747 2818 hoo
1758 2755 1865 2836 ipsum
1885 2753 1919 2817 in
1942 2753 2068 2819 orimou

75 2838 169 2904 seriis
191 2839 329 2923 negotiis
351 2847 554 2921 ooeupatum,
583 2838 646 2903 bae
668 2838 766 2903 etiam
789 2838 824 2904 in
847 2847 940 2922 parte
962 2837 1045 2903 fidu·
1096 2838 1209 2904 trahas
1236 2838 1321 2922 quod
1347 2860 1413 2905 non
1443 2847 1527 2905 stem
1554 2839 1595 2905 ab
1623 2839 1743 2904 Aloiati
1776 2838 1932 2920 partibus.
1990 2836 2091 2914 Soio,

74 2923 126 2988 oia
153 2924 302 2990 ventads
324 2924 509 3001 subnixum,
533 2924 676 2989 noluisse
698 2923 833 3007 perdere
854 2944 988 3006 operam
1010 2925 1044 2989 in
1096 2925 1185 2990 enim
1207 2946 1304 3008 qnam
1328 2924 1473 2991 studiose
1494 2926 1534 2991 de
1556 2924 1722 2991 eosolitus
1739 2924 1785 2989 sis
1806 2923 2002 3006 praedieare,
2026 2923 2067 2988 de

75 3011 173 3076 rebus
194 3011 328 3076 minime
351 3008 551 3086 necessariis,
575 3029 676 3093 quum
695 3030 748 3074 res
764 3011 837 3093 ipsa
857 3030 917 3093 pro
940 3031 975 3075 se
992 3032 1044 3076 sa·
1095 3019 1303 3162 graeoeptore
1324 3012 1447 3095 optimo
1467 3011 1624 3076 nimirum
1651 3010 1857 3094 gratissimus
1879 3006 2066 3093 disoipulus.

74 3096 117 3160 tis
138 3095 335 3179 loqueretur.
386 3094 518 3179 Alioqui
546 3097 612 3161 iam
640 3096 677 3160 in
703 3095 793 3160 mille
814 3095 969 3161 Albuoios
990 3118 1044 3162 oa-
1124 3095 1164 3161 ed
1185 3094 1279 3162 etde
1300 3095 1418 3168 Stella,
1446 3117 1543 3181 quem
1570 3097 1671 3161 etiam
1692 3093 1822 3169 audisti,
1853 3115 1952 3176 quam
1981 3093 2066 3160 belle

74 3181 199 3246 lamam
221 3182 424 3259 strinxisset,
456 3202 520 3265 quo
549 3190 600 3246 est
625 3181 793 3264 praeditus
817 3182 942 3266 ingenii
966 3202 1042 3248 aeu-
1096 3182 1234 3260 sentias,
1264 3183 1473 3267 loquarisque
1498 3182 1691 3258 honorilioe,
1724 3188 1757 3246 et
1783 3200 1895 3262 nuper,
1913 3179 2066 3244 familiari

73 3266 173 3345 mine,
195 3288 261 3350 qua
281 3265 451 3344 industria,
474 3289 539 3350 qua
549 3266 688 3351 denique
697 3267 778 3333 iuris
800 3267 928 3351 peritia,
950 3268 1044 3333 ouius
1096 3289 1244 3332 sermone
1266 3277 1300 3332 et
1316 3269 1490 3334 tuisautsm
1499 3267 1614 3333 multis
1635 3267 1739 3332 literis
1750 3286 1904 3349 persaepe
1916 3267 2064 3350 eognovi,

73 3353 293 3437 prinaipatum
315 3361 427 3418 nostro
454 3360 602 3437 tempore
628 3374 702 3418 oum
730 3374 795 3418 uno
822 3359 919 3436 atque
940 3353 1044 3418 altero
1095 3362 1134 3418 ut
1155 3354 1221 3418 iam
1240 3353 1448 3420 nullomodo
1475 3353 1624 3419 dubitem
1651 3352 1784 3418 debeam
1813 3352 1890 3434 quin
1918 3350 1958 3415 ad
1981 3352 2066 3418 hano

73 3437 145 3504 sine
165 3440 389 3505 oontrovsrsia
398 3438 530 3504 obtinet.
564 3439 661 3505 Hane
678 3440 777 3504 etiam
799 3440 1044 3522 persuasionem
1094 3440 1200 3522 ipsam
1232 3438 1486 3523 disputationem
1517 3439 1603 3504 nihil
1634 3437 1872 3522 praeiudioatae
1904 3437 2064 3519 opinionis

73 3522 228 3590 induerat
239 3524 435 3602 Oheminus,
463 3547 523 3592 neo
545 3524 691 3590 animum
713 3523 755 3589 ad
777 3524 875 3589 buius
896 3524 1043 3607 opuseuli
1095 3525 1140 3590 sis
1162 3525 1332 3603 allaturus,
1360 3527 1552 3609 praesertim
1575 3546 1676 3608 quum
1699 3524 1759 3589 tibi
1781 3522 1880 3606 probe
1903 3534 2000 3589 notus
2022 3523 2067 3587 sit

73 3609 251 3675 editionem
268 3609 407 3676 adiicere
417 3618 545 3694 poterat
565 3611 629 3676 nisi
647 3610 758 3676 solidis
775 3610 1043 3692 quorundamra·
1094 3611 1149 3694 qui
1172 3619 1274 3676 totam
1300 3611 1386 3678 hane
1407 3632 1478 3677 rem
1506 3632 1564 3677 suo
1592 3610 1711 3676 iudioio
1733 3606 1971 3673 defendendam
1993 3629 2066 3674 sus·

74 3696 218 3762 tionibus
240 3697 408 3764 eonviotus
435 3696 528 3774 foret,
556 3696 611 3780 qui
633 3695 848 3762 ostendebant
869 3717 961 3761 suam
984 3717 1042 3779 pa-
1066 3682 1070 3749 l
1094 3697 1190 3780 oepit,
1212 3696 1524 3775 Chaminusnostsr,
1547 3698 1644 3762 homo
1666 3705 1705 3760 ut
1725 3695 1788 3760 seis
1804 3694 2065 3794 luoubrationqm

73 3781 224 3846 tientiam
239 3781 369 3848 'Stellae
395 3780 503 3846 fraudi
530 3803 609 3848 esse.
660 3779 717 3847 ais
745 3781 837 3861 enim,
863 3781 1043 3866 vitiligato·
1068 3785 1070 3855 ’ἶ
1094 3783 1362 3867 patientissimus,
1386 3783 1581 3868 perspioaois
1603 3781 1742 3866 ingenii,
1772 3788 1806 3845 et
1831 3778 1916 3863 qnod
1945 3789 1996 3844 est
2016 3803 2068 3845 rn-

71 3869 162 3947 res¹)
184 3867 318 3950 quidam
335 3869 562 3946 oausabantur,
586 3889 650 3933 non
672 3866 860 3933 defuturum
882 3888 959 3932 eum
980 3869 1043 3934 sibi
1068 3886 1070 3921 ι
1094 3868 1209 3952 primis
1232 3870 1400 3954 egregium
1429 3867 1628 3934 exactissimi
1654 3865 1781 3943 iudioii,
1810 3867 1865 3947 qui
1893 3887 1995 3949 quum
2023 3867 2068 3930 sit

71 3952 171 4018 fuisse
191 3953 228 4017 in
247 3953 309 4018 hae
331 3974 438 4032 eausa,
468 3955 496 4019 si
518 3975 582 4037 qua
603 3953 727 4019 ratione
749 3952 970 4019 defensionem
991 3954 1043 4018 in·
1068 3931 1070 4012 l
1094 3953 1127 4019 in
1156 3954 1260 4020 literis
1292 3954 1481 4020 melioribus
1509 3953 1550 4019 ad
1578 3973 1722 4037 unguem
1744 3951 1908 4035 expolitus
1929 3950 2068 4017 felioiter

71 4044 199 4104 struere
220 4040 389 4122 potuisset,
408 4060 508 4123 quum
518 4039 615 4105 Zasio
636 4038 716 4104 adeo
737 4047 926 4104 oomtantor
947 4040 1042 4105 resti·
1068 4043 1070 4077 l
1095 4061 1183 4106 nuno
1211 4047 1362 4106 versatur
1386 4049 1420 4106 et
1445 4049 1544 4105 antea
1571 4038 1752 4103 diutissime
1781 4048 1930 4103 versatus
1947 4046 2010 4101 ,est
2030 4037 2066 4101 in

71 4125 157 4189 terit
206 4124 280 4189 Hae
301 4124 392 4190 velut
419 4127 612 4192 neemsitate
640 4122 800 4190 adduotns
825 4131 937 4189 noster
956 4124 1042 4191 Obe-
1094 4125 1254 4210 legalibus
1276 4125 1401 4191 studiis.
1446 4123 1543 4207 Quod
1565 4130 1676 4190 autem
1699 4123 1741 4187 ad
1763 4130 1969 4205 praesentem
1989 4143 2065 4188 oan-

70 4210 183 4276 minus
205 4212 346 4276 mutarit
365 4212 577 4289 sententiam,
606 4219 639 4276 et
661 4209 746 4294 qnod
772 4211 839 4275 iam
860 4210 929 4275 lere
951 4210 1041 4276 bien-
1093 4231 1164 4278 sam
1192 4213 1325 4290 attinet,
1352 4211 1525 4278 leoteribns
1553 4210 1693 4274 liberum
1715 4217 1784 4274 este
1805 4208 1976 4283 iudioium,
2000 4228 2064 4272 non

70 4296 163 4361 nium
191 4317 404 4381 suppressum
439 4296 589 4362 voluerat
615 4294 657 4361 ad
683 4293 878 4362 obterendas
904 4297 1042 4361 istorum
1066 4316 1069 4400 f
1093 4297 1159 4363 illis
1180 4296 1312 4380 quidem
1329 4298 1482 4380 profanis,
1505 4295 1675 4380 sedquiin
1692 4294 1774 4360 iuris
1791 4294 1950 4378 mysteria
1967 4293 2065 4376 paulo

69 4381 253 4448 oalnmnias
282 4382 391 4466 palam
426 4382 575 4465 explieat
635 4381 709 4448 Hoo
737 4390 847 4446 tamen
880 4382 1068 4464 imprimis.
1094 4383 1192 4449 altius
1219 4383 1473 4466 penetraverint
1528 4381 1599 4446 Imo
1628 4401 1706 4445 vero
1734 4383 1884 4464 tuipse,
1906 4378 2065 4443 Genusus

69 4474 278 4550 prospeotum
300 4468 412 4548 voluit,
435 4490 477 4534 ne
494 4468 646 4534 mutilum
664 4474 698 4532 et
719 4475 910 4551 eorruptum
927 4468 963 4532 in
981 4468 1041 4533 ho·
1066 4462 1068 4535 l
1093 4469 1322 4549 eruditissime,
1344 4466 1460 4546 iudioa,
1483 4488 1551 4532 non
1568 4488 1655 4531 unus
1676 4465 1833 4550 epopulo,
1856 4463 1913 4529 sed
1931 4464 2064 4527 interio-

69 4553 198 4619 minum
224 4575 340 4620 manns
363 4556 500 4621 reniret.
551 4554 667 4638 Itaque
696 4574 798 4636 quum
831 4552 961 4619 audiret
988 4575 1040 4620 mo
1065 4543 1068 4630 Ι
1092 4556 1139 4620 ris
1166 4552 1332 4620 doetrinae
1363 4555 1481 4620 merito
1516 4573 1593 4617 vere
1627 4552 1684 4616 illo
1717 4570 1853 4616 numero
1882 4560 2063 4631 exemptus.

69 4639 304 4722 protentionem
327 4640 487 4707 adornare
508 4640 685 4721 Lutetiam,
714 4638 796 4704 mihi
817 4660 876 4722 pro
897 4660 937 4706 ea
957 4660 1041 4723 quae
1065 4633 1067 4649 ⁴
1092 4639 1271 4724 Equidem,
1299 4636 1461 4724 quomodo
1486 4660 1576 4705 nuno
1597 4648 1662 4715 ost,
1692 4634 1850 4703 eiusmodi
1872 4633 2064 4715 disputatio·

69 4781 273 4788 .-mm
658 4729 660 4734 ’
1092 4747 1170 4791 nem
1187 4727 1285 4791 istam
1308 4746 1379 4792 esse
1400 4725 1550 4803 arbitror,
1573 4736 1611 4789 ut
1631 4723 1725 4789 faoile
1743 4731 1880 4787 ettuum
1902 4732 1937 4783 et
1953 4720 2065 4785 onius·

138 4842 168 4907 1)
189 4842 236 4899 δῶ
261 4843 393 4900 cam,
418 4845 460 4900 Μ
481 4852 550 4901 m
576 4844 719 4917 mm·
762 4843 981 4912 mmm,
1006 4859 1040 4900 ι,
1092 4813 1142 4877 vis
1160 4812 1284 4877 sinoeri
1305 4811 1435 4876 laetaris
1457 4809 1612 4876 iudioium
1635 4807 1813 4892 promereri
1834 4806 1947 4888 possit,
1976 4817 2065 4870 eerte

68 4912 165 4968 Ptine
180 4913 347 4969 ennaea:
365 4914 569 4983 nfiliagatoru.
1092 4895 1215 4962 debeat.
1260 4896 1353 4963 Vale.
1398 4896 1535 4963 Parisiis
1558 4894 1662 4981 pridie
1684 4893 1745 4958 No.
1767 4892 1849 4956 Mar.

861 5155 1268 5168 ........................
1822 5163 1856 5217 50

173 5168 285 5227 Gabini
298 5186 389 5242 opera
429 5170 485 5228 Vel.
502 5170 556 5226 lx.
