4590 5858
103 233 165 294 777
918 225 1278 295 CONFESSIONES.
2039 237 2102 299 778

101 417 193 484 tinus
212 417 303 483 Tem.
327 421 357 483 2.
375 416 480 500 Epist
506 420 546 480 57
576 415 618 481 ad
638 415 842 495 Dardanum,
864 415 902 479 in
922 436 988 498 qua
1015 414 1076 480 hos
1129 415 1246 481 dictum
1268 420 1328 480 est:
1361 415 1441 481 Ecce
1471 435 1525 500 epo
1553 415 1710 483 vobiscum
1738 438 1810 483 sum
1836 417 1978 484 ennete
2004 419 2096 486 diebu
2154 408 2156 418 ¹

103 503 256 570 articulos
277 503 511 570 confessionem
534 501 910 585 christianamappellat,
931 507 966 566 et
985 507 1078 566 vetat
1128 521 1226 583 usque
1248 501 1291 565 od
1311 502 1600 567 consummationem
1620 502 1746 568 romuli.
1781 502 1957 571 Secundum
1977 522 2104 570 coenem

102 611 144 655 ne
166 588 208 655 ab
226 609 266 654 ee
285 589 485 656 recedamus.
513 588 590 653 Noli
608 586 765 667 dubitare,
788 586 902 670 inquit,
923 584 971 650 ibi
986 606 1076 651 nuuc
1128 605 1211 665 cero,
1233 606 1328 668 quom
1348 587 1472 652 verdum
1492 590 1677 668 osecntpstt,
1698 590 1865 655 oeuendum
1896 590 1932 655 id
1957 592 2039 672 quood
2064 591 2105 656 de

103 696 174 741 esse
191 674 359 740 hominem
375 673 547 741 Christum
567 674 688 752 Iesum,
710 672 799 738 unde
825 678 987 738 venturus
1012 678 1075 737 cst:
1128 673 1251 754 cirpiue
1272 677 1366 737 natue
1386 677 1439 752 cst,
1466 674 1633 739 secumdum
1655 674 1690 739 id
1723 675 1805 756 quod
1831 697 1852 740 a
1875 675 2007 743 ludaeis
2029 697 2104 758 pre·

103 761 353 843 memoriterque
380 759 486 826 recole
516 767 550 823 ct
579 758 719 824 fideliter
754 767 829 824 tenc
863 757 1078 824 christianam
1129 757 1244 823 deum
1264 762 1319 837 est,
1340 759 1421 839 qood
1443 759 1526 842 lipec
1555 759 1706 840 messem,
1728 760 1811 842 qued
1835 762 1873 826 dc
1899 781 1988 828 cruce
2012 763 2104 842 depe

101 847 347 927 confessionem,
391 844 523 911 ueniam
544 845 727 909 resurrexit
743 844 920 922 amortuis,
932 840 1081 908 ascendit
1129 844 1220 922 etus,
1242 844 1325 924 quod
1347 844 1452 909 linteis
1472 845 1638 924 involutus,
1658 847 1739 927 quod
1760 847 2103 929 tesepoterocuocice,

101 933 138 997 in
155 931 299 1009 coelum,
330 867 423 998 solet
450 931 491 996 ad
520 930 689 996 dexterum
712 930 830 1013 patris,
857 949 918 993 nec
946 927 1078 993 aliunde
1130 929 1211 1010 qood
1231 929 1268 993 in
1284 931 1506 995 resurrectione
1526 931 1759 1012 matttfeetotue:
1782 932 1855 997 Noc
1876 952 1998 1014 semper
2016 933 2105 999 dode·

103 1039 201 1102 quam
223 1016 301 1083 inde
319 1024 480 1083 venturus
502 1025 553 1082 est
574 1015 616 1080 ad
638 1016 733 1082 vivos
755 1022 965 1096 mortuosque
993 1011 1077 1078 iudi·
1130 1013 1203 1080 bs'tt's
1223 1014 1386 1079 vobiscum.
1434 1015 1561 1097 Qteure?
1589 1017 1736 1096 quoniam
1762 1023 1960 1084 conversatus
1986 1024 2032 1084 est
2059 1039 2105 1084 ee·

103 1103 232 1169 candos.
277 1103 324 1168 Et
356 1102 403 1168 sic
435 1109 599 1168 venturus
627 1110 693 1180 est,
731 1101 790 1166 ille
821 1099 967 1183 angelica
999 1118 1078 1165 voce
1130 1100 1263 1164 cundum
1285 1100 1422 1183 corporis
1435 1105 1652 1182 praesentiam
1672 1103 1883 1186 quadruplata
1904 1103 2013 1170 dietus
2033 1124 2104 1172 cum

103 1197 254 1268 testante,
277 1186 552 1272 quemadmodum
572 1188 621 1252 ire
642 1187 735 1252 visus
756 1194 807 1252 est
826 1187 862 1250 iu
880 1185 1020 1252 eoelum:
1042 1184 1078 1248 iu
1129 1186 1296 1268 decipulis
1317 1187 1395 1265 seio,
1417 1191 1446 1250 et
1465 1186 1680 1253 deducentibus
1700 1189 1791 1272 ipsit,
1823 1188 1954 1255 videndo
1976 1211 2037 1256 uon
2057 1211 2102 1256 ec·

103 1274 214 1340 eadem
241 1275 349 1341 earnis
365 1274 480 1338 dorma
508 1280 604 1356 atque
627 1273 825 1350 substantia,
859 1272 913 1336 cui
935 1271 1077 1354 profecto
1129 1272 1256 1353 queue,
1279 1272 1415 1337 ascendit
1435 1273 1471 1336 in
1492 1272 1620 1349 coelmm
1653 1279 1682 1339 et
1707 1294 1769 1338 noe
1796 1279 1841 1338 est
1871 1274 1929 1341 hic.
1975 1275 2029 1341 lbi
2060 1281 2106 1341 eet

102 1360 381 1425 immortalitatem
399 1357 497 1437 dedit,
518 1365 751 1424 naturamnon
772 1356 916 1424 abstulit.
950 1354 1076 1423 Securi·
1129 1359 1219 1437 enim,
1250 1358 1332 1422 sedet
1353 1358 1395 1423 ud
1416 1358 1574 1424 dexteram
1590 1360 1706 1440 patrie,
1740 1359 1838 1425 ethic
1865 1365 1917 1441 eet,
1939 1381 2001 1426 nen
2022 1361 2105 1427 enirn

102 1444 181 1510 dum
204 1446 289 1511 hene
310 1446 449 1510 formam
467 1466 535 1510 nen
556 1452 607 1509 est
623 1443 788 1527 putandus
799 1443 918 1526 ubique
930 1441 1075 1507 diffusus.
1127 1444 1254 1509 recessit
1270 1444 1645 1525 proeseotiomaicstute'e.
1677 1445 1790 1510 Adter.
1821 1444 1997 1511 Seemcmn
2006 1468 2104 1528 proe-

102 1531 297 1598 Gavendum
319 1538 370 1596 est
391 1529 477 1595 enim
500 1551 542 1594 ne
570 1531 617 1594 ita
639 1530 847 1596 divinitatem
868 1527 1075 1593 adstruamus
1127 1530 1261 1594 sentiam
1281 1529 1458 1594 maiestate
1479 1549 1599 1611 semper
1618 1530 1765 1596 hohenoe
1794 1529 1970 1597 eluiem
1996 1553 2104 1599 sectet-

101 1617 253 1695 heminis,
276 1626 315 1681 ut
335 1617 509 1683 veritatem
532 1616 674 1697 corporis
696 1616 890 1680 auferemus.
928 1614 1003 1678 Non
1025 1621 1075 1678 est
1126 1615 1203 1679 dum
1228 1613 1441 1696 praesentiam
1472 1616 1578 1680 carole
1606 1621 1683 1681 recte
1709 1617 1826 1682 dictum
1845 1623 1891 1682 eet
1921 1619 2105 1701 discipulis:

102 1710 213 1769 autem
236 1723 436 1785 consequens
458 1709 497 1765 ut
539 1700 604 1766 uod
622 1701 659 1765 in
680 1702 752 1766 Deo
774 1708 832 1778 est,
859 1701 907 1765 ite
929 1699 973 1765 sit
1001 1698 1074 1763 ubi·
1126 1700 1182 1764 Me
1203 1705 1388 1765 outencwn
1404 1719 1526 1780 semper
1552 1701 1711 1766 hahebitis.
1755 1701 1879 1768 Habete
1905 1704 2103 1770 eniminum

101 1810 163 1873 quc
185 1795 223 1853 ut
243 1789 343 1866 Deus,
362 1808 440 1852 nam
462 1794 495 1851 et
517 1722 557 1850 le
579 1785 673 1851 nobis
683 1787 894 1852 veracissima
912 1785 1075 1866 scriptura
1124 1785 1249 1850 ecclesio
1277 1785 1446 1850 secundm
1472 1788 1686 1868 praesentium
1717 1789 1825 1854 corcis
1838 1789 1956 1870 poecis
1986 1789 2104 1871 dieite,

100 1874 188 1951 dicit,
211 1872 297 1955 qued
318 1875 354 1937 in
376 1872 432 1937 illo
453 1873 605 1951 vivimus,
624 1880 841 1938 movemuret
862 1888 991 1936 sumus:
1013 1888 1074 1934 nec
1125 1872 1214 1936 modo
1234 1869 1296 1951 fide
1317 1875 1403 1949 tenet,
1427 1873 1526 1937 oculis
1546 1893 1609 1937 ocu
1630 1874 1718 1939 videt

99 1967 211 2025 tamen
233 1959 317 2024 sicut
339 1958 394 2023 ille
416 1957 536 2041 ubique
558 1979 682 2035 sumus,
705 1956 763 2023 sed
783 1957 879 2022 aliter
900 1956 997 2021 hemo
1018 1955 1074 2020 ille
1212 1954 1386 2022 consentit
1413 1957 1512 2021 etiam
1540 1978 1617 2023 eum
1644 1958 1790 2023 articulis
1817 1959 1893 2024 fidei
1923 1959 1963 2025 de
1991 1960 2105 2028 dimne

98 2047 135 2110 in
168 2044 249 2124 Deo,
283 2045 436 2128 quoniam
469 2043 564 2108 aliter
590 2050 624 2108 et
653 2043 746 2108 Deus
774 2043 829 2108 ille
860 2044 896 2106 in
926 2042 1073 2120 homine,
1125 2049 1246 2106 natura
1257 2040 1390 2118 Christi,
1413 2040 1453 2106 de
1471 2044 1715 2125 omnipotentia,
1738 2045 1820 2110 etde
1842 2046 1959 2128 spiritu
1981 2055 2101 2113 sancto.

98 2130 230 2215 proprio
252 2128 391 2212 quodam
413 2136 448 2194 et
469 2128 628 2212 singulari
649 2129 755 2193 modo.
799 2128 876 2194 Una
892 2129 979 2193 enim
1001 2148 1074 2210 per·
1127 2126 1400 2193 credimusenim
1420 2149 1498 2194 vere
1519 2127 1612 2194 nobis
1634 2137 1667 2194 et
1687 2130 1911 2213 potentissime
1928 2140 2102 2216 praestare

99 2237 179 2282 sona
210 2217 303 2281 Deus
332 2223 366 2280 et
396 2215 495 2280 homo
528 2221 593 2291 est,
625 2222 659 2278 et
689 2223 863 2296 utrumque
901 2235 987 2278 unus
1025 2220 1075 2278 est
1127 2213 1300 2279 Christum
1314 2213 1341 2294 ⁸)
1351 2232 1411 2295 per
1429 2235 1527 2279 suum
1549 2215 1702 2298 spiritum
1724 2215 1810 2298 quod
1831 2218 2002 2299 promittit,
2024 2218 2103 2284 licet

100 2300 254 2368 christus
273 2302 384 2380 Iesus,
415 2300 533 2383 ubique
566 2322 625 2383 per
654 2299 688 2364 id
710 2299 797 2383 quod
819 2300 911 2364 Deus
944 2306 1004 2374 est,
1038 2299 1074 2361 in
1127 2298 1397 2381 omnipotentiam
1409 2300 1510 2382 ipsius
1532 2299 1798 2366 adevcrtendum
1820 2303 1914 2367 illum
1925 2303 2101 2369 articulum

100 2388 189 2453 coelo
207 2396 316 2452 autem
336 2408 394 2469 per
415 2386 448 2450 id
477 2384 563 2468 qued
591 2386 698 2451 hemo.
743 2385 915 2451 Hactenus
942 2385 1074 2468 Augus·
1126 2383 1203 2449 fidei
1225 2384 1389 2467 pertinere
1411 2407 1476 2450 non
1499 2383 1683 2452 credamus:
1705 2396 1744 2451 ut
1760 2388 2016 2471 corpusOhristi
2033 2410 2101 2454 non

99 2474 199 2539 finus,
1128 2469 1311 2536 ascenderit
1335 2469 1372 2533 in
1400 2471 1541 2549 coelum,
1570 2482 1603 2535 ct
1630 2494 1695 2538 nen
1723 2473 1835 2542 sedeat
1863 2474 1904 2539 ad
1933 2475 2101 2540 dexteram

185 2557 359 2624 Consentit
389 2557 488 2621 ctiam
515 2565 647 2621 etcum
680 2555 815 2621 articulo
845 2555 885 2620 de
907 2562 1076 2637 assumpte
1128 2555 1202 2635 Dei,
1225 2556 1304 2637 quin
1325 2556 1433 2637 potius
1460 2557 1564 2621 multo
1591 2559 1696 2642 magis
1724 2559 1884 2625 credimus
1901 2562 1948 2626 ita
1970 2561 2101 2627 demum

100 2666 178 2710 vera
201 2644 346 2709 humana
363 2643 533 2726 nature⁸),
556 2643 647 2707 cuius
660 2664 773 2707 omnes
783 2641 991 2719 conditiones,
1017 2661 1075 2705 ex·
1128 2662 1205 2707 vere
1237 2640 1375 2706 stabiliri
1408 2643 1679 2725 omnipotentiam
1713 2652 1746 2709 et
1777 2646 1930 2712 articulos
1969 2654 2101 2713 nostrae

100 2737 344 2812 ceptopeccato,
363 2734 477 2810 sponte
490 2727 642 2793 Christus
663 2727 698 2791 in
718 2728 894 2810 scrccepit,
918 2734 951 2791 et
964 2726 1076 2811 b)post
1128 2727 1215 2802 fidei,
1238 2726 1316 2791 dum
1339 2746 1457 2793 arcana
1479 2736 1513 2792 et
1537 2729 1860 2813 incomprehensibili
1888 2733 2009 2798 virtute
2035 2733 2102 2816 spi·
2214 2735 2219 2746 '

99 2815 368 2899 glorificationem
389 2813 665 2878 immortalitatem
688 2814 780 2880 carni
802 2834 879 2879 suae
897 2810 995 2891 dedit,
1017 2833 1075 2877 na·
1128 2814 1211 2877 ritus
1240 2813 1345 2878 sancti
1371 2834 1453 2896 opus
1480 2814 1541 2880 hec
1566 2816 1602 2879 in
1630 2816 1723 2881 nobis
1750 2816 1854 2881 multo
1883 2819 2002 2884 eortius
2029 2819 2102 2884 fieri

99 2912 208 2966 turam
226 2922 292 2965 nou
314 2898 457 2964 abstulit.
1128 2898 1299 2977 credimus,
1321 2919 1418 2979 quam
1440 2900 1468 2962 si
1489 2902 1606 2982 eorpus
1629 2899 1753 2965 Christi
1772 2923 1790 2965 e
1811 2901 1899 2967 coelo
1928 2924 2027 2987 super
2053 2905 2101 2969 al·

185 2998 219 3064 a)
239 2985 341 3051 Hebr.
365 2991 401 3061 4,
432 2988 479 3047 15.
525 2984 599 3050 Noc
630 2983 775 3049 debemus
801 2984 987 3064 pontifices,
1020 2984 1076 3065 qui
1128 2993 1198 3047 tare
1218 2981 1437 3062 descenderet,
1460 2983 1611 3050 manibus
1632 2986 1776 3050 ministri
1800 2989 2039 3071 porrigeretur,
2069 2999 2103 3054 et

99 3093 161 3137 ocu
175 3072 282 3154 poscit
301 3070 389 3153 affici
409 3090 502 3135 sessu
519 3071 739 3152 infirmitatum
748 3071 1002 3148 noseorummed
1013 3075 1076 3134 ten·
1128 3089 1183 3134 ore
1206 3070 1350 3154 corperis
1372 3070 1475 3134 uestri
1492 3070 1724 3137 comederetur.
1772 3073 1878 3137 Tanto
1911 3075 1998 3139 enim
2031 3096 2101 3140 eer-

99 3162 197 3223 totum
218 3158 254 3221 in
276 3155 419 3221 omuibus
438 3155 592 3234 simditer,
615 3155 729 3236 absque
744 3160 876 3236 peccato.
1127 3156 1192 3219 tior
1212 3176 1249 3220 ac
1272 3156 1433 3236 potentior
1452 3164 1504 3221 est
1524 3157 1659 3239 spiritus
1679 3159 1783 3223 sancti
1801 3160 1956 3243 operatio,
1978 3167 2102 3243 quante

186 3243 223 3326 b)
245 3243 329 3308 Luc.
354 3244 404 3320 24,
428 3244 479 3304 39.
531 3241 636 3306 Videte
662 3260 778 3305 moetus
804 3261 903 3319 meac,
928 3242 1076 3323 etpedee
1127 3247 1253 3306 creator
1274 3240 1345 3323 ipse
1367 3239 1517 3306 omnibus
1546 3243 1705 3309 creaturis
1733 3251 2020 3328 quantumcunque
2044 3267 2101 3311 ex-

100 3349 196 3407 meet,
226 3347 300 3392 uam
333 3346 386 3411 epo
418 3328 486 3408 ipse
515 3347 594 3391 sem.
643 3323 829 3392 Contrectute
849 3345 899 3390 me
920 3330 948 3392 et
968 3327 1075 3405 videte,
1127 3326 1319 3392 cellentibus
1341 3333 1391 3391 est
1411 3327 1567 3408 superior.

99 3435 174 3479 nom
195 3414 331 3494 spirituc
352 3432 477 3477 carnem
503 3417 624 3477 etoesc
644 3432 705 3477 nce
727 3410 832 3492 dudd,
860 3412 941 3476 sieut
961 3432 1009 3476 me
1030 3413 1076 3477 ot'-

99 3499 178 3565 detis
194 3499 311 3564 dobere.
1213 3494 1246 3581 a)
1274 3500 1299 3560 l.
1323 3494 1397 3561 (lor.
1420 3502 1468 3576 15,
1482 3505 1533 3562 45.
1567 3497 1742 3564 Fcctuoeet
1756 3500 2102 3580 prcnmtomoddam

115 3592 117 3596 “
186 3587 325 3667 August.
347 3584 384 3647 in
405 3583 520 3647 Ioann.
543 3582 640 3647 Hom.
665 3585 694 3646 5.
718 3603 751 3647 a:
777 3580 951 3647 Secundum
962 3583 1076 3648 emico-
1126 3584 1162 3648 itt
1194 3583 1336 3647 aninum
1368 3584 1530 3648 cicentes:
1567 3590 1721 3650 extremos
1749 3585 1856 3651 Adam
1888 3587 1923 3650 itt
1953 3588 2102 3668 spiritum

100 3675 194 3736 tatem
214 3689 316 3750 suom,
337 3669 506 3734 secundum
521 3667 946 3750 postumianensem
967 3669 1076 3751 ineffa-
1126 3668 1339 3750 vivificantes.

99 3756 191 3821 bilem
223 3761 252 3821 et
282 3755 468 3820 invutelem
499 3756 650 3837 protmm,
683 3754 831 3834 impletor
861 3755 943 3835 quod
974 3755 1013 3819 ob
1041 3774 1075 3819 eo
1525 3753 1704 3822 Hactenus.
