4724 5886
992 321 1356 391 PRouaaotfflNa
2087 325 2178 392 XIII

191 514 293 573 tamea
313 529 347 574 se
367 511 590 593 separaverint,
610 512 853 578 contutabimus
873 513 908 577 iu
928 531 1094 591 commuue,
1115 513 1304 578 ceillerum
1330 513 1491 594 separatio
1515 511 1628 594 fraudi
1654 513 1697 578 eit
1716 511 1828 594 fertura
1850 510 1944 577 borrae
1965 531 2079 577 caueae
2100 531 2178 579 com

191 621 282 684 murti
303 619 452 703 (Archiv.
475 622 584 689 Turio.
605 623 693 688 Plut.
716 623 777 702 VI,
800 628 875 689 tom.
903 627 972 703 129,
994 622 1073 688 olim
1094 623 1133 689 B.
1158 623 1283 703 30,t01.
1309 624 1394 706 300).
1831 713 1832 716 Ἴ

343 732 431 799 Huic
448 733 727 818 epistolaeaddite
747 736 881 801 fuerunt
902 733 966 800 duc
988 734 1052 799 alia
1073 734 1195 818 scripta
1215 732 1276 799 hoo
1297 733 1367 800 loeo
1389 734 1524 798 minime
1544 733 1790 825 praetereunda.
1821 733 1973 800 Alterum
1992 735 2179 801 continebat

192 841 354 908 Theodori
364 841 548 910 Bibliandri
568 845 862 924 annotatiunculae,
883 866 964 928 quas
985 847 1131 924 vocabat,
1152 845 1342 930 Westphali
1359 845 1534 929 Farragini
1556 845 1727 927 oppositas,
1749 851 1783 909 et
1798 844 1940 910 maxime
1960 843 2001 911 ad
2019 845 2178 912 'fabulam

190 953 281 1018 illam
302 955 467 1022 variarum
488 956 677 1039 opinionum
698 964 883 1040 spectantes
904 956 945 1022 de
965 977 1030 1040 qua
1049 977 1148 1040 supra
1165 956 1316 1022 diximus.
1352 954 1444 1037 Quas
1465 976 1565 1038 quum
1576 954 1734 1021 Calvinus
1756 955 1791 1020 in
1808 976 1868 1022 sua
1884 956 2083 1023 Defensione
2100 980 2178 1024 nus-

191 1085 291 1147 quam
311 1069 502 1148 respexerit,
522 1067 576 1134 hio
598 1074 727 1133 tautum
750 1073 780 1131 tr
796 1067 922 1154 παρόδῳ
944 1069 1146 1152 attingimus,
1169 1068 1246 1132 olim
1267 1067 1302 1131 in
1325 1066 1492 1132 'Ihesauro
1520 1066 1684 1151 epistolica
1705 1066 1856 1132 edendas.
1900 1068 2052 1133 Alterum
2072 1069 2178 1134 multa

190 1176 323 1241 maioris
344 1178 501 1241 momenti
519 1177 695 1244 exhibebat
711 1179 751 1244 de
772 1178 882 1245 libello
902 1179 1033 1245 Caluini
1057 1179 1284 1267 {luticensium
1304 1177 1433 1257 iudicia,
1455 1179 1509 1260 qui
1532 1180 1567 1242 in
1588 1180 1778 1244 uuiversum
1799 1177 1928 1261 quidem
1957 1178 2055 1244 fidem
2077 1189 2110 1246 et
2131 1180 2178 1245 di·

189 1285 361 1369 ligentiam
382 1288 454 1353 eius
474 1287 611 1354 laudaut
631 1290 843 1373 probantque,
864 1291 940 1373 quia
961 1299 1072 1354 tamen
1094 1311 1159 1354 non
1182 1310 1274 1354 suam
1293 1290 1392 1354 unius
1413 1290 1609 1354 senteutiam
1629 1312 1744 1356 verum
1771 1298 1804 1355 et
1831 1290 1975 1374 ipsorum
1996 1291 2178 1374 exprimere

189 1408 464 1482 praesumpserat,
486 1400 655 1479 nonnulla,
677 1401 743 1465 imo
765 1421 832 1465 non
854 1422 958 1484 pausa
979 1399 1133 1481 indicant,
1156 1422 1240 1484 quae
1262 1401 1313 1466 vel
1336 1401 1456 1480 addita,
1483 1401 1535 1466 vel
1561 1401 1715 1481 detracta,
1738 1401 1793 1467 vel
1815 1401 1953 1484 denique
1973 1410 2101 1467 mutata
2121 1424 2177 1469 ou-

188 1518 313 1591 perent
357 1511 504 1576 Maxime
525 1513 670 1576 omnium
692 1510 727 1575 id
749 1512 936 1595 vituperant
956 1511 1042 1594 quod
1064 1511 1223 1579 Calvinus
1240 1514 1337 1578 nimis
1355 1510 1468 1577 acerbe
1486 1513 1709 1596 antagonistas
1725 1513 1912 1596 impetierit,
1934 1503 2054 1596 passim
2076 1514 2179 1580 nebu·

188 1620 311 1698 lunum,
334 1621 512 1687 bestiarum
534 1634 567 1688 et
589 1622 661 1687 aliis
682 1621 905 1694 huiuscemodi
924 1622 1113 1689 nominibus
1140 1645 1195 1688 eos
1218 1644 1349 1688 ornans.
1401 1622 1494 1688 'l'alia
1522 1643 1614 1688 arma
1640 1623 1835 1690 adversariis
1863 1626 1947 1690 forte
1975 1624 2179 1692 concedenda

188 1752 259 1799 esse
280 1743 425 1811 mouent,
447 1732 563 1816 quibus
582 1733 794 1801 etLutherus
810 1735 881 1818 ipse
898 1755 1046 1818 pugnare
1063 1734 1141 1798 olim
1162 1735 1277 1801 solitus
1299 1736 1351 1813 sit,
1374 1756 1409 1800 se
1431 1735 1537 1818 magis
1557 1732 1748 1799 modestiam
1766 1734 1888 1815 decere,
1911 1757 1976 1819 qua
1993 1736 2062 1801 sola
2079 1737 2179 1803 etiam

188 1841 275 1926 apud
295 1845 367 1928 pios
387 1856 420 1909 et
441 1845 617 1928 prudentes
638 1848 725 1912 viros
746 1848 782 1912 in
805 1845 985 1912 Germania
1005 1846 1109 1912 bonae
1131 1867 1249 1912 causae
1270 1845 1487 1913 conciliandos
1505 1843 1626 1928 aliquid
1656 1847 1886 1929 consequuturi
1907 1855 2024 1912 essent
2069 1849 2178 1914 Huius

188 1954 372 2021 documenti
400 1956 567 2040 exemplar
588 1957 775 2041 Bullingeri
802 1956 1030 2041 autographon
1057 1958 1290 2041 descripsimus
1312 1958 1421 2024 Turiei
1449 1955 1791 2042 (arcaturiam,
1820 1969 1897 2023 tom.
1924 1963 1994 2035 105,
2023 1958 2076 2025 fol.
2101 1960 2178 2044 612)

188 2076 222 2130 et
242 2066 389 2151 singulas
410 2068 653 2135 observationes
674 2070 899 2135 ministrorum
922 2070 1148 2135 Turieeneium
1169 2069 1272 2152 ipsius
1294 2067 1502 2134 Defensionis
1524 2068 1629 2133 textui
1651 2089 1710 2133 suo
1730 2089 1891 2152 quamque
1907 2069 1978 2136 lcoo
1995 2069 2178 2137 addidimus

187 2178 348 2256 comitem,
370 2199 433 2261 quo
454 2179 582 2245 facilius
603 2180 733 2246 videres
754 2201 852 2263 quam
874 2200 949 2245 raro
971 2180 1093 2246 Noster
1118 2180 1315 2264 collegarum
1344 2178 1445 2247 verba
1471 2200 1531 2245 sua
1551 2179 1678 2260 iecerit,
1708 2187 1742 2244 et
1769 2200 1866 2263 quam
1894 2200 2012 2264 parum
2038 2180 2179 2247 libenter

187 2310 283 2355 aures
303 2288 442 2354 aliorum
464 2290 607 2354 consiliis
629 2290 823 2373 praebuerit
868 2291 941 2357 Hoc
962 2292 1050 2357 inter
1070 2292 1135 2356 alia
1157 2291 1246 2358 valet
1266 2291 1307 2356 de
1329 2290 1453 2356 'Iabula
1479 2290 1537 2356 illa
1565 2290 1605 2357 de
1631 2312 1696 2374 qua
1716 2290 1948 2376 Bulliugerum
1969 2293 2004 2357 in
2027 2314 2086 2358 sua
2108 2295 2177 2377 epi·

187 2400 271 2465 stola
303 2400 489 2484 loquentem
525 2422 625 2484 supra
652 2403 846 2470 audivimus.
895 2404 980 2468 Erat
1005 2402 1063 2468 illa
1091 2402 1225 2486 duplex:
1259 2403 1435 2469 exhibebat
1467 2403 1555 2467 enim
1588 2403 1732 2485 primum
1758 2403 1859 2468 verba
1883 2402 2046 2469 Matthaei
2072 2405 2177 2471 Marci

186 2512 299 2578 Lucae
320 2520 354 2577 et
373 2513 479 2589 Pauli,
502 2514 694 2579 tumetium
715 2515 873 2579 nonnulla
901 2536 942 2579 ex
964 2514 1099 2579 Ioannis
1121 2513 1200 2597 Gap.
1226 2521 1255 2593 6,
1278 2514 1444 2598 decerpta,
1458 2556 1460 2563 ·
1476 2515 1586 2579 omnia
1612 2534 1690 2581 vero
1718 2515 1804 2581 inter
1832 2535 1868 2580 se
1894 2514 2026 2596 aollata;
2060 2515 2178 2582 deinde

99 2614 103 2619 ¹
186 2624 286 2689 effata
306 2625 426 2690 selecta
447 2632 578 2707 patrum
600 2623 640 2690 de
662 2646 763 2690 coena
784 2625 1004 2691 scribentium.
1037 2626 1135 2691 Hane
1152 2624 1297 2691 tabulam
1314 2647 1373 2709 pru
1390 2634 1535 2709 tempore
1557 2625 1745 2709 seponimus
1767 2625 1831 2691 alia
1852 2627 2019 2692 occasione
2042 2626 2178 2694 eandem

185 2735 222 2799 in
244 2735 387 2801 medium
408 2736 575 2820 prolaturi.
620 2737 741 2802 Exstat
765 2744 937 2820 praeterea
963 2738 998 2801 in
1028 2737 1142 2802 eodem
1170 2736 1278 2804 codice
1299 2738 1352 2803 iol.
1377 2741 1435 2802 601
1461 2758 1528 2820 sqq.
1562 2737 1729 2820 exemplar
1761 2736 1986 2804 authenticum
2010 2739 2178 2822 Epistulae

186 2846 319 2912 Oalvini
340 2847 533 2913 Defensioni
558 2849 630 2914 eius
652 2849 859 2931 praemissae,
880 2848 1030 2931 pluribus
1050 2849 1128 2916 loeis
1151 2849 1247 2915 aliter
1269 2849 1416 2914 sonantis
1438 2869 1536 2932 quam
1558 2856 1670 2931 postea
1688 2848 1777 2932 typis
1794 2849 1958 2933 exscripta
1975 2857 2033 2915 est
2068 2850 2178 2933 Quam

183 2957 305 3024 ibidem
326 2967 508 3042 sequuntur
529 2960 641 3025 variae
661 2960 816 3026 lectiones
836 2960 941 3044 ipsius
960 2961 1109 3044 opusculi
1127 2981 1149 3026 a
1168 2960 1360 3044 Bulliugero
1382 2968 1524 3025 notatae.
1569 2958 1664 3041 Quae
1686 2960 1811 3039 omnia,
1839 2968 2001 3042 quatenus
2022 2960 2199 3046 expedire

184 3068 367 3150 videbatur,
389 3071 424 3134 in
445 3071 629 3154 marginem
649 3072 800 3138 editionis
821 3079 951 3138 nostrae
973 3072 1130 3138 translata
1148 3073 1302 3156 reperies.
1345 3071 1441 3155 Ipsae
1458 3071 1688 3137 aurioensium
1705 3071 1947 3137 observationes
1964 3075 2103 3155 septimo
2122 3072 2177 3141 de-

186 3203 279 3247 mum
301 3181 353 3248 die
374 3183 573 3248 Novembris
594 3181 765 3248 Genavam
787 3192 1016 3266 pervenerunt.
1653 3257 1658 3272 ,
2156 3246 2160 3256 .

340 3292 415 3375 Quo
437 3301 582 3378 tempore
603 3292 684 3361 haee
705 3296 792 3360 inter
813 3294 990 3360 Calvinum
1013 3303 1046 3360 et
1067 3296 1261 3361 'Iuricenses
1283 3296 1473 3380 agebantur,
1501 3293 1612 3361 codem
1634 3294 1691 3359 ille
1711 3294 1796 3359 mira
1816 3293 1878 3360 sibi
1899 3293 2113 3378 pollicebatur
2136 3295 2176 3362 de

176 3414 337 3489 'prompta
359 3411 393 3470 et
413 3413 529 3487 parata
550 3406 782 3490 approbatione
803 3415 837 3471 et
857 3406 1094 3491 subscriptione
1116 3406 1335 3474 ecelesiarum.
1380 3406 1437 3474 Sic
1459 3406 1547 3472 enim
1573 3404 1686 3471 scribit
1706 3404 1837 3470 Farello
1859 3404 2013 3471 Oalendis
2033 3407 2177 3472 Novem·

186 3520 299 3586 bribus
330 3516 424 3602 (aad.
454 3515 579 3584 Gener.
614 3522 673 3582 107
703 3537 732 3597 a,
760 3518 814 3584 fol.
838 3521 879 3583 78
901 3519 1056 3603 autogr.):
1109 3517 1282 3585 &meumes
1311 3519 1411 3584 nostri
1440 3517 1647 3600 defumiauem
1679 3518 1726 3582 sio
1751 3515 1809 3581 tibi
1830 3515 1964 3597 probari
1990 3517 2177 3585 vehemeter

183 3631 311 3716 paudeo.
363 3627 490 3695 Utinam
513 3628 680 3713 Tipuriuis
701 3630 783 3695 idau
803 3633 846 3696 eit
866 3631 1027 3698 iuditium.
1070 3630 1232 3698 Caeterum
1255 3634 1291 3695 ut
1310 3629 1540 3712 maamefaotoe
1566 3629 1654 3694 uideo
1669 3626 1836 3708 mibispee
1850 3629 2076 3710 propemodum
2092 3635 2176 3696 certa

186 3748 231 3809 eet
251 3742 293 3807 ad
314 3739 567 3821 susceperuut
588 3760 649 3806 acu
668 3741 737 3822 fore
758 3742 866 3808 tardos
885 3762 939 3809 uec
960 3743 1113 3826 difficiles.
1156 3741 1209 3809 De
1229 3740 1443 3808 Beruertsrbue
1463 3742 1583 3824 diffido,
1605 3761 1644 3806 ue
1664 3760 1720 3805 suo
1736 3757 1820 3802 more
1836 3744 1989 3820 eauaeut,
2005 3761 2067 3822 per
2087 3761 2176 3808 seua·

184 3860 253 3920 tum
272 3872 335 3918 uon
354 3851 454 3918 licere.
499 3849 606 3934 Neque
625 3872 696 3918 aero
716 3851 784 3918 sola
804 3873 855 3919 eae
875 3854 1021 3920 ruiiitiee
1039 3854 1199 3935 impediet,
1231 3853 1286 3919 sed
1317 3853 1399 3936 quod
1419 3852 1581 3919 absarrum
1607 3851 1777 3917 dissidium
1809 3851 1896 3917 taciti
1921 3851 2026 3935 fouere
2052 3855 2176 3920 malam

185 3986 280 4047 queam
298 3965 431 4048 iupeuue
454 3962 535 4027 iuter
554 3984 589 4030 se
608 3964 833 4029 communicare
853 3966 930 4047 quid
949 3967 1090 4031 seutiam.
1135 3963 1175 4030 Si
1195 3969 1297 4029 tamea
1320 3964 1434 4048 Tipuri
1454 3964 1559 4046 adepti
1579 3963 1697 4028 erimus
1716 3962 1797 4043 quod
1817 3982 1915 4045 spero,
1935 3964 1984 4029 ael
2004 3964 2176 4046 importare

185 4077 317 4160 urpeudi
337 4080 427 4142 aaut
446 4080 482 4141 at
503 4076 654 4141 accedant.
692 4076 835 4142 Taurum
855 4078 949 4143 etiam
964 4078 1110 4160 partium
1130 4082 1202 4142 tuuc
1223 4077 1283 4140 erit
1304 4077 1392 4157 opud
1412 4074 1634 4158 Balliuperum
1654 4073 1774 4139 iactare
1793 4078 1830 4139 at
1846 4073 1970 4156 aliquid
1987 4080 2173 4157 retorqueat.

190 4186 350 4270 Qmum
370 4185 564 4253 Biaurerum
583 4187 652 4268 fore
671 4193 809 4251 metram
829 4208 892 4254 aaa
911 4189 1022 4254 datto.
1068 4188 1175 4270 Neque
1195 4187 1296 4253 scium
1309 4206 1372 4268 pro
1393 4207 1454 4266 sua
1469 4187 1586 4267 pietate
1607 4189 1635 4249 et
1655 4185 1796 4250 doctriua
1815 4185 1903 4250 rabia
1922 4186 2098 4267 subsuta,
2119 4188 2175 4253 aed

186 4300 279 4363 mam
295 4318 357 4380 pro
377 4298 538 4382 simpuiari
559 4297 752 4363 humanitate
778 4304 806 4363 et
830 4300 992 4367 immodico
1014 4321 1089 4383 erpa
1110 4319 1158 4364 me
1177 4320 1290 4378 amore,
1314 4300 1395 4365 secut
1416 4302 1458 4376 tu,
1488 4296 1659 4361 liberaliter
1685 4296 1764 4361 earle
1784 4297 1936 4380 seriptum
1950 4298 2106 4367 ,aratus
2127 4320 2177 4364 ea·

186 4409 274 4475 tolia.
318 4406 515 4476 Baeiiieueee
535 4409 619 4475 uitii
638 4409 729 4474 aliud
750 4410 923 4475 morabitur
943 4432 1039 4493 quam
1060 4411 1209 4476 blandum
1232 4409 1353 4475 Saloeri
1372 4409 1539 4493 inperium,
1561 4409 1614 4472 aui
1634 4428 1739 4475 omues
1755 4409 1889 4476 mulcere
1906 4429 1943 4475 ac
1959 4408 2090 4475 delinire
2105 4410 2179 4493 pia-

184 4527 238 4589 aet.
290 4522 405 4588 Verum
425 4521 498 4587 baec
518 4522 626 4587 amaia
647 4520 737 4588 Deus
755 4521 939 4604 patmuabrt
965 4531 1058 4590 oaett.
1110 4521 1184 4604 Quo
1211 4529 1305 4605 paeto
1337 4520 1419 4585 haec
1445 4517 1577 4584 Caluini
1605 4540 1678 4602 spes
1705 4520 1741 4585 in
1767 4521 1894 4584 fumum
1921 4519 2039 4586 abierit
2063 4527 2177 4603 postea

185 4632 379 4699 videbimus.
426 4633 565 4698 Interim
588 4631 829 4710 rturicensibus,
853 4637 992 4717 acceptis
1015 4655 1127 4719 eorum
1148 4633 1261 4710 literis,
1288 4631 1420 4715 longam
1441 4631 1571 4715 scripsit
1592 4630 1764 4716 epistulam
1791 4629 1821 4695 d.
1848 4633 1895 4694 13.
1918 4630 2121 4709 Novembris,
2144 4638 2177 4695 et

185 4746 368 4811 breviorem
390 4744 582 4828 Bulliugero
610 4744 675 4828 ipsi
696 4744 727 4809 d.
750 4746 801 4809 23.
824 4742 970 4811 eiusdem
991 4746 1113 4813 mensis
1138 4745 1287 4830 (Archiv.
1309 4743 1417 4809 I‘urio.
1440 4743 1528 4809 Plut.
1550 4742 1611 4823 VI,
1632 4742 1698 4807 vol.
1724 4745 1794 4819 100,
1816 4742 1868 4807 iol.
1893 4743 1956 4805 624
1979 4748 2013 4806 et
2035 4740 2111 4824 626)
2133 4761 2175 4807 ex

185 4855 306 4939 quibus
325 4855 479 4940 pauciore
499 4863 627 4920 tantum
648 4856 684 4920 in
711 4863 916 4939 praesentem
937 4878 1035 4924 usum
1056 4877 1229 4940 excerpere
1250 4856 1337 4921 libet
1370 4855 1533 4921 Laborem
1549 4854 1719 4921 suumillis
1735 4853 1865 4936 probari
1886 4853 2041 4931 laetatur;
2061 4870 2175 4917 eorum

186 4969 328 5034 consiliis
349 4989 385 5034 se
407 4967 648 5050 obtemperasse
669 4968 818 5048 affirmat,
841 4968 947 5051 quoad
967 4969 1104 5035 licuerit.
1149 4967 1187 5035 Si
1208 4975 1320 5033 tamen
1343 4968 1427 5032 votis
1454 4987 1566 5032 eorum
1592 4964 1737 5030 noudum
1764 4965 1966 5031 satisfactum
1993 4963 2052 5043 sit,
2080 4962 2175 5029 facile

185 5099 222 5146 ee
243 5099 418 5162 passurum
441 5079 599 5162 scriptum
621 5096 717 5146 suum
739 5080 904 5163 sepultum
925 5080 1039 5146 iacere.
1083 5081 1125 5146 In
1148 5080 1274 5146 eodone
1294 5078 1457 5144 communi
1479 5077 1546 5143 suis
1565 5075 1714 5159 partibus
1742 5076 1853 5142 deesse
1873 5072 2032 5154 noluisse,
2056 5095 2174 5142 verum

184 5190 234 5256 ita
256 5190 317 5256 sibi
338 5190 444 5259 rideri
472 5210 507 5256 se
528 5188 715 5258 defunctum
735 5198 773 5257 ut
794 5191 877 5257 nibil
898 5190 985 5257 ultre
1006 5192 1162 5275 privatim
1184 5190 1380 5257 tentandum
1401 5191 1451 5256 sit.
1496 5188 1561 5254 His
1587 5195 1621 5254 et
1647 5186 1808 5254 similibus
1834 5186 1912 5251 eatis
1938 5192 2051 5269 aperte
2076 5186 2174 5271 signi·
