4590 5858
516 1463 834 1547 PRAEFATIO
857 1463 919 1545 IN
939 1464 1226 1547 LIBELLUM
1246 1462 1322 1545 DE
1343 1462 1649 1545 FRANCISOO
1671 1460 1881 1545 SPIERA.

1230 1718 1376 1784 inficiat?
1409 1717 1525 1798 Itaque
1547 1718 1627 1783 alias
1649 1726 1763 1802 gentes
1784 1716 1895 1801 impiis
1913 1712 2198 1799 superstitionibus

1229 1803 1380 1869 videmus
1408 1804 1599 1868 fascinatas:
1631 1803 1715 1869 hano
1748 1823 1825 1869 vero
1859 1802 1995 1867 effraeni
2024 1801 2090 1885 Dei
2123 1820 2196 1865 oon·

297 1890 431 1973 Quanta
465 1891 507 1954 sit
539 1890 574 1953 in
607 1888 818 1955 aestimandis
851 1889 915 1954 Dei
943 1890 1094 1971 operibus
1127 1891 1179 1955 val
1230 1898 1357 1973 tempta
1384 1890 1555 1954 furentem.
1600 1889 1711 1953 Habet
1739 1887 1869 1971 quidem
1898 1887 1956 1952 illa
1982 1888 2075 1971 regio
2103 1906 2195 1969 quos·

207 1979 311 2044 animi
339 1977 442 2042 nostri
466 1975 669 2059 malignitas,
699 1974 752 2040 vel
778 1973 888 2039 iudioii
939 1976 1076 2055 raritas,
1102 1975 1180 2040 bino
1230 1973 1306 2039 dam
1339 1982 1541 2059 praestantes
1573 1983 1606 2039 et
1632 1972 1784 2048 'cordatos
1817 1972 1944 2039 Obristi
1976 1992 2104 2038 servos:
2138 1991 2194 2037 neo

205 2065 353 2129 >maxime
375 2074 523 2145 apparet,
551 2057 636 2143 q'uod
658 2081 758 2143 quum
780 2066 830 2125 tot
849 1995 1053 2126 vindicandis
1075 2061 1178 2126 homi·
1230 2059 1357 2140 dubito,
1388 2060 1468 2143 quin
1496 2059 1618 2125 multae
1644 2060 1713 2125 illia
1739 2059 1872 2125 Christo
1900 2059 1968 2123 sint
1993 2079 2087 2136 oves,
2116 2077 2194 2140 quae

204 2170 292 2214 ¹num
328 2147 502 2213 soeleribus
536 2146 709 2228 eonspioua
741 2144 879 2210 subinde
911 2147 1061 2228 exempla
1093 2146 1177 2226 edat,
1221 2144 1327 2210 bodie
1355 2143 1519 2229 dispersae
1545 2143 1677 2210 tandem
1705 2145 1908 2229 colligentur.
1962 2144 2004 2208 In
2030 2143 2194 2208 communi

210 2255 249 2300 ea
270 2233 364 2298 multi
388 2239 513 2297 contem
538 2233 597 2295 tim
621 2239 839 2313 praetereunt,
862 2230 918 2295 alii
934 2231 1041 2313 palam
1060 2231 1177 2310 ridant,
1231 2240 1339 2295 tamen
1372 2230 1541 2295 hominum
1573 2231 1660 2308 vita,
1695 2231 1793 2295 etiam
1826 2231 1855 2295 si
1886 2228 2033 2313 singulos
2066 2227 2193 2293 ordines

201 2319 266 2385 alii
287 2319 420 2383 fortuito
442 2253 587 2382 aooidere
608 2317 797 2398 opinantur,
827 2336 939 2381 omnes
968 2315 1075 2382 subita
1096 2319 1178 2383 obli·
1229 2316 1421 2399 perlustres,
1450 2316 1534 2380 nihil
1559 2326 1689 2399 praeter
1710 2314 1907 2381 horrendam
1929 2315 2120 2380 eaecitatem
2141 2335 2192 2397 ap-

210 2407 305 2469 vione
334 2404 504 2487 sepeliunt.
547 2402 639 2467 Haeo
670 2400 887 2485 ingratitudo,
921 2423 1020 2484 quum
1052 2424 1111 2485 per
1143 2424 1178 2467 se
1229 2408 1331 2483 paret
1377 2399 1516 2482 Quando
1543 2403 1653 2485 itaque
1678 2400 1787 2466 Deum
1815 2409 1883 2466 tam
1910 2420 2022 2466 seoure
2048 2401 2116 2465 imo
2143 2420 2192 2464 su·

201 2491 345 2554 minime
367 2490 410 2554 sit
431 2486 578 2566 ferenda,
606 2486 667 2552 hoe
695 2505 821 2570 quoque
842 2486 918 2551 mali
940 2507 1049 2552 seoum
1072 2489 1177 2568 affert,
1230 2488 1328 2571 perbe
1356 2495 1584 2566 oontemnunt,
1613 2485 1676 2551 sibi
1703 2487 1815 2570 quales
1840 2497 2024 2564 merentur,
2053 2485 2192 2550 habeant

222 1741 225 1746 ’
268 1771 424 1835 tenuras
443 1769 619 1827 canamus
638 1736 852 1826 amariano
870 1768 1025 1858 aaaron
1043 1771 1069 1825 s.
1088 1771 1121 1826 o.

100 2646 108 2662 .
205 2573 297 2659 quod
314 2585 356 2639 ex
367 2573 432 2638 Dei
448 2573 575 2638 iudioiis
592 2593 689 2655 quem
707 2570 840 2637 deaebet
856 2573 1083 2639 lruotumnon
1104 2596 1178 2658 per·
1228 2573 1409 2655 magistros.
1441 2572 1571 2658 Dignus
1593 2580 1703 2638 autem
1725 2581 1775 2637 est
1794 2572 1991 2638 Francisous
2011 2569 2121 2654 Spera
2141 2569 2192 2654 qui

205 2660 357 2744 >cipimus
402 2660 436 2724 la
457 2667 565 2723 autem
587 2666 646 2734 est,
669 2658 725 2741 qui
745 2657 887 2723 breviter
908 2667 1082 2724 nutatura
1126 2680 1178 2724 ro-
1229 2659 1352 2740 primas
1374 2666 1492 2723 teneat.
1536 2658 1621 2723 Nam
1644 2679 1744 2740 quum
1765 2658 1862 2723 homo
1884 2666 2042 2723 ventosus
2065 2658 2120 2739 (ut
2140 2677 2192 2738 ap-

210 2745 326 2830 pheta:
348 2746 394 2812 Ut
415 2744 490 2809 indo
513 2744 671 2808 iustitiam
690 2741 817 2808 disum
833 2743 959 2809 inoolae
976 2752 1084 2810 terrae
1101 2681 1178 2831 dles.
1229 2745 1338 2826 paret)
1361 2751 1399 2807 et·
1415 2743 1606 2809 ambitiosae
1626 2744 1839 2810 ostentationi
1860 2743 1997 2821 deditus,
2021 2743 2192 2826 profanum

212 2835 263 2910 26,
287 2833 330 2914 9).
377 2829 451 2911 Quo
479 2830 656 2913 signifieat,
683 2835 775 2894 metu
796 2828 976 2911 peruulsoe,
999 2828 1118 2896 debera
1137 2830 1179 2896 ad
1230 2828 1266 2893 in
1294 2849 1417 2894 morem
1446 2828 1669 2913 philosophari
1693 2829 1836 2896 voluerit
1863 2830 1899 2893 in
1921 2829 2047 2894 Christi
2075 2828 2190 2902 subola

211 2916 277 2982 Dei
302 2917 453 2981 timorem
487 2916 636 2999 vitaeque
664 2913 871 2980 sanotitatem
898 2915 1030 2981 erudiri.
1091 2915 1180 2983 Huie
1230 2913 1364 2979 tandem
1384 2915 1419 2978 in
1440 2914 1549 2981 luoem
1569 2915 1762 2999 productus,
1785 2934 1819 2980 se
1840 2915 1928 2980 inter
1950 2935 2004 2979 eos
2025 2913 2134 2978 loaum
2153 2911 2191 2978 ad

209 3003 290 3068 vitio
320 3009 356 3067 nt
387 3001 579 3066 medeantur
605 3000 798 3084 prophetae,
820 2999 914 3065 nulla
932 3001 968 3065 in
989 3008 1084 3085 parte
1105 3001 1180 3068 doe·
1229 3007 1358 3083 tempus
1380 3020 1557 3083 ooeupasse
1574 2999 1725 3080 ostendit,
1748 3021 1789 3065 ex
1811 3020 1951 3082 quorum
1967 3019 2107 3065 numero
2129 3019 2191 3063 non

211 3089 319 3153 trinae
340 3087 445 3172 magis
474 3087 645 3164 insistunt,
669 3106 765 3170 quam
787 3092 825 3150 ut
843 3107 923 3168 quas
945 3085 1037 3153 Deus
1058 3107 1179 3171 poenas
1229 3091 1308 3150 erat.
1352 3085 1441 3150 Hino
1463 3085 1590 3151 distant
1609 3086 1703 3165 itali,
1729 3086 1846 3170 quibus
1873 3086 2013 3151 nimium
2035 3085 2192 3150 familiam

209 3174 331 3258 infligit
352 3172 518 3239 sceleratis
540 3193 577 3238 ao
598 3171 716 3254 impiis,
739 3178 869 3236 nostrae
891 3174 1065 3238 memoriae
1086 3173 1180 3256 quasi
1229 3179 1279 3235 est
1295 3192 1369 3236 oum
1387 3171 1458 3236 Deo
1473 3171 1595 3251 ludere,
1618 3192 1717 3256 quam
1738 3173 1858 3237 seriam
1879 3192 1899 3236 a
1919 3172 2101 3236 maiestatis
2117 3190 2192 3235 suae

210 3260 360 3344 infigant
392 3257 517 3322 Verum
535 3257 658 3323 aooedit
679 3257 858 3321 etiamnum
880 3256 1003 3323 malum
1023 3258 1178 3337 deterius,
1227 3254 1420 3340 illusoribus
1445 3257 1601 3323 ultimam
1629 3271 1783 3341 reposcat.
1826 3256 1900 3322 Iam
1926 3255 2012 3339 quod
2039 3275 2192 3321 romanus

233 3345 404 3410 ervioaoia:
427 3340 514 3426 quod
534 3364 576 3408 ne
596 3342 711 3407 moniti
728 3341 859 3425 quidem
877 3344 1030 3426 sapimus.
1063 3344 1179 3427 Itaque
1229 3342 1453 3407 Antiohristus
1478 3364 1538 3426 per
1565 3364 1661 3409 snum
1688 3342 1719 3409 le
1761 3351 1834 3408 tum
1861 3343 1897 3406 in
1923 3342 2035 3408 miseri
2062 3362 2101 3408 ae
2121 3362 2191 3424 per-

211 3366 264 3495 diu
286 3439 336 3495 tot
356 3430 583 3508 monitionum,
608 3447 688 3510 quas
709 3427 830 3510 passim
852 3428 1018 3495 ineuloant
1038 3428 1177 3512 prophe·
1230 3427 1291 3491 diti
1316 3428 1459 3494 hominis
1487 3449 1625 3511 persona
1651 3427 1691 3494 de
1743 3429 1847 3493 bristo
1870 3428 2003 3512 eiusque
2024 3425 2191 3511 evangelio

211 3525 279 3594 tae,
312 3524 345 3581 et
375 3516 411 3579 in
444 3514 561 3598 quibus
595 3514 696 3579 etiam
722 3512 915 3578 detonandis
942 3513 1177 3597 quodammodo
1229 3513 1470 3579 memorabilem
1492 3513 1696 3598 triumphum
1717 3534 1814 3598 agere
1836 3513 1951 3591 voluit,
1974 3512 2112 3597 dignum
2138 3533 2192 3577 ne·

210 3601 403 3680 fulminant,
430 3601 593 3682 profectus
614 3596 775 3663 duntaxat
796 3608 945 3681 apparet,
974 3600 1061 3682 quod
1081 3602 1179 3684 pauoi
1228 3599 1309 3663 furio
1330 3620 1389 3665 suo
1412 3607 1645 3683 stratagemate
1666 3607 1820 3666 eventum
1840 3608 1956 3665 neotus
1975 3607 2033 3664 est
2071 3596 2191 3680 Quam·

210 3685 448 3769 aliquantulum
471 3692 661 3769 tanguntur.
697 3684 780 3748 Tam
801 3683 935 3750 brutum
956 3694 1121 3768 stuporem
1142 3693 1180 3751 ut
1229 3683 1285 3749 din
1316 3685 1403 3750 inter
1435 3685 1595 3751 immanes
1631 3686 1793 3752 ornoiatus
1826 3692 2010 3749 emortuum
2043 3684 2191 3767 spiritum

210 3770 304 3838 nobis
335 3772 477 3837 exentiat
502 3771 610 3848 Deus,
644 3767 802 3836 eiusmodi
832 3770 999 3836 interdum
1030 3771 1179 3855 prodigia
1230 3770 1333 3834 traxit
1362 3770 1398 3834 in
1431 3770 1553 3836 mundo
1583 3769 1708 3855 Spera,
1740 3770 1882 3837 clamare
1913 3791 1980 3836 non
2011 3769 2127 3848 desiit,
2158 3790 2191 3834 se

211 3856 293 3936 edit,
316 3879 397 3940 quae
419 3876 479 3922 nos
501 3857 598 3921 etiam
621 3855 817 3920 dormientes
839 3854 962 3938 aliquid
981 3858 1103 3921 sentire
1125 3877 1178 3923 oo·
1229 3863 1361 3920 aeterno
1394 3856 1495 3921 exitio
1529 3855 1683 3923 devotum
1716 3877 1800 3936 esse,
1833 3857 1910 3939 quie
1941 3856 2070 3921 romani
2095 3855 2192 3939 legati

234 3952 300 4008 ant.
345 3942 423 4006 Tale
450 3944 486 4006 in
512 3941 688 4007 Francisoo
716 3939 822 4024 Spera
833 3941 856 4025 ¹)
884 3963 951 4006 non
980 3943 1025 4007 ita
1052 3942 1178 4025 pridem
1228 3941 1348 4024 partim
1369 3942 1563 4007 meretriciis
1582 3942 1759 4022 illecebris,
1789 3944 1908 4025 partim
1930 3942 2112 4026 tyrannidis
2133 3941 2191 4004 mi·

210 3965 440 4094 documentum
472 4027 590 4093 edidit:
630 4026 770 4110 primum
804 4026 840 4090 in
872 4026 990 4106 Italia,
1023 4027 1086 4092 hoa
1119 4036 1177 4108 est,
1229 4027 1281 4092 nis
1303 4026 1344 4092 ad
1365 4027 1557 4093 seeleratam
1578 4027 1639 4093 filii
1660 4026 1739 4106 Dei,
1772 4028 1833 4094 hoo
1860 4035 1911 4093 est
1936 4027 2053 4093 unitae
2080 4027 2192 4092 mutis

210 4135 337 4181 summo
359 4123 392 4178 et
411 4112 631 4178 illustrissimo
659 4113 757 4177 totius
778 4112 930 4194 Europae
952 4122 986 4178 et
1007 4113 1179 4180 christiani
1230 4112 1481 4197 abnegationem
1501 4113 1679 4196 perduntus
1699 4114 1791 4179 foret
1827 4114 2013 4179 Personant
2032 4113 2121 4178 inter
2140 4132 2192 4177 eos

210 4199 298 4266 orbis
326 4199 470 4263 theatro:
499 4198 616 4263 deinde
643 4199 678 4262 in
701 4205 871 4281 augente,
899 4218 982 4281 quae
1004 4220 1105 4281 quum
1127 4201 1178 4264 in-
1229 4205 1414 4282 martyrum
1441 4220 1551 4276 voees,
1579 4220 1661 4282 quos
1685 4199 1820 4264 immani
1847 4199 1987 4264 saevitia
2012 4196 2191 4266 uuoidmt:

209 4286 299 4370 genii
329 4285 530 4369 perspicatia
556 4285 698 4348 maxime
730 4282 849 4365 alioqui
880 4283 1016 4366 polleat,
1050 4284 1111 4351 hae
1141 4286 1178 4349 in
1230 4290 1264 4348 et
1290 4283 1326 4348 in
1354 4284 1443 4349 ooelo
1469 4283 1600 4368 quidem
1628 4283 1857 4351 exaudiuntur.
1900 4285 1968 4350 Eae
1994 4304 2093 4368 papa,
2123 4305 2192 4350 oum

209 4382 303 4456 parte
325 4371 399 4454 plus
420 4391 519 4453 quam
539 4367 671 4452 stupida
692 4375 749 4434 est.
782 4367 868 4433 Nam
890 4368 957 4434 illio
978 4370 1026 4434 ita
1042 4369 1179 4436 lioenter
1229 4390 1288 4435 suo
1321 4369 1493 4450 satellitio,
1529 4370 1664 4436 auribus
1700 4371 1768 4436 suis
1803 4369 1957 4454 indignas
1990 4390 2061 4435 esse
2093 4377 2192 4454 putat

210 4465 379 4543 grassatur
400 4455 523 4540 passim
544 4454 702 4538 impietas,
726 4462 762 4518 ut
782 4455 886 4519 maior
904 4475 980 4538 pars
997 4456 1051 4519 vel
1069 4456 1178 4522 Deum
1229 4455 1345 4538 Itaque
1383 4455 1480 4521 huius
1515 4457 1567 4520 sui
1594 4457 1750 4540 matyris
1777 4455 1941 4522 oantilena
1971 4457 2132 4539 tantisper
2162 4477 2193 4521 se

210 4543 325 4608 mundi
347 4563 418 4608 esse
440 4542 587 4624 opificem
608 4561 674 4604 non
696 4539 829 4623 eogitet,
853 4540 905 4605 vel
927 4540 1068 4606 iudioem
1089 4542 1178 4606 futu·
1229 4540 1405 4620 obloatent,
1435 4543 1514 4606 dum
1540 4543 1575 4607 in
1601 4540 1739 4607 eandem
1765 4541 1941 4607 trahantur
1962 4540 2194 4626 desperationis

210 4651 284 4694 rum
307 4649 372 4692 non
395 4636 559 4712 agnoscat.
594 4626 639 4690 Et
659 4624 737 4708 quid
759 4626 900 4690 mirum?
930 4624 969 4691 Si
990 4627 1178 4693 Antichris-
1230 4647 1368 4692 soonam.
1416 4628 1541 4711 Papam
1567 4648 1740 4694 romanum
1765 4647 1840 4692 oum
1868 4648 1928 4692 sua
1953 4626 2122 4693 latronum
2145 4647 2194 4692 oo·

210 4722 278 4794 tus,
307 4713 363 4796 qui
385 4713 589 4778 mortiferum
611 4732 707 4776 suum
728 4731 894 4776 venenum
914 4711 949 4776 in
971 4712 1103 4778 ultimos
1125 4734 1179 4779 us-
1229 4712 1333 4792 horto,
1360 4720 1394 4776 et
1413 4712 1515 4778 Italos
1544 4714 1738 4779 nominatim
1764 4712 1935 4796 oompello:
1964 4733 2031 4777 non
2058 4714 2137 4797 quia
2157 4710 2195 4777 ad

211 4821 274 4883 que
295 4809 402 4863 terrae
424 4800 507 4864 fines
523 4797 652 4882 sparsit,
675 4796 826 4880 propiore
849 4797 961 4863 afflatu
979 4797 1080 4864 Italos
1103 4819 1179 4864 suos
1229 4820 1285 4864 eos
1306 4798 1392 4864 solos
1413 4799 1575 4881 pertineat
1590 4799 1786 4883 exemplum,
1808 4797 1866 4864 sed
1882 4798 1959 4882 quia
1974 4797 2118 4864 mirabili
2134 4797 2197 4863 Dei

1229 4884 1435 4967 providentia
1462 4884 1523 4950 hoo
1546 4885 1765 4968 speetaoulum
1792 4905 1905 4950 eorum
1931 4883 2033 4950 oeulis
2064 4884 2197 4967 propius

280 5004 309 5068 1)
330 5001 376 5057 Str
392 5002 433 5057 at.
451 5008 545 5057 aare
559 5004 697 5071 paneae.
723 4998 799 5053 Atat
815 4998 918 5078 atam
927 5000 1004 5070 spira
1021 5005 1063 5058 erl
1074 5003 1178 5073 spiere,
1229 4971 1330 5036 suffit
1350 4968 1533 5036 admotum:
1555 4970 1632 5052 quia
1647 4971 1712 5071 nisi
1733 4971 1857 5070 tragim
1874 4978 1962 5034 motu
1978 4968 2199 5067 ,expergefieri

209 5086 280 5141 qaae
293 5077 432 5159 possesso
446 5071 538 5137 form
554 5071 673 5126 maso
685 5069 783 5138 porse
798 5066 861 5132 fast.
1230 5063 1406 5142 nequeunt.
1453 5056 1585 5121 Interea
1612 5068 1716 5124 serant
1742 5065 1775 5123 et
1806 5056 1888 5121 aliae
1919 5061 2083 5135 natones,
2118 5075 2153 5120 se
2178 5075 2198 5118 a
