4620 5828
115 219 176 282 669
811 215 876 280 AD
899 212 1223 296 QUABSTIONES
1243 213 1420 285 IUDAEI.
2055 222 2118 288 670

199 403 268 471 Nos
302 423 382 471 vero
416 403 519 471 libere
550 406 741 488 profitemur
771 403 857 489 quod
889 403 990 471 dictat
1020 404 1094 489 ipsa
1140 403 1230 484 iacit,
1253 409 1293 469 nt
1312 424 1388 470 earo
1409 425 1469 471 sua
1495 402 1587 471 cibus
1619 404 1663 472 sit
1691 413 1811 472 noster.
1859 405 2012 475 Dicimus
2039 429 2118 495 ergo

113 491 233 574 pietas,
261 512 328 556 non
354 489 451 556 modo
476 511 598 591 agnum
625 489 809 574 paschalem
836 490 935 556 fuisse
965 488 1093 556 Christi
1144 511 1220 555 vere
1240 489 1419 557 comedisse
1440 491 1603 578 apostolos
1624 511 1756 559 carnem
1783 491 1917 572 Christi,
1944 515 2012 559 non
2038 515 2118 579 qua·

113 577 264 661 figuram
286 575 344 643 sed
365 583 400 644 et
425 595 535 641 omma
556 577 728 643 sacrificia:
757 577 833 659 quia
859 577 958 642 nimis
984 596 1092 641 crasse
1140 575 1218 642 liter
1235 575 1361 642 comedi
1381 575 1464 642 solet
1485 596 1561 643 caro
1582 599 1624 643 ex
1640 578 1778 646 macello
1805 587 1930 662 empta,
1958 578 2016 646 sed
2041 582 2118 664 quia

114 662 279 728 somniant
295 660 406 728 Deum
428 661 535 744 adipis
555 664 693 741 foetore,
722 663 776 728 vel
804 661 991 745 aspersione
1017 681 1091 726 san·
1143 682 1211 726 non
1231 661 1326 727 aliter
1337 662 1463 729 animas
1484 663 1631 747 ipsorum
1647 662 1732 728 aluit
1742 662 1905 742 Christus,
1927 665 2024 732 sicuti
2040 687 2117 733 nos-

90 748 232 839 ,guinis
250 747 304 814 vel
314 748 475 830 pecudum
493 748 591 815 caede
601 748 766 832 placatum
778 746 878 814 fuisse
896 746 1091 826 hominibus,
1143 754 1211 813 tras
1234 746 1378 830 quotidie
1399 747 1459 813 alit
1479 749 1514 814 in
1536 749 1739 832 spiritualem
1767 750 1885 829 vitam,
1916 772 2014 834 quam
2031 771 2118 835 pane

114 841 148 899 st
168 832 288 899 talibus
308 833 445 916 piaculis
467 842 607 918 purgata
629 835 728 899 fuisse
755 841 895 917 peccata
944 833 1035 917 Ergo
1056 833 1091 897 in
1143 841 1176 896 et
1197 833 1268 900 cibo
1290 853 1407 917 corpus
1426 835 1582 919 pascitur.

113 924 181 984 toto
215 918 314 1004 legali
346 918 437 986 cultu
475 918 597 1003 aliquid
628 920 848 1003 praestantius
882 917 1092 1004 adumbravit

112 1005 213 1071 Deus.
259 1002 326 1070 Sed
348 1004 425 1070 hino
446 1004 520 1090 plus
542 1026 642 1088 quam
659 1005 774 1071 stolide
792 1004 958 1089 colligunt,
980 1004 1091 1087 plures

113 1091 208 1156 nobie
229 1090 438 1174 reperiendos
460 1090 619 1157 Christos.
664 1090 751 1156 Nam
773 1097 811 1156 ut
839 1091 961 1157 scirent
980 1102 1090 1174 patres
1586 1090 1674 1145 XVII·

114 1175 267 1261 sublege
289 1176 434 1241 nondum
458 1198 493 1243 se
513 1185 601 1244 stare
622 1176 660 1240 in
680 1177 822 1260 perfecto
844 1176 963 1262 gradu,
988 1176 1092 1242 voluit
1524 1175 1740 1245 IUDAEUS.
1808 1242 1812 1250 ,

96 1260 206 1328 ·])θιιε
237 1262 272 1327 in
299 1262 486 1346 quaerenda
517 1262 778 1329 reconciliatione
808 1263 849 1328 ad
876 1260 990 1328 eadem
1017 1262 1090 1328 illos
1629 1302 1632 1308 -

113 1347 259 1413 remedia
305 1350 488 1432 confugere.
550 1345 588 1414 Si
635 1346 676 1413 ad
717 1349 935 1432 expiationem
973 1349 1090 1414 efficax
1230 1348 1365 1430 Quaere:
1393 1347 1546 1429 Quam
1576 1349 1723 1433 annaio
1749 1350 1873 1415 animae
1899 1350 1968 1416 aiae
1987 1355 2118 1434 propter

112 1433 229 1500 fuisset
246 1433 340 1500 bovis
361 1445 419 1499 aut
439 1433 536 1499 vituli
562 1432 751 1513 immolatio,
781 1435 862 1501 satis
887 1434 1004 1500 fuisset
1024 1455 1090 1499 uno
1141 1433 1292 1501 martem?
1336 1433 1375 1500 Si
1406 1434 1528 1500 dixeris
1565 1434 1601 1500 id
1631 1454 1698 1500 ease
1723 1440 1853 1517 propter
1883 1456 2006 1502 caman
2037 1458 2117 1520 qaae

113 1527 242 1620 tantum
260 1520 426 1620 'saerinliciou
450 1519 594 1619 defungi.
638 1517 707 1586 Sed
733 1521 883 1605 repetitio
910 1519 1089 1619 admonuit,
1136 1519 1413 1619 pavetaouneilla
1432 1520 1517 1599 dicit
1539 1521 1820 1654 gapaatiaaaimae
1830 1529 2117 1622 macanoaaatem,

112 1605 1090 1775 ttfflffill'tstlltlt.temeriditate?
1140 1604 2118 1777 liimilqirfliiisallbaiiilibii'affi

112 1775 249 1860 ideoque
276 1776 385 1860 plures
412 1777 528 1856 fuisse,
562 1779 638 1860 quia
661 1799 749 1842 mors
785 1777 908 1847 honore
941 1778 1090 1862 singulos
1141 1778 1286 1860 lapidem,
1308 1778 1374 1842 aaa
1395 1776 1481 1843 adad
1500 1779 1549 1843 oie
1569 1778 1710 1859 spirim

112 1862 271 1946 privabat.
327 1862 482 1928 Christus
516 1872 636 1937 autem,
665 1863 723 1945 qui
753 1864 826 1930 ideo
858 1866 1039 1930 resurrexit
1069 1885 1089 1929 a

113 1948 260 2026 mortuis,
283 1955 321 2012 ut
342 1957 498 2033 perpetuo
520 1948 876 2034 sacerdotioiungatur,
893 1951 1009 2017 unicas
1031 1958 1088 2015 est.

113 2032 162 2098 Ne
184 2033 314 2118 longior
336 2035 399 2099 sim
417 2036 452 2099 in
473 2056 510 2100 re
531 2035 604 2118 plus
625 2056 724 2116 quam
752 2036 848 2114 facili,
878 2034 965 2119 apud
993 2056 1088 2101 sanos
1502 2032 1747 2101 CALVINUS.

114 2139 228 2185 omnes
255 2121 352 2185 fateri
378 2120 499 2199 licebit,
526 2141 664 2205 rognum
692 2120 778 2203 quod
804 2122 910 2186 erexit
935 2122 1026 2187 Deus
1053 2121 1089 2186 in

112 2205 235 2270 familia
257 2205 405 2285 Davidia,
428 2207 468 2271 ab
489 2206 561 2288 ipso
584 2227 685 2288 usque
708 2206 749 2272 ad
771 2227 885 2271 omnes
917 2207 987 2273 eius
1015 2228 1087 2273 euo-
1226 2204 1370 2288 Quaere,
1404 2205 1433 2272 si
1465 2226 1541 2272 caro
1580 2226 1680 2271 sensu
1711 2211 1745 2271 et
1775 2216 1869 2272 motu
1900 2210 1988 2275 omni
2019 2219 2117 2293 caret,

115 2311 268 2370 cessores,
294 2292 398 2357 futuri
424 2293 566 2357 Moesiae
593 2293 693 2357 fuisse
719 2293 935 2375 praeludium.
983 2292 1088 2358 Nema
1139 2291 1299 2376 quomodo
1324 2292 1410 2357 dicat
1438 2292 1543 2358 Isaiae
1571 2296 1640 2370 (40,
1669 2289 1718 2377 5):
1748 2292 1883 2361 Videbit
1910 2297 2014 2362 omnia
2042 2318 2118 2364 caro

114 2382 224 2442 tamen
253 2375 458 2460 usqueadeo
485 2377 629 2460 desipiet,
657 2387 693 2442 ut
713 2379 805 2445 nobis
832 2388 1005 2463 propterea
1032 2399 1088 2443 ex·
1139 2379 1279 2463 gloriam
1301 2377 1388 2443 Dei?
1433 2379 1503 2443 Cur
1532 2378 1619 2443 dicat
1639 2378 1765 2443 Moses:
1796 2378 1915 2446 Omnis
1944 2401 2019 2446 caro
2047 2404 2118 2449 cor·

114 2463 245 2544 probret
265 2463 376 2547 plures
397 2485 468 2530 esse
489 2463 649 2530 Christos.
1138 2465 1228 2548 rapit
1248 2463 1339 2528 mam
1360 2462 1477 2529 suam?
1502 2463 1602 2548 (Gen.
1616 2467 1644 2542 6,
1666 2461 1719 2549 12)
1742 2463 1808 2530 imo
1830 2487 1887 2532 cur
1909 2467 2028 2550 ubique
2049 2476 2119 2535 tota
2164 2505 2165 2509 =

1139 2549 1194 2616 lex
1216 2552 1306 2615 carni
1334 2548 1506 2630 adscribat,
1536 2569 1746 2633 quaecunque
1773 2552 1808 2616 in
1835 2551 2003 2619 hominem
2030 2572 2119 2620 com·

565 2722 639 2776 XVI·
1138 2634 1316 2789 pemhllno
1337 2743 1416 2788 vero
1436 2721 1573 2805 planum
1592 2721 1641 2820 fit,
1663 2741 1761 2820 quam
1787 2723 1857 2788 sine
1886 2723 2006 2790 iudicio
2027 2745 2122 2790 arro-

496 2807 712 2876 IUDAEUS.
1141 2806 1222 2873 dant
1242 2809 1362 2874 rabiosi
1383 2808 1437 2873 isti
1459 2828 1565 2885 canes,
1588 2805 1746 2889 quidquid
1763 2828 1804 2872 ex
1822 2829 1907 2874 novo
1923 2818 2121 2878 testamento

1141 2893 1279 2976 proferri
1297 2893 1443 2959 audiunt
1478 2892 1572 2959 Nihil
1588 2892 1699 2958 notius
1716 2900 1775 2971 ost,
1798 2893 1853 2959 vel
1869 2897 1974 2980 magis
1992 2898 2118 2977 tritum,

203 2975 340 3058 Quaere:
383 2978 524 3061 Accipite
555 2979 634 3045 baac
662 3001 788 3063 panem,
820 2980 874 3047 boe
893 2985 950 3049 xest
978 3001 1091 3062 corpas
1143 3000 1242 3062 quam
1264 2980 1324 3045 sab
1345 2978 1454 3045 carnis
1474 3000 1553 3045 voce
1575 2977 1740 3060 designari
1766 2978 1925 3061 homines,
1954 2990 2049 3065 atque
2070 2985 2119 3048 ita

116 3081 232 3128 meam:
252 3068 281 3129 et
300 3062 474 3129 baccinum
495 3065 683 3148 aetsaapaie
703 3087 790 3132 meus
793 3087 856 3149 pro
866 3087 943 3133 aava
962 3069 1089 3148 foedere,
1141 3072 1211 3129 tam
1233 3066 1386 3144 animam,
1404 3085 1502 3147 quam
1513 3085 1631 3146 corpus
1641 3064 1880 3146 comprehendi.
1925 3066 2023 3147 Quod
2040 3088 2119 3152 ergo

117 3148 264 3231 ςιοιιιοάο
283 3149 401 3231 factam
421 3156 466 3216 ast
484 3149 561 3216 boe?
604 3152 673 3216 Aut
695 3151 790 3236 freqit
817 3153 956 3234 fractum
984 3154 1091 3219 corais
1142 3151 1315 3217 Christum
1347 3159 1486 3216 mortem
1525 3149 1734 3215 exhorruisse
1765 3149 1802 3213 in
1838 3172 1937 3217 carne
1970 3151 2118 3233 dicimus,

117 3253 201 3313 scae,
221 3240 249 3298 at
270 3233 355 3301 dedit
376 3235 457 3301 illie:
478 3241 534 3302 aut
554 3238 622 3302 aiae
643 3257 756 3319 carpas
762 3238 937 3321 factumest
953 3259 992 3303 aa
1005 3258 1092 3321 pauc
1143 3237 1184 3302 ad
1201 3236 1380 3302 humanam
1402 3237 1471 3301 eius
1497 3243 1650 3300 naturam
1675 3236 1832 3299 refertur:
1860 3238 1938 3320 qnia
1959 3240 2031 3304 fieri
2051 3260 2119 3305 non

118 3321 261 3400 cicino,
282 3321 424 3402 deditque
450 3322 518 3388 illia
544 3342 582 3388 aa
604 3322 757 3405 reliquiis,
785 3325 894 3392 ettae
919 3329 964 3390 est
979 3343 1092 3406 corpas
1142 3323 1258 3406 potuit,
1289 3323 1369 3404 quin
1395 3342 1493 3387 verus
1520 3321 1618 3385 homo
1645 3320 1839 3386 naturaliter
1864 3330 2004 3389 martem
2030 3326 2118 3390 refu-

118 3405 196 3487 paad
215 3408 410 3473 comedam
429 3412 458 3472 et
476 3408 623 3474 biberant.
1143 3419 1250 3493 geret:
1273 3428 1455 3473 moerorem
1475 3408 1601 3472 interca
1621 3406 1711 3473 huno
1739 3414 1773 3471 et
1793 3428 1835 3472 an
1882 3409 1962 3474 stiae
1983 3411 2120 3495 pertulit

1143 3496 1179 3558 in
1201 3493 1320 3572 anima,
1343 3493 1419 3576 quia
1439 3513 1556 3576 corpus
1577 3490 1742 3558 induendo
1759 3493 1822 3558 sim
1878 3495 2022 3561 animam
2043 3518 2120 3582 pas·

1143 3579 1270 3646 sibilem
1293 3579 1478 3662 assumpsit

477 3663 722 3733 CALVINUS.

202 3831 334 3915 Quaere
367 3834 521 3916 domim,
552 3838 681 3920 quando
706 3838 834 3904 invitat
859 3837 953 3904 Deus
978 3860 1091 3905 omnes
1574 3837 1685 3892 xv111.

116 3938 175 4002 per
203 3919 325 3986 Isaiam
351 3925 416 4001 (55,
442 3924 486 4006 l),
512 3931 551 3988 ut
579 3924 682 4008 gratis
710 3923 751 3988 ad
772 3926 955 3990 satietatem
977 3925 1092 3991 bibant
1521 3921 1737 3990 IUDAEUS.

117 4004 167 4072 lac
189 4011 224 4071 et
244 4006 371 4086 vinum,
393 4008 511 4073 etmel
533 4008 713 4088 comedant,
736 4031 780 4075 an
807 4010 892 4076 lacte
917 4009 972 4077 vel
996 4009 1092 4076 melle
1662 4064 1664 4068 Α
1829 4024 1830 4027 ’

116 4092 320 4174 corruptibili
341 4093 492 4177 saginare
516 4102 643 4160 tantum
672 4094 745 4161 vult
771 4116 907 4165 suorum
935 4095 1091 4162 ventres?
1233 4094 1368 4176 Quaere:
1401 4091 1440 4159 Sa·
1461 4099 1507 4159 est
1526 4095 1616 4176 filius
1642 4093 1721 4173 Dei,
1748 4099 1777 4160 ct
1801 4095 1832 4160 ai
1852 4099 1947 4175 pater
1973 4100 2000 4162 ci
2030 4098 2119 4180 filias

116 4174 246 4258 Quaere
265 4178 355 4257 item,
379 4178 509 4261 quando
529 4179 565 4243 in
586 4179 719 4246 Psalmo
738 4182 805 4264 (36,
828 4189 858 4246 9.
884 4180 938 4265 10)
956 4180 1092 4248 dicitur:
1144 4200 1243 4245 unam
1264 4185 1385 4245 mmm
1405 4184 1486 4258 suat,
1506 4181 1680 4246 caesareo
1700 4180 1794 4246 ctiam
1821 4181 1928 4246 eadem
1953 4186 1998 4247 eat
2013 4202 2124 4250 comas

115 4260 262 4330 Satiabis
284 4286 338 4331 eos
360 4265 451 4348 copia
473 4265 589 4332 domus
610 4274 695 4345 tuac,
719 4277 753 4332 et
778 4268 878 4334 fluvio
894 4266 1093 4335 vdelitiarum
1144 4266 1294 4331 adanae.
1336 4264 1411 4348 Ipse
1430 4270 1533 4330 tamea
1553 4286 1648 4347 cmm
1668 4270 1769 4331 oraret
1790 4270 1860 4331 aaa
1871 4273 1996 4348 patrem
2015 4284 2117 4349 marn,

114 4356 249 4416 tuarum
281 4350 407 4435 potabis
435 4372 499 4431 eos,
533 4374 575 4417 an
608 4351 780 4419 coelestem
807 4353 909 4420 vitam
934 4354 1094 4437 propheta
1145 4352 1243 4417 aaa:
1265 4350 1361 4417 Pater
1381 4351 1436 4431 mi,
1456 4352 1488 4416 si
1502 4351 1574 4434 (ieri
1594 4356 1696 4434 potest
1721 4356 1756 4416 at
1775 4371 1838 4416 aaa
1863 4352 1967 4419 atam
1993 4353 2118 4419 wacon

113 4435 286 4502 alimentis.
302 4437 460 4503 sustineri
480 4437 663 4522 intelligat?
1145 4436 1234 4517 tuac,
1251 4438 1318 4520 saa:
1339 4437 1392 4502 sia
1411 4437 1526 4517 minae,
1547 4436 1600 4518 fac
1619 4442 1655 4501 at
1675 4442 1719 4504 aet
1736 4437 1848 4504 baama
1867 4439 1904 4504 ia
1920 4439 2018 4504 orcus
2036 4440 2118 4505 tuis:

202 4521 415 4604 Quaestionis
434 4523 551 4589 solutio
571 4545 613 4589 ex
632 4545 715 4607 pura
736 4531 769 4603 et
786 4523 903 4591 dextre
920 4525 1095 4593 verborum
1145 4543 1207 4589 aaa
1229 4522 1289 4605 fiat
1314 4523 1482 4588 sanandam
1507 4522 1693 4588 eamcam
1718 4543 1833 4600 mmm,
1865 4524 1921 4590 sai
1950 4525 2120 4590 secandam

112 4607 254 4675 Domini
275 4608 546 4692 interpretatione
567 4609 698 4694 pendet,
722 4630 805 4693 quae
823 4611 851 4677 si
879 4631 990 4678 crasso
1010 4631 1096 4679 oom-
1145 4609 1437 4676 volantatemtaam
1449 4608 2118 4694 Erpoaonsaateoramcolaatateasimoles.

111 4701 226 4762 mento
255 4695 317 4761 sub
346 4704 469 4796 papatu
486 4697 634 4798 .f¹¹⁰.r¹l¹¹‘
665 4703 828 4781 corrupta,
861 4703 1005 4796 npnuest
1036 4719 1095 4763 cur

109 4779 1095 4952 tttt³.ltl¹”tli.¹tlttlttttitillet
1509 4825 1754 4933 clarnos.

111 4953 183 5020 cuit
205 4971 324 5034 corpus
345 4973 451 5032 suum,
474 4974 579 5037 neque
600 4954 682 5020 illud
703 4976 744 5020 ex
766 4975 853 5038 pane
870 4964 904 5020 et
920 4954 996 5020 vino
1017 4974 1094 5019 con·

108 5037 225 5105 flavit:
247 5035 306 5102 scd
332 5043 444 5104 tamen
470 5037 753 5123 spiritualimodo
780 5038 978 5108 vescendum
1005 5038 1095 5104 dedit
1233 5037 1363 5120 Quaere
1388 5037 1545 5117 videam,
1572 5035 1732 5122 quomodo
1752 5037 1844 5102 Deus
1869 5037 2064 5119 pronunciet
2084 5055 2122 5102 se

110 5120 284 5208 apostolis,
305 5121 402 5189 sicuti
418 5122 560 5209 quotidie
581 5144 702 5192 areana
730 5126 866 5210 spiritus
892 5125 944 5194 sui
970 5125 1095 5195 ,virtute
1145 5123 1231 5191 nolle
1252 5132 1394 5195 mortem
1414 5125 1602 5211 peccatoris,
1624 5124 1778 5207 reprobos
1798 5132 1908 5189 tamen
1936 5123 2041 5189 exitio·
2063 5122 2120 5189 de·
