4620 5828
1070 214 1334 284 RESPONSIO
2160 219 2223 280 660

675 408 714 463 11.
1236 403 1310 488 fidit
1330 407 1366 471 irc
1386 404 1515 471 demicte.
1559 405 1649 473 Haec
1670 412 1772 472 ordea
1794 404 1898 472 omnia
1922 404 2052 487 fremat
2077 405 2114 471 ia
2136 403 2223 486 lece,

589 491 806 562 IUDAEUS.
841 590 847 602 .
1240 492 1297 575 qui
1318 496 1444 558 oocctcr
1463 492 1554 573 filicae
1574 491 1719 558 donanis.
1879 498 1881 509 '
2110 513 2116 522 ·

300 664 437 748 Quaere:
462 665 566 747 Qum
589 665 742 746 scriptam
777 664 820 729 eit
848 665 885 730 ia
911 662 1087 744 Mottboeo5
1116 663 1190 728 Noa

210 752 280 817 crat
301 755 337 816 at
356 751 557 830 wedam,
577 756 627 817 etc.
649 755 677 816 et
697 751 732 815 ic
753 750 816 834 lece
837 749 941 815 Mceis
961 748 1104 815 babere:
1124 747 1190 814 Dc‘e
1612 748 1858 817 oauvntus.

211 842 314 903 cutem
335 842 437 902 educo
457 837 652 903 circumcidet
677 856 802 902 caruem
822 837 987 918 praeputii
1014 836 1075 914 aa,
1104 836 1190 899 aa:

215 922 313 990 Omne
322 928 522 1005 praeceptum
542 923 623 1004 qaod
646 922 810 1005 praeapte
837 920 894 986 tibi
920 921 1024 1002 bodie,
1052 921 1191 987 obcerta-
1327 918 1468 1002 Quaere,
1491 942 1550 987 cur
1570 921 1663 986 Deua
1681 921 1718 986 in
1740 919 1877 992 Oantico
1893 919 1997 985 Mosis
2013 925 2152 986 vocetur
2172 922 2224 988 vir

212 1007 289 1075 tica
310 1008 496 1090 esurietis:
518 1029 579 1074 aon
600 1008 697 1074 addae
717 1027 770 1073 rece
796 1008 919 1073 minace
944 1028 982 1072 ec
1008 1026 1058 1071 ec:
1103 1005 1190 1088 Quod
1241 1005 1514 1092 bellicosusfflx.
1541 1011 1590 1086 15,
1614 1005 1672 1090 3)?
1696 1005 1766 1073 Our
1786 1005 1941 1072 Ezechiel
1961 1006 1997 1071 iu
2019 1004 2077 1071 illa
2098 1027 2223 1073 memo-

212 1095 307 1163 ritca
329 1099 382 1174 cet,
404 1098 521 1160 cercetct
540 1094 621 1175 quod
644 1095 740 1179 lepcm
762 1091 866 1159 Mesia
886 1093 1070 1159 dissolverit.
1242 1092 1338 1158 rabili
1366 1092 1491 1158 visione
1527 1098 1686 1157 memoret
1716 1091 1857 1159 iudIcem
1882 1092 1919 1157 in
1944 1091 2025 1159 solio
2053 1090 2222 1158 sedentem

1242 1198 1315 1244 esse
1343 1177 1484 1243 similem
1510 1178 1579 1243 filio
1605 1177 1769 1244 hominis?
1820 1176 1889 1243 Our
1915 1176 1978 1243 sibi
2003 1177 2100 1244 toties
2128 1179 2221 1246 Deus

1242 1284 1346 1343 nares,
1368 1264 1487 1342 oculos,
1509 1284 1627 1330 manus
1648 1272 1683 1329 et
1703 1263 1803 1347 pedes
1821 1262 1999 1328 attribuat?
2043 1263 2115 1330 Cirr
2131 1263 2221 1330 Iere-

581 1347 825 1415 OALVINUS.
1242 1351 1325 1414 miae
1341 1349 1611 1415 defilioDavidie
1636 1349 1799 1433 loquutus,
1820 1350 2015 1433 pronunciet
2035 1349 2220 1416 nomenIe·

1241 1434 1349 1500 hovae
1368 1434 1405 1499 in
1428 1456 1502 1500 eum
1525 1434 1730 1518 competere?
1775 1434 1846 1501 Our
1866 1434 1970 1500 Isaiae
1997 1433 2042 1520 (l,
2073 1439 2113 1499 14
2135 1444 2170 1502 et
2191 1440 2219 1515 9,

300 1521 430 1605 Quaere
458 1520 613 1599 vicissim,
641 1540 740 1603 quum
769 1521 824 1586 lex
852 1520 954 1586 Moeis
982 1525 1071 1586 vetet
1096 1519 1190 1603 quid·
1243 1525 1277 1600 5)
1300 1520 1483 1586 Meschiam
1504 1529 1600 1586 vocet
1616 1520 1809 1600 Immannel,
1828 1529 1954 1603 patrem
1971 1521 2073 1586 futuri
2090 1522 2219 1602 saeculi,

214 1630 312 1695 quam
333 1608 439 1692 operis
461 1607 532 1672 fieri
555 1605 606 1672 die
629 1607 777 1688 septimo,
806 1604 965 1689 quomodo
995 1604 1108 1670 eodem
1137 1605 1190 1669 die
1241 1605 1352 1671 Deum
1374 1604 1511 1671 fortem?
1557 1605 1626 1672 Gur
1647 1609 1682 1670 in
1704 1606 1837 1671 Psalmo
1858 1607 1924 1686 (45,
1948 1609 1982 1688 7)
2004 1628 2133 1690 quoque
2150 1609 2220 1674 Me·

214 1696 324 1762 iubeat
339 1693 502 1759 masculos
520 1693 662 1757 infantes
680 1691 887 1757 circumcidi?
927 1690 1011 1756 Item
1030 1691 1190 1775 quomodo
1242 1691 1368 1758 echium
1410 1690 1471 1757 sub
1508 1690 1694 1758 Solomonis
1732 1712 1873 1776 persona
1910 1700 2045 1758 ornetur
2088 1694 2220 1759 nomine

214 1783 324 1849 Moses
346 1779 433 1844 diem
455 1799 558 1843 unum
580 1800 598 1842 e
620 1784 745 1860 septem
763 1777 836 1843 Deo
854 1777 1052 1843 sanctificari
1068 1777 1188 1855 iubeat,
1242 1778 1398 1843 Elohimt

213 1867 319 1933 Isaiae
340 1873 451 1930 autem
473 1866 537 1947 (tt,
561 1863 616 1944 23)
645 1863 705 1928 sub
734 1862 859 1928 Christi
887 1883 989 1945 regno
1021 1863 1191 1947 promittat
1329 1862 1505 1929 Caeterum
1532 1862 1650 1928 solutio
1677 1865 1876 1946 quaestionis
1904 1864 2039 1929 minime
2076 1863 2220 1930 difficilia

215 1953 370 2021 continua
386 1948 552 2028 sabbatha,
571 1956 604 2014 et
620 1949 793 2015 continuae
811 1949 1004 2028 neomeniae,
1022 1949 1086 2014 nisi
1105 1947 1190 2032 quod
1242 1960 1301 2015 eet.
1345 1950 1419 2014 Lex
1441 1950 1551 2013 Deum
1572 1957 1663 2014 vetat
1683 1949 1755 2014 ficri
1776 1949 1916 2015 similem
1939 1949 2079 2025 homini,
2102 1971 2221 2033 nempe

214 2039 250 2105 in
278 2037 519 2104 circumcisione
547 2034 691 2099 ostendit
716 2035 809 2100 Deus
838 2055 938 2119 opera
965 2056 1026 2100 sua
1048 2033 1190 2098 eximia
1241 2056 1284 2100 ne
1319 2034 1381 2099 sub
1412 2034 1554 2099 hominis
1594 2034 1737 2119 imagine
1769 2036 1924 2120 pingatur
1956 2036 2026 2100 cius
2057 2036 2220 2102 mutatas

215 2124 377 2192 communi
394 2121 482 2205 lege:
504 2122 607 2186 Isaiae
628 2140 708 2185 vero
730 2119 854 2204 aliquid
882 2120 1094 2186 excellentius
1115 2118 1190 2202 pro-
1243 2120 1375 2204 Alioqui
1396 2128 1429 2185 et
1448 2120 1528 2205 igni,
1551 2128 1584 2185 et
1605 2119 1675 2198 soli,
1698 2133 1732 2185 et
1751 2121 1854 2200 leoni,
1882 2129 1916 2185 et
1943 2143 2028 2201 urso,
2057 2135 2090 2186 et
2118 2122 2221 2206 lapidi

215 2211 365 2287 mittens,
394 2228 492 2290 quam
521 2206 582 2271 sub
608 2205 680 2354 leffe
715 2206 899 2271 exhibitum
926 2207 1025 2271 fucrit
1050 2203 1190 2283 Iudaeis,
1241 2226 1277 2270 se
1299 2218 1473 2290 comparat,
1492 2226 1575 2289 quac
1596 2205 1648 2271 vel
1669 2206 1764 2272 bruta
1781 2215 1860 2271 sunt
1877 2207 2042 2288 animalia,
2061 2207 2116 2273 vel
2132 2230 2220 2273 mor-

216 2296 379 2380 aignificat
401 2299 610 2375 praeceptum
654 2290 851 2357 esabbatho
872 2291 972 2357 fuisse
994 2289 1189 2357 umbratile?
1242 2299 1300 2357 tua
1321 2291 1491 2358 elementa
1536 2291 1640 2356 Porro
1661 2293 1697 2356 in
1723 2292 1872 2359 Meschia
1899 2293 1991 2358 Deus
2018 2315 2085 2358 non
2114 2294 2221 2360 factus

302 2378 436 2445 Plenior
474 2389 582 2442 autem
622 2377 819 2459 quaestionis
858 2377 975 2442 solutio
1013 2376 1093 2442 haec
1132 2384 1191 2455 est,
1243 2388 1294 2443 eet
1315 2377 1431 2443 similis
1452 2377 1594 2442 homini:
1617 2377 1675 2443 sed
1702 2399 1834 2444 carnem
1862 2378 2042 2443 humanam
2067 2378 2221 2458 induens,

216 2488 318 2551 quum
345 2464 484 2529 voluerit
511 2464 547 2527 in
571 2483 638 2527 uno
667 2471 797 2526 tantum
825 2462 921 2527 altari
942 2463 1122 2538 Deussibi
1145 2462 1191 2526 of·
1243 2464 1290 2528 ita
1309 2465 1415 2528 factus
1436 2471 1487 2528 est
1515 2463 1622 2541 homo,
1650 2471 1690 2527 ut
1714 2463 1843 2548 integer
1868 2464 1905 2529 in
1937 2473 2072 2529 aeterna
2100 2486 2162 2530 sua
2189 2477 2221 2531 et

215 2551 295 2618 ferri
316 2550 482 2628 sacrificia,
504 2547 654 2615 Ezechiel
676 2557 787 2612 tamen
814 2548 976 2631 promittit
1003 2548 1065 2614 sub
1090 2569 1192 2632 regno
1243 2549 1441 2614 immutabili
1464 2554 1581 2613 natura
1599 2557 1757 2614 maneret
1802 2549 1916 2633 Neque
1943 2550 2041 2628 enim,
2067 2560 2107 2615 ut
2134 2572 2221 2617 som-

216 2636 357 2704 Messiae
379 2635 494 2699 altaria
515 2635 550 2697 in
577 2634 729 2717 Aegypto
756 2641 789 2698 et
816 2633 955 2718 Assyria
980 2634 1063 2699 fore:
1092 2653 1192 2717 quum
1244 2636 1337 2699 niant
1358 2633 1481 2710 Iudaei,
1502 2633 1664 2699 oredimus
1686 2633 1794 2700 Deum
1816 2656 1888 2701 csse
1909 2644 2083 2715 mutatum,
2107 2635 2167 2703 sed
2187 2639 2222 2703 in

213 2725 307 2789 nefas
338 2719 415 2786 alibi
445 2719 544 2784 fuerit
572 2740 669 2802 quam
698 2719 945 2805 Hierosolymae
977 2719 1041 2785 Dei
1076 2721 1192 2784 faciem
1244 2740 1342 2785 carne
1368 2719 1628 2799 manifestatum,
1662 2728 1696 2784 et
1721 2722 1848 2786 interea
1880 2723 1932 2786 sui
1966 2721 2117 2789 similem
2169 2724 2223 2790 Ita

213 2828 377 2893 quaerere,
401 2814 433 2870 et
454 2805 502 2869 illi
524 2806 641 2869 offerre
663 2805 835 2871 sacrificia:
858 2804 963 2871 Isaiae
981 2813 1091 2870 tamen
1110 2813 1192 2870 tem·
1244 2826 1312 2887 nop
1333 2807 1395 2870 fuit
1417 2825 1459 2870 ex
1485 2805 1617 2889 vulgari
1645 2805 1814 2871 hominum
1841 2807 1955 2873 ordine
1977 2808 2137 2887 mendax,
2167 2819 2229 2875 aut

213 2895 305 2980 plum
338 2892 389 2956 illi
416 2892 484 2956 fore
511 2892 547 2955 iu
571 2891 726 2975 Aegypto
750 2890 829 2957 dicit
855 2892 931 2970 (Isa.
966 2895 1012 2968 19,
1039 2891 1102 2974 19).
1146 2891 1193 2955 Et
1244 2890 1384 2957 vanitati
1421 2890 1591 2970 obnoxius,
1623 2891 1680 2956 sed
1708 2892 1835 2957 ratione
1868 2892 1999 2960 deitatis
2031 2895 2157 2961 veritas
2188 2896 2237 2961 in

214 2978 395 3047 Malachiae
417 2975 591 3042 discrimen
612 2997 708 3040 omne
729 2976 873 3042 locorum
892 2976 977 3041 tollit
994 2977 1046 3042 his
1068 2975 1190 3042 verbis:
1244 2985 1417 3043 aeternum
1436 2997 1647 3061 permanens:
1669 2998 1774 3061 neque
1795 2979 1831 3042 in
1853 2999 1891 3043 eo
1920 2988 2077 3063 tanquam
2105 2981 2143 3046 in
2164 2982 2262 3047 ho-

215 3064 382 3132 Offeretur
402 3062 573 3128 incensum
595 3062 719 3126 nomini
747 3083 819 3127 meo
846 3063 880 3127 in
902 3069 970 3127 toto
991 3063 1069 3128 orbe
1097 3062 1191 3147 (Mal.
1244 3063 1334 3128 mine
1355 3062 1485 3128 mortali
1506 3062 1659 3128 fiduciam
1675 3063 1829 3144 locamus,
1848 3064 1905 3130 sed
1923 3069 2000 3148 qula
2016 3087 2136 3149 corpus
2154 3068 2293 3134 eius

218 3149 334 3250 1‚11).
373 3148 471 3215 Certe
491 3148 579 3213 clara
596 3149 724 3214 externi
741 3148 848 3214 cultus
858 3149 994 3213 mutatio
1014 3148 1074 3214 aub
1091 3168 1193 3232 regno
1245 3149 1377 3215 deitatis
1401 3148 1558 3232 templum
1587 3157 1647 3226 eat,
1674 3149 1710 3213 in
1737 3169 1802 3233 quo
1830 3149 1957 3216 habitat
1988 3152 2137 3235 perfecta
2161 3154 2293 3220 Dei

215 3238 357 3304 Meserac
379 3233 573 3301 ostenditur:
597 3254 702 3317 neque
729 3242 840 3299 tamen
862 3234 925 3300 hoc
953 3233 1048 3299 modo
1076 3233 1192 3299 dissol·
1245 3235 1363 3320 gloria:
1386 3237 1420 3298 et
1440 3241 1602 3317 quatenus
1622 3232 1716 3300 Deus
1738 3244 1796 3314 eet,
1818 3235 2050 3302 inhumanam
2069 3245 2293 3306 naturam

216 3323 307 3391 uitur
333 3322 397 3400 lex,
425 3320 478 3385 vel
499 3341 583 3404 apex
605 3340 692 3384 unus
714 3341 755 3384 ex
777 3341 814 3385 eo
835 3320 1012 3384 minuitur:
1033 3320 1113 3403 quin
1135 3341 1192 3403 po-
1244 3321 1412 3387 vivifioam
1433 3321 1566 3404 spiritus
1588 3319 1640 3385 eui
1666 3321 1846 3403 potentiam
1874 3321 2086 3389 transfundit.
2138 3325 2293 3394 Na-

217 3409 283 3475 tius
304 3407 385 3473 haec
406 3427 486 3473 vera
508 3413 558 3470 est
579 3405 660 3489 legis
678 3407 810 3483 sanctio,
833 3427 899 3470 non
920 3406 1022 3471 fuisse
1042 3405 1079 3469 in
1101 3415 1193 3471 vete-
1245 3415 1332 3473 certe
1360 3405 1439 3471 locis
1464 3405 1684 3488 compluribus
1711 3427 1778 3472 non
1810 3407 1888 3474 alibi
1922 3408 2037 3474 salutis
2070 3409 2293 3482 fiduciam

216 3493 307 3559 ribus
329 3493 445 3577 figuris
467 3492 626 3558 obiectum
645 3490 749 3556 oeulis
770 3492 870 3557 inane
888 3491 1117 3575 spectaculum,
1136 3491 1194 3557 sed
1245 3493 1337 3558 Deus
1359 3491 1464 3557 servis
1486 3492 1553 3557 suis
1573 3495 1734 3575 proponit,
1752 3513 1851 3575 quam
1878 3494 1916 3558 in
1943 3494 2109 3575 Meschia,
2141 3497 2293 3569 aiom

216 3601 329 3647 eorum
350 3599 433 3662 quae
454 3577 683 3662 significabant
703 3577 882 3643 exhibitam
904 3577 940 3642 iu
961 3577 1096 3643 (lhristo
1118 3576 1193 3643 sub·
1244 3578 1281 3642 in
1301 3577 1456 3647 vaticinio
1472 3576 1570 3642 Iacob
1592 3577 1680 3659 apud
1701 3579 1831 3644 Mosen:
1853 3579 1895 3644 In
1917 3587 1950 3644 te
1975 3588 2092 3664 gentes
2107 3579 2293 3666 'spere-2

218 3665 383 3732 stantiam.
431 3663 529 3728 Nunc
555 3661 744 3738 videndum,
773 3684 928 3747 quorsum
955 3661 1050 3728 Deus
1077 3662 1193 3729 eabba-
1245 3664 1328 3730 bunt
1338 3662 1438 3814 giem
1450 3666 1501 3741 49,
1517 3662 1581 3745 10).
1625 3663 1975 3748 Undesequiturquod
1992 3664 2293 3746 dirimende-51

218 3751 314 3816 thum
337 3749 525 3827 instituerit,
547 3768 665 3831 nempe
686 3756 725 3813 nt
746 3748 930 3834 symbolum
960 3755 1047 3814 esset
1074 3749 1193 3815 sancti-
1246 3771 1316 3816 esee
1373 3769 1449 3813 enm
1474 3750 1593 3813 fortem
1620 3757 1654 3814 et
1680 3770 1797 3815 verum
1825 3750 2028 3830 Immannel,
2058 3761 2092 3818 et
2119 3753 2293 3830 filim„

217 3836 387 3913 ficationis,
409 3841 448 3899 ut
469 3833 564 3901 docet
584 3855 643 3919 per
664 3834 780 3900 Mosen
802 3842 835 3900 et
846 3834 1029 3900 Ieremiam.
1074 3832 1194 3918 Sequi·
1245 3835 1399 3913 hominis,
1422 3834 1478 3917 qui
1499 3841 1610 3900 estex
1632 3837 1788 3920 progenie
1810 3835 1930 3903 David

219 3929 276 3987 tur
302 3941 379 4005 ergo
404 3940 519 4003 praece
543 3927 614 3984 tum
639 3919 722 3985 illud
748 3921 836 3985 inter
862 3922 995 3986 umbrae
1019 3940 1194 3985 numeran-
1818 3934 1820 3937 ’

220 4007 299 4073 dum
321 4026 400 4070 esee.
446 3942 541 4086 Quid
556 4005 643 4069 enim
665 4007 795 4085 mirum,
817 4007 845 4072 ai
867 4016 980 4071 exorto
1002 4006 1070 4072 sole
1090 4013 1196 4072 cesset

220 4091 390 4160 stellarum
417 4089 553 4156 lumen?
603 4093 713 4174 Atque
740 4091 822 4157 haec
843 4100 893 4158 eet
925 4091 1006 4157 coeli
1033 4098 1066 4157 et
1088 4099 1195 4156 terrae
1711 4092 1758 4147 IV·

218 4178 358 4256 novitas,
380 4175 422 4241 de
443 4197 508 4259 qua
527 4175 631 4243 Isaiae
654 4179 801 4262 (51,16;
825 4181 875 4257 tt,
901 4181 955 4257 17)
977 4178 1193 4258 concionatur.
1626 4176 1843 4245 IUDAEUS.

1241 4434 1242 4437 Ἴ
1319 4343 2038 4432 ,pocae:smpcumescta1ratcap.cc,
2068 4355 2130 4416 17:
2182 4354 2259 4434 §lot

724 4435 757 4482 ·'
1248 4434 1406 4500 comedam
1426 4431 1564 4518 modom,
1587 4435 1927 4515 autcbomiaotiom
1952 4441 2011 4501 cut
2036 4457 2171 4503 marca
2214 4443 2253 4508 ve

601 4516 818 4586 IUDAEUS.
1210 4538 1212 4543 ·
1248 4518 1421 4598 mactatam,
1438 4538 1506 4583 aaa
1526 4527 1750 4603 careamcatar,
1772 4522 1848 4588 dicit
1866 4521 2034 4588 Domimce.
2067 4523 2153 4608 Erpa
2200 4542 2241 4589 ca

1248 4606 1309 4672 itta
1326 4624 1488 4688 tuaquom
1506 4609 1552 4671 cat
1565 4608 1734 4688 parmata.

683 4431 723 4486 111

311 4690 448 4772 Quaere:
471 4687 510 4754 Si
530 4686 621 4754 Deua
648 4694 701 4770 cst,
723 4711 820 4772 quare
847 4711 882 4757 ee
902 4692 970 4773 ipsc
990 4695 1076 4757 cocat
1095 4690 1199 4774 filium

200 4776 365 4859 ,hominm
386 4795 483 4858 qaam
504 4775 539 4839 ia
558 4775 668 4840 macte
693 4775 768 4858 tocie
794 4777 971 4857 coaptaret
992 4783 1116 4843 moneat
1140 4797 1199 4844 acc

220 4864 279 4944 zer,
300 4881 339 4926 ac
359 4860 464 4927 Deam
483 4860 618 4926 amdam
636 4860 797 4943 faciamus
812 4861 940 4944 bomini,
957 4868 1006 4929 ut:
1025 4862 1115 4929 Deae
1135 4883 1198 4928 aon
1306 4925 1308 4929 .
1615 4862 1873 4945 chambe?

222 4953 266 5016 cet
291 4947 379 5013 bomo
406 4951 442 5012 ut
462 4947 646 5026 mentietur,
677 4952 732 5012 cat
756 4945 844 5026 filiae
872 4945 1008 5014 bcmima
1042 4955 1080 5015 at
1103 4949 1198 5014 ellam

216 5035 378 5115 poeniteat.
424 5031 592 5100 Praeterea
611 5033 687 5098 dicit
707 5031 832 5099 David:
861 5033 968 5099 Nolite
988 5035 1140 5118 confidere
1161 5034 1197 5099 irc
1335 5034 1465 5118 Quaere
1485 5035 1640 5116 vicissim,
1662 5057 1764 5120 quum
1786 5036 1944 5121 scriptum
1971 5037 2016 5103 sit
2041 5059 2061 5104 a
2083 5034 2137 5111 ud,
2155 5028 2212 5095 Ite

212 5116 423 5201 principibta,
443 5120 480 5185 ia
500 5118 623 5186 bomine
642 5123 693 5185 etc.
738 5117 837 5183 Item:
857 5117 1047 5187 Maledictus
1064 5116 1197 5208 euicere²
1248 5120 1315 5187 iam
1337 5121 1395 5208 (ib.
1421 5144 1454 5190 v.
1479 5120 1524 5208 3),
1551 5122 1608 5207 qui
1635 5122 1785 5188 immolat
1812 5123 1936 5203 bovem,
1964 5057 2100 5208 perinde
2127 5112 2210 5184 acti

965 5229 1031 5283 „m
1051 5231 1065 5237 .,
