4590 5858
208 203 272 266 843

209 387 353 472 guinem,
374 385 431 453 sed
448 407 507 469 per
526 384 679 453 ecclesiae
689 385 910 451 ministerium
926 406 1004 451 vere
1016 383 1174 460 exhiberi,

208 479 243 540 et
258 471 360 538 veluti
371 491 480 537 coram
497 472 746 555 repraesentari,
767 492 835 536 non
846 479 974 536 tanturn
991 469 1080 536 volui
1097 489 1174 536 oon-

208 556 353 625 cordiam
373 556 500 623 salvam
520 576 600 637 esse,
623 557 679 624 sed
701 567 858 640 quantum
880 556 990 626 inme
1011 562 1083 622 erat
1099 575 1175 619 oon·

207 644 340 709 firmam
362 642 461 708 etiam
482 641 602 708 studui.
645 642 761 726 Neque
784 663 862 708 vero
883 642 1066 725 quempiam
1090 639 1175 705 male

208 728 330 794 habere
351 727 447 793 debet
468 748 507 792 ea
526 727 671 810 loquutio
690 750 754 812 que
770 749 844 793 sum
866 727 935 794 illic
957 748 1050 793 usus:
1073 746 1176 810 quum

209 813 278 878 dixi
307 834 441 879 coenam
454 813 601 880 ‚Domini
628 836 700 879 esse
735 834 852 896 panem
879 813 913 877 in
944 814 1014 878 eius
1042 831 1175 894 corpore

207 899 388 981 vinumque
421 898 456 963 in
489 899 558 964 eius
587 901 746 983 sanguine
779 900 1025 964 sanctificatum.
1082 896 1175 977 Quae

210 1005 312 1068 quum
335 992 445 1050 essent
464 1005 506 1049 ex
520 983 753 1069 Chrysostcmo
775 993 914 1067 sumpta,
935 1005 1033 1066 quem
1051 990 1178 1049 constet

208 1069 292 1135 nulli
318 1078 467 1135 veterum
498 1069 612 1135 cedere
646 1072 681 1135 in
710 1070 869 1154 dignitate
898 1089 1019 1134 coenae
1048 1066 1175 1153 praedi-

209 1154 322 1233 canda,
351 1175 420 1219 non
447 1175 521 1219 sum
542 1155 668 1220 veritus
685 1177 727 1221 ne
749 1157 794 1220 ita
815 1154 976 1238 loquendo
998 1167 1175 1219 extenuare

209 1248 266 1306 aut
287 1241 462 1305 obscurare
489 1239 556 1305 ullo
583 1241 679 1306 modo
708 1240 853 1317 viderer,
884 1260 981 1323 quam
1010 1238 1070 1305 sub
1092 1259 1175 1322 panc

209 1332 242 1391 et
263 1325 342 1391 vino
363 1325 547 1409 percipiunt
567 1326 680 1391 fideles
701 1327 844 1409 corporis
859 1334 892 1392 et
907 1326 1075 1410 sauguinis
1088 1345 1174 1389 oom-

207 1412 406 1476 munionem.
456 1412 502 1476 Et
529 1432 609 1477 sane
635 1412 747 1495 quiin
768 1420 916 1476 veterum
938 1411 1076 1476 lectione
1097 1417 1176 1475 sunt

209 1497 376 1562 exercitati
403 1516 470 1561 non
497 1499 650 1580 ignorant
682 1504 841 1580 quantum
868 1497 989 1563 habeat
1017 1495 1176 1560 momenti

207 1581 267 1646 illa
285 1602 366 1731 auae
388 1583 483 1647 toties
512 1581 598 1666 apud
627 1603 682 1647 eos
710 1583 853 1664 occurrit
880 1583 1017 1667 mystica
1045 1580 1174 1662 adleyta.

210 1666 283 1749 Quo
327 1668 356 1732 si
374 1667 414 1731 de
431 1688 532 1732 coena
545 1667 627 1732 nihil
645 1668 797 1751 loquutus
820 1689 934 1743 essem,
955 1676 1085 1750 praeter
1102 1668 1176 1732 uni·

208 1775 282 1819 cum
304 1751 385 1816 illud
408 1751 595 1831 verbulum,
618 1754 703 1831 iure,
733 1754 844 1831 fateor,
874 1754 950 1818 boni
973 1774 1086 1817 omnes
1108 1774 1176 1817 me-

207 1859 284 1905 cum
313 1838 568 1921 expostularent.
626 1837 752 1903 Verum
788 1847 836 1903 tot
863 1838 1034 1921 splendida
1062 1837 1175 1921 elogia,

208 1923 325 2007 quibus
357 1926 499 1988 fructum
526 1922 817 2006 excellentiamque
850 1925 949 1990 huius
979 1924 1174 1990 sacramenti

208 2009 360 2074 continuo
382 2031 454 2075 sum
474 2017 699 2160 Rosequutus
728 2011 817 2074 omni
838 2031 892 2076 me
914 2010 1097 2092 suspicione
1124 2028 1176 2074 sc-

209 2096 252 2160 tis
274 2115 433 2177 superque
455 2094 479 2158 li
520 2105 604 2159 rant.
654 2095 727 2160 Iam
754 2116 833 2161 vero
855 2096 941 2179 quod
964 2095 1133 2179 suggillari
1157 2116 1177 2159 a

208 2200 261 2245 me
283 2188 402 2263 putant
423 2179 598 2245 nonnullos
620 2201 661 2245 ex
689 2181 730 2245 iis
758 2182 948 2263 quibuscum
977 2182 1011 2244 in
1034 2182 1176 2267 gratiam

208 2265 379 2345 rediimus,
407 2265 460 2331 hic
483 2265 583 2331 velim
605 2267 757 2351 cogitent,
780 2288 843 2349 quo
865 2269 1008 2349 primum
1031 2282 1176 2349 tempore

206 2351 264 2416 illa
287 2352 418 2435 scripsi,
446 2371 500 2416 me
527 2351 638 2417 stilum
666 2352 702 2416 in
730 2371 785 2418 eos
813 2353 985 2417 strinxisse
1014 2353 1068 2436 qui
1091 2351 1175 2416 nihil

206 2437 275 2503 fere
297 2438 331 2501 in
352 2445 557 2503 sacramento
579 2446 743 2519 quaerunt
764 2458 861 2521 quam
883 2458 1026 2504 erassem
1049 2437 1175 2503 Christi

207 2524 441 2605 praesentiam,
469 2544 551 2605 quae
573 2544 671 2587 sensu
694 2524 837 2607 corporis
858 2525 982 2607 percipi
1005 2532 1038 2587 et
1059 2536 1176 2605 prope·

206 2607 341 2673 modum
369 2606 520 2672 manibus
553 2609 722 2674 attrectari
748 2618 854 2691 queat.
906 2607 982 2690 Qua
992 2612 1018 2686 1)
1045 2608 1177 2690 stupida

208 2692 438 2776 superstitione
459 2693 608 2759 videmus
629 2694 664 2758 in
686 2695 1002 2778 papisticisecclesiis
1024 2716 1089 2759 non
1104 2704 1175 2758 tan·

208 2786 280 2843 tum
301 2778 472 2844 hominum
494 2778 622 2863 vulgus,
645 2780 703 2845 sed
713 2780 871 2863 primores
893 2781 992 2845 ctiam
1013 2781 1102 2863 ipsos
1120 2779 1175 2845 de·-

208 2864 316 2929 tineri.
360 2864 446 2929 Nam
469 2863 509 2929 de
530 2886 609 2930 vera
630 2865 694 2931 lide
716 2887 832 2948 parum
855 2866 992 2945 solhciti,
1021 2887 1085 2949 qua
1106 2865 1176 2931 sole

208 2958 241 3016 et
268 2949 304 3015 in
332 2949 456 3016 Christi
485 2952 695 3033 pervenimus
725 2952 912 3017 societatem
942 2960 975 3017 et
1002 2973 1076 3018 cum
1105 2953 1175 3032 ipso

207 3035 435 3113 cohaeremus,
461 3035 557 3100 modo
586 3037 751 3102 carnalem
779 3038 848 3103 eius
875 3038 1094 3121 praesentiam
1116 3037 1174 3102 ha·

206 3121 314 3198 beant,
337 3142 436 3204 quem
457 3121 544 3187 ultra
566 3122 702 3188 verbum
731 3124 951 3202 somniarunt,
980 3123 1059 3189 satis
1080 3123 1174 3188 illum

205 3218 411 3356 grassantem
432 3206 553 3273 habere
574 3228 610 3274 se
632 3217 759 3291 putent.
791 3209 834 3273 In
845 3209 927 3288 illos,
950 3210 1093 3292 inquam,
1106 3218 1175 3272 tcta

229 3293 384 3377 isputatio
395 3292 557 3377 dirigitur,
569 3294 624 3376 qui
636 3315 769 3377 corpore
781 3294 960 3370 Christum,
975 3314 1043 3359 non
1056 3296 1174 3371 animo,

206 3385 240 3443 et
260 3379 362 3444 oculis
383 3379 492 3460 potius
519 3400 616 3461 quarn
642 3379 723 3459 fide,
751 3381 787 3445 in
815 3380 974 3463 symbolis
994 3382 1173 3463 requirunt.

205 3463 328 3530 Videre
358 3464 446 3530 enim
476 3472 527 3531 est
552 3473 591 3529 ut
623 3474 690 3530 toto
720 3466 876 3531 orationis
904 3473 1061 3533 contextu
1089 3465 1174 3531 nihil

206 3548 295 3615 aliud
316 3549 521 3629 contendam,
543 3571 641 3634 quam
662 3560 700 3616 ut
719 3552 817 3616 talem
840 3553 984 3635 corporis
996 3551 1121 3618 Christi
1139 3553 1175 3617 in

206 3655 307 3700 coena
328 3637 548 3718 praesentiam
570 3636 764 3721 cogitemus,
793 3659 876 3721 quae
904 3659 964 3703 nec
991 3639 1087 3721 panis
1109 3638 1175 3704 elo-

205 3726 318 3785 mento
337 3723 446 3804 ipsum
476 3723 604 3806 affigat,
633 3744 693 3789 nec
722 3724 757 3787 in
779 3744 897 3807 panem
923 3722 1086 3800 includat,
1114 3735 1175 3788 nec

205 3804 274 3870 ullo
294 3807 411 3872 saeculi
435 3807 532 3873 huius
553 3807 649 3872 modo
671 3809 928 3875 circumscribat:
961 3831 1043 3892 quae
1066 3810 1176 3874 omnia

207 3889 363 3975 derogare
390 3892 520 3958 coelesti
548 3894 618 3959 eius
647 3895 769 3979 gloriae
796 3895 904 3977 palam
932 3905 990 3960 est.
1035 3895 1173 3973 Deinde,

207 3996 290 4058 quae
312 3997 372 4041 nec
394 3999 580 4043 mensuram
604 3980 653 4045 illi
673 4001 766 4046 suam
789 3981 929 4056 auferat,
950 3981 1005 4046 vel
1026 3980 1174 4063 pluribus

207 4061 304 4127 simul
327 4060 404 4127 locis
422 4061 592 4145 distrahat,
614 4066 667 4132 vel
687 4067 882 4132 immensam
903 4066 952 4131 illi
974 4065 1175 4150 magnitudi-

206 4168 283 4212 nem
305 4147 449 4231 affingat,
476 4171 560 4232 quae
581 4172 640 4234 per
661 4151 788 4217 coelum
810 4160 844 4216 et
865 4163 988 4217 terram
1011 4151 1174 4218 diffunda-

207 4241 276 4312 tur,
304 4253 387 4316 quae
409 4242 547 4299 naturae
574 4238 705 4303 veritati
733 4259 799 4303 non
822 4239 957 4305 obscure
979 4247 1173 4322 repugnant.

206 4318 378 4385 Eiusmodi
398 4320 561 4385 erroribus
583 4323 611 4388 si
623 4324 737 4408 negari
758 4345 823 4388 non
846 4331 953 4407 potest
973 4324 1095 4406 passim
1113 4325 1174 4388 im·

205 4405 302 4470 butas
323 4404 422 4470 fuisse
440 4404 611 4471 hominum
628 4418 754 4475 mentes
776 4410 837 4476 sub
850 4409 1026 4496 tyrannide
1048 4410 1174 4474 romani

88 4506 90 4508 ·
206 4489 294 4555 illius
316 4489 522 4568 Antichristi,
545 4513 612 4570 cur,
634 4496 757 4574 amabo,
781 4516 862 4579 quae
880 4497 914 4560 in
925 4495 1035 4561 hostes
1046 4497 1175 4580 proprie

206 4584 404 4660 competunt,
427 4577 463 4640 in
480 4577 597 4642 fratres
609 4581 790 4663 amicosque
808 4590 944 4660 nostros,
968 4601 1005 4645 ac
1027 4582 1054 4646 si
1077 4582 1175 4647 desti·

206 4674 283 4727 natc
305 4663 341 4727 in
364 4683 418 4728 eos
441 4661 529 4728 dicta
550 4663 665 4743 forent,
689 4668 918 4732 conferantur?
963 4671 1073 4750 Atque
1095 4667 1176 4732 haec

206 4748 352 4828 quidem,
378 4769 479 4831 quum
507 4755 583 4814 ante
611 4770 713 4815 annos
735 4752 857 4834 aliquot
879 4752 966 4818 edita
987 4762 1110 4830 essent,
1139 4753 1174 4817 in

206 4919 410 4932 -u———

274 5035 304 5158 13
324 5037 431 5093 uates
445 5039 504 5105 fere
527 5038 840 5096 castrimetatione
863 5040 902 5095 ed.
926 5059 951 5096 a.
970 5041 1039 5096 1543
1062 5043 1138 5109 foeta
1157 5044 1174 5098 1.

207 5101 225 5157 1.
244 5104 268 5170 ς.
304 5106 329 5173 1,
346 5104 381 5159 211
395 5123 460 5177 pop.
478 5115 575 5164 nostro
593 5109 618 5164 1.
637 5107 712 5164 loos

1018 192 1386 263 PRAEFATIONES.

2134 197 2200 259 844

1226 382 1447 466 recognitione
1472 384 1579 467 operis
1608 403 1796 467 expungere
1824 383 1932 448 visum
1960 402 2026 448 non
2054 388 2120 458 est,
2155 400 2198 446 ne

1226 469 1409 534 consentire
1429 469 1470 535 iis
1492 468 1726 551 quodammodo
1748 468 1885 548 viderer,
1907 468 2077 551 inquibus
2100 487 2197 550 repu-

1227 551 1356 618 diandis
1393 562 1582 620 constanter
1620 555 1800 619 etiamnum
1838 573 2019 637 persevero.
2081 553 2197 635 Neque

1226 638 1314 703 enim
1336 639 1473 706 sublatis
1499 640 1619 706 talibus
1647 638 1798 705 absurdis
1819 639 1995 703 imminuta
2015 646 2066 704 est
2087 638 2197 705 virtus

1228 723 1368 803 Christi,
1398 727 1570 808 quominus
1598 747 1633 792 se
1661 723 1753 790 nobis
1780 725 2080 808 praesentissimum
2102 723 2197 789 exhi·

1226 811 1310 888 beat,
1334 830 1372 877 ac
1393 810 1478 893 quod
1501 809 1540 875 de
1552 810 1716 894 eroganda
1736 812 1771 875 in
1794 810 1902 876 cibum
1923 831 1983 874 sua
2003 829 2103 875 carne
2121 830 2196 893 pro·

1227 896 1317 960 misit
1338 917 1374 961 re
1395 898 1467 980 ipsa
1488 896 1672 980 adimpleat.
1728 897 1780 962 De
1801 897 1927 961 rationo
1940 897 1963 971 ¹)
1990 897 2018 961 si
2039 896 2113 979 quis
2143 915 2197 959 me

1227 996 1320 1065 roget
1346 983 1440 1047 fateri
1469 1003 1534 1046 non
1562 981 1708 1065 pudebit,
1743 982 1914 1047 sublimius
1940 1002 2012 1046 esse
2038 1001 2196 1046 amanum

1227 1089 1325 1151 quam
1347 1078 1385 1132 ut
1404 1068 1458 1132 vel
1475 1060 1607 1152 ingenio
1626 1089 1699 1133 meo
1710 1066 1950 1150 comprehendi,
1973 1066 2028 1131 vel
2049 1067 2196 1131 enarrari

1227 1152 1334 1218 verbis
1357 1162 1464 1236 queat.
1499 1153 1616 1236 Atque,
1640 1164 1677 1217 ut
1698 1173 1813 1218 vorum
1830 1154 1942 1230 fatear,
1965 1153 2115 1234 experior
2127 1171 2196 1215 ma·

1226 1240 1277 1323 gis
1298 1258 1396 1321 quam
1414 1238 1605 1323 intelligam.
1650 1239 1766 1321 ltaque
1786 1239 1958 1304 veritatem
1977 1236 2052 1315 Dei,
2074 1236 2110 1301 in
2132 1256 2196 1320 qua

1225 1325 1429 1408 acquiescere
1451 1334 1523 1388 tuto
1543 1343 1684 1407 possum,
1713 1323 1766 1388 hic
1788 1324 1858 1390 sine
1880 1323 2105 1389 controversia
2126 1343 2195 1387 am·

1226 1410 1357 1493 plector.
1391 1410 1594 1475 Pronunciat
1614 1409 1679 1488 ille,
1702 1430 1834 1475 caruem
1856 1430 1950 1475 suam
1972 1429 2045 1473 esse
2067 1408 2195 1473 animae

1227 1511 1319 1560 meac
1341 1495 1464 1572 cibum,
1494 1495 1689 1579 sanguinem
1716 1517 1787 1561 esse
1814 1504 1933 1578 potum.
1979 1492 2116 1559 Talibus
2139 1492 2195 1558 ali·

1228 1581 1347 1646 mentis
1379 1581 1522 1645 animam
1551 1580 1599 1645 illi
1627 1601 1734 1645 meam
1761 1578 1956 1664 pascendam
1989 1579 2100 1644 offero.
2155 1578 2196 1643 In

1229 1687 1321 1733 sacra
1350 1687 1410 1730 sna
1437 1686 1537 1730 coena
1561 1666 1653 1731 iubet
1682 1687 1734 1730 me
1764 1665 1826 1731 sub
1854 1665 2012 1749 symbolis
2040 1665 2138 1749 panis
2164 1673 2195 1729 et

1228 1753 1298 1817 vini
1322 1771 1437 1833 corpus
1460 1763 1492 1816 ct
1515 1753 1707 1835 sanguinem
1730 1773 1826 1816 suum
1847 1772 1977 1816 sumere
2000 1772 2038 1816 ao
2059 1748 2195 1815 mandu-

1229 1858 1311 1903 care.
1357 1838 1446 1902 Nihil
1477 1837 1588 1903 dubito
1616 1837 1696 1920 quin
1723 1845 1756 1902 et
1782 1838 1852 1919 ipse
1878 1857 1956 1903 vere
1977 1837 2135 1920 porrigat,
2164 1842 2195 1900 et

1229 1945 1288 2007 ego
1310 1923 1476 2006 recipiam,
1495 1943 1532 1988 ac
1555 1944 1633 1987 vera
1653 1922 1924 2005 substantialique
1943 1921 2195 1988 manducatione

1228 2011 1327 2074 fruar.
1371 2010 1513 2074 Tantum
1532 2008 1673 2074 absurda
1689 2008 1810 2085 reiicio,
1833 2029 1915 2091 quae
1934 2018 2043 2074 autem
2067 2007 2194 2074 coelesti

1229 2095 1356 2160 Christi
1377 2096 1547 2159 maiestate
1569 2093 1711 2179 indigna,
1734 2102 1792 2159 aut
1813 2093 2028 2159 abhumanae
2052 2094 2122 2159 eius
2139 2113 2194 2157 na·

1229 2194 1322 2245 turae
1352 2182 1485 2244 veritate
1508 2180 1614 2244 aliena
1640 2201 1711 2246 esse
1731 2191 1881 2264 apparet,
1906 2179 2040 2329 3111110
2068 2190 2194 2245 etcum
2248 2189 2249 2192 ’

1228 2267 1290 2332 Dei
1313 2265 1412 2331 verbo
1431 2286 1578 2350 pugnare
1599 2286 1732 2332 necesse
1754 2276 1818 2330 est:
1841 2286 1904 2347 quo
1949 2277 1981 2330 et
2003 2265 2050 2331 sic
2072 2266 2107 2329 in
2129 2264 2194 2349 glo·

1227 2354 1310 2417 riam
1333 2352 1426 2436 regni
1454 2351 1602 2417 coelestis
1629 2360 1794 2435 receptum
1823 2352 1924 2417 luisse
1946 2351 2118 2416 Christum
2141 2348 2193 2414 do-

1227 2448 1292 2513 cet,
1320 2447 1358 2502 ut
1385 2459 1484 2522 supra
1511 2457 1642 2502 omnem
1670 2436 1783 2502 mundi
1816 2435 2033 2503 conditionem
2070 2435 2192 2512 evehat,

1227 2546 1287 2590 nec
1309 2523 1417 2589 minus
1439 2523 1614 2607 diligenter
1640 2525 1675 2587 in
1704 2524 1849 2588 humana
1876 2524 1947 2587 eius
1968 2533 2088 2587 natura
2110 2541 2193 2587 com·

1228 2609 1360 2674 mandat
1382 2630 1463 2692 quae
1475 2610 1606 2692 propria
1624 2616 1704 2674 sunt
1721 2629 1818 2674 verae
1835 2608 2060 2673 humanitatis.
2095 2607 2192 2682 Haec,

1227 2716 1311 2779 quae
1336 2715 1355 2759 a
1376 2715 1429 2759 me
1457 2694 1595 2759 antehac
1621 2715 1700 2759 vere
1728 2695 1849 2778 scripta
1874 2695 2021 2772 fuerant,
2051 2693 2081 2758 si
2111 2712 2192 2758 nuuc

1227 2781 1358 2863 penitus
1380 2780 1509 2845 silentio
1532 2780 1801 2859 transmisissem,
1830 2801 1897 2846 non
1918 2778 2108 2846 dubitabam
2130 2779 2193 2844 fore

1228 2868 1307 2949 quin
1329 2866 1425 2931 multi
1449 2867 1710 2949 suspicarentur,
1739 2866 1788 2931 ita
1809 2865 1957 2932 veritatis
1978 2864 2193 2949 patrocinium

1227 2952 1383 3018 adversus
1404 2953 1548 3036 papistas
1571 2974 1591 3017 a
1612 2973 1665 3016 me
1687 2950 1793 3017 deseri
1831 2972 1868 3017 ac
1889 2949 1992 3035 prodi,
2021 2970 2193 3033 eorumque

1227 3038 1442 3104 deliramenta
1464 3037 1667 3103 connivendo
1691 3038 1792 3102 veluti
1814 3037 2026 3120 comprobari
2078 3039 2192 3102 Acces-

1227 3125 1270 3189 sit
1296 3124 1359 3189 huc
1388 3123 1474 3207 quod
1502 3123 1651 3188 videbam
1678 3122 1855 3188 nonnullos
1883 3122 2056 3194 alieniores
2086 3123 2193 3187 fieris

1226 3209 1407 3286 concordia,
1433 3231 1515 3292 quae
1537 3229 1657 3293 magno
1679 3209 1807 3291 publico
1829 3209 1913 3274 bono
1933 3210 2023 3273 inter
2044 3206 2192 3274 ecclesias

1226 3297 1428 3379 germanicas
1450 3297 1626 3359 constituta
1653 3305 1718 3360 est:
1752 3294 1837 3377 quod
1865 3303 1983 3377 putent
2012 3313 2082 3359 non
2104 3312 2192 3377 posse

1226 3390 1375 3446 constare
1408 3380 1654 3447 substantialem
1689 3382 1833 3465 corporis
1860 3380 1986 3446 Christi
2018 3379 2192 3445 manduca-

1225 3469 1349 3532 tionem
1370 3469 1405 3531 in
1427 3487 1535 3545 coena,
1564 3467 1694 3549 qualem
1716 3467 1884 3532 Lutherus
1906 3465 2036 3545 statuit,
2063 3465 2127 3531 nisi
2148 3464 2192 3529 lo·

1227 3553 1288 3618 cali
1317 3553 1500 3636 praesentia
1534 3560 1567 3616 et
1596 3552 1697 3617 veluti
1731 3553 2029 3634 circumscriptione
2056 3549 2193 3634 implici-

1227 3646 1304 3703 tam.
1355 3638 1447 3703 Haec
1475 3639 1614 3721 suspicio
1637 3658 1734 3721 quam
1757 3658 1844 3704 vana
1865 3639 1907 3702 sit
1928 3658 1967 3702 ac
1987 3636 2115 3716 frivola,
2136 3657 2193 3719 pu·

1227 3725 1294 3789 tavi
1322 3723 1476 3807 expedire
1504 3733 1543 3788 ut
1569 3732 1814 3808 cognoscerent,
1847 3723 1945 3789 simul
1972 3733 2011 3787 ut
2038 3723 2192 3787 iniuriam

1226 3811 1331 3875 facere
1354 3810 1504 3875 desinant
1525 3810 1646 3894 insigni
1669 3809 1795 3876 Christi
1824 3808 1984 3892 apostolo,
2014 3829 2074 3892 per
2104 3809 2192 3874 cuins

1225 3896 1445 3961 ministerium
1465 3894 1527 3961 hoc
1550 3904 1697 3979 tempore
1717 3895 1784 3961 illis
1796 3895 1959 3979 evangelii
1979 3894 2039 3960 lux
2058 3894 2191 3960 affulsit:

1226 3982 1323 4048 simul
1357 3991 1396 4045 ut
1429 3981 1510 4046 falso
1542 3981 1679 4064 periculi
1705 3990 1796 4047 metu
1826 3981 1956 4046 liberati
1988 3979 2192 4045 concordiam

1226 4068 1394 4133 nobiscum
1417 4067 1589 4131 exanimo
1611 4067 1847 4149 amplexentur.
1896 4066 1999 4133 Hunc
2021 4065 2102 4130 mihi
2125 4067 2191 4131 ani·

1225 4175 1316 4218 mum
1338 4154 1438 4218 fuisse
1467 4174 1566 4235 quum
1595 4152 1706 4218 multis
1733 4153 1937 4238 argumentis
1959 4153 2074 4228 testari
2091 4151 2191 4229 liceat,

1226 4238 1260 4304 id
1281 4239 1424 4323 primurn
1447 4246 1577 4322 rogatos
1599 4259 1670 4304 esse
1693 4239 1791 4304 velim
1812 4239 1883 4321 pios
1904 4258 2029 4316 omnes,
2052 4258 2093 4303 ne
2115 4236 2192 4302 mihi

1226 4325 1260 4389 in
1284 4325 1393 4389 animo
1415 4344 1486 4388 csse
1507 4332 1623 4406 putent
1643 4326 1884 4390 contentionem
1905 4324 2013 4402 illam,
2041 4344 2125 4406 quae
2146 4323 2192 4389 ni·

1226 4412 1289 4476 mis
1311 4408 1367 4474 diu
1390 4409 1540 4476 ecclesiae
1561 4410 1716 4490 exercuit,
1744 4430 1910 4492 renovare.
1955 4408 2067 4490 Quam
2087 4417 2126 4474 ut
2146 4411 2193 4474 in·

1227 4497 1428 4578 auspicatam
1461 4517 1593 4578 prorsus
1633 4497 1765 4575 horreo,
1804 4516 1989 4579 repressam
2024 4493 2192 4578 aliquando

1226 4583 1325 4647 fuisse
1347 4589 1380 4646 et
1401 4579 1546 4673 sedatam
1574 4581 1788 4647 vehementer
1809 4579 1950 4666 gaudeo,
1977 4588 2015 4645 ut
2042 4601 2103 4664 par
2130 4591 2191 4646 est:

1226 4688 1290 4751 quo
1312 4668 1442 4750 penitus
1464 4667 1596 4732 tandem
1619 4670 1857 4752 exstinguatur,
1886 4665 2042 4732 daturum
2064 4688 2118 4733 me
2138 4687 2192 4750 pro

1227 4752 1314 4818 virili
1336 4773 1468 4835 operam
1490 4755 1651 4835 profiteor.
1702 4754 1831 4819 Deinde
1859 4774 1900 4818 ne
1928 4751 2025 4817 aliter
2047 4773 2101 4818 me
2123 4768 2193 4818 sen·

1227 4927 1430 4936 ——-

1296 5043 1325 5109 1)
1344 5043 1385 5097 De
1403 5044 1507 5097 ratione
1526 5081 1686 5100 .......
1704 5059 1784 5098 verae
1808 5041 1989 5097 humanitatis.
2032 5041 2113 5097 Hace
2129 5045 2195 5098 tm·

1227 5112 1286 5166 mo
1298 5118 1396 5181 posteo
1413 5111 1452 5166 ed.
1472 5127 1498 5165 a.
1516 5109 1584 5164 1548
1602 5113 1618 5166 l.
1639 5113 1655 5166 1.
1673 5115 1697 5175 ς.
1714 5111 1749 5167 30
1766 5111 1806 5166 ed.
1824 5117 1909 5165 nostr.
1928 5108 1954 5162 1.
1969 5126 1997 5178 p.
2017 5108 2095 5164 1⁰10.
