4776 5844
249 265 311 326 231
1014 254 1198 322 curma
1218 251 1485 320 ADMONI'PIO
2191 254 2259 318 232

335 444 632 530 Quadragesimum
666 453 798 511 sertum
824 452 1058 529 argumentum
1084 447 1149 507 est:
1183 439 1222 507 Si
1272 439 1422 507 Verbum
1454 462 1531 508 caro
1563 442 1686 507 factum
1716 451 1781 521 est,
1813 441 1908 506 item:
1941 439 2017 506 Hoc
2054 447 2105 507 est
2136 461 2258 524 corpus

242 533 393 601 creditur
427 531 599 598 Christum
631 530 842 614 corporaliter
874 550 945 596 esse
981 535 1053 608 [pag.
1078 532 1153 605 267]
1186 528 1222 591 in
1272 547 1392 592 meum.
1423 573 1424 578 η

247 639 349 686 coena
365 639 432 682 non
451 617 571 701 poterit
596 616 918 683 transsubstantiatio
939 615 1144 699 papistarum
1166 614 1222 678 fir·
1359 610 1620 697 Quadrageaimo
1638 634 1725 679 nono
1743 614 1824 691 loco,
1843 612 1987 678 utnobis
2008 610 2260 679 mendicitatem

246 704 345 770 miter
375 703 566 788 oppugnari.
625 700 840 785 Respondent
872 723 940 768 non
972 721 1043 767 esse
1074 697 1223 764 facienda
1274 699 1490 781 exprobrent,
1518 699 1628 765 nescio
1653 698 1732 782 quid
1759 720 1780 765 a
1806 720 1842 764 sc
1867 699 2062 764 fabricatum
2083 697 2256 764 effutiunt:

245 790 347 869 mala,
377 798 415 854 ut
435 790 590 854 eveniant
616 789 711 854 bona
755 788 829 872 Ego
851 808 930 853 vero
952 794 1057 851 totum
1078 783 1162 850 illud
1182 784 1222 849 li·
1274 784 1366 851 Nihil
1387 785 1504 850 inutile
1526 794 1578 851 est
1594 806 1724 851 verum:
1747 784 1897 852 doctrina
1918 784 1959 850 de
1978 784 2165 867 praesentia
2184 806 2258 850 ccr-

246 875 362 941 bentcr
388 875 468 959 ipsis
495 873 643 952 remitto,
676 895 738 940 nec
764 875 830 940 scio
857 873 944 939 unde
972 878 1141 955 sumptum
1169 871 1221 936 sit.
1275 871 1380 954 porali
1402 879 1453 936 est
1473 871 1616 937 inutilis:
1644 892 1723 956 ergo
1752 893 1820 937 nou
1846 880 1898 936 est
1919 892 2007 937 vcra
2051 870 2118 936 Hic
2140 870 2259 937 dicunt

244 962 319 1028 Imc
350 960 567 1028 vanissimum
594 981 666 1026 esse
698 979 740 1024 ex
768 959 898 1042 scriptis
923 958 1045 1023 nostris
1078 964 1222 1040 apparet.
1274 978 1343 1034 nos,
1367 957 1462 1023 sicuti
1483 956 1624 1023 famelici
1645 957 1761 1035 solent,
1783 978 1850 1022 uon
1872 965 2001 1022 tantum
2019 955 2164 1023 exlocis
2186 955 2258 1022 dic·

245 1048 332 1113 Nam
353 1056 427 1112 tum
448 1045 521 1110 aliis
549 1044 731 1111 rationibus
758 1046 839 1112 satis
860 1042 980 1111 validis
1002 1065 1023 1109 a
1043 1043 1139 1109 nobis
1171 1062 1223 1107 re-
1275 1041 1408 1122 lecticis,
1430 1043 1488 1108 sed
1510 1043 1612 1108 etiam
1638 1064 1680 1109 cr
1704 1043 1877 1109 rhetorum
1897 1043 2021 1125 campis
2042 1042 2163 1124 pabula
2184 1062 2259 1108 ccr-

244 1134 371 1199 sutatur
401 1131 738 1197 transsubstantiatio:
772 1139 845 1196 tum
879 1151 947 1195 una
980 1130 1063 1195 haec
1094 1128 1223 1194 abunde
1274 1128 1399 1194 radere.
1443 1130 1516 1213 Ego
1538 1150 1616 1195 vero
1637 1130 1714 1212 quia
1741 1129 1864 1195 mesic
1891 1128 2085 1195 rhetoricari
2104 1127 2258 1212 puderet,

243 1220 374 1297 sufficit,
395 1217 458 1282 hoc
477 1217 575 1282 modo
596 1217 703 1283 everti
720 1216 905 1302 analogiam
925 1216 1011 1300 sigui
1033 1222 1068 1279 et
1086 1214 1135 1280 rei
1156 1214 1223 1299 sig·
1275 1214 1340 1280 illis
1362 1215 1510 1298 relinquo
1555 1214 1619 1279 uod
1640 1237 1736 1281 suum
1754 1222 1813 1281 est.
1848 1214 1981 1279 Interea
2002 1235 2073 1280 sese
2094 1214 2260 1281 adversim

245 1311 352 1371 natac.
407 1304 480 1370 Nisi
507 1304 595 1368 enim
627 1304 662 1366 in
690 1310 894 1369 sacramento
915 1301 1044 1368 visibile
1066 1309 1100 1366 ct
1120 1308 1224 1365 terre-
1275 1301 1420 1366 Paulum
1441 1300 1536 1366 defen
1604 1311 1632 1380 t,
1665 1301 1721 1384 qui
1748 1301 1957 1384 quaestiones
1977 1322 2091 1366 omnes
2118 1300 2258 1366 damnat

245 1412 327 1456 num
348 1391 479 1473 signum
502 1388 587 1453 dono
604 1389 768 1471 spirituali
778 1387 983 1472 respondeat,
1006 1385 1147 1453 concidit
1163 1407 1223 1450 na-
1275 1386 1363 1451 unde
1385 1386 1478 1453 nulla
1499 1387 1605 1452 oritur
1628 1387 1809 1452 aedificatio
1834 1390 1868 1468 (2
1892 1387 1975 1451 uim.
1995 1391 2024 1464 2,
2045 1390 2109 1464 23).
2155 1386 2257 1453 Certe

245 1487 323 1542 tura
342 1474 549 1543 sacramenti.
1276 1474 1304 1538 si
1325 1473 1452 1538 inutilis
1472 1481 1523 1538 cst
1549 1492 1663 1538 corum
1690 1472 1856 1552 doctrina,
1882 1482 2037 1555 sequetur
2063 1472 2133 1538 eius
2155 1492 2258 1538 causa

332 1559 631 1644 Quadragcsimum
670 1561 848 1643 septimum
887 1566 1118 1644 argumentum
1158 1565 1223 1623 est:
1275 1578 1448 1642 perperam
1485 1559 1614 1624 moveri
1651 1568 1720 1623 tam
1752 1570 1875 1643 graves
1909 1579 2046 1642 pugnas.
2109 1558 2256 1643 Papistis

245 1646 335 1730 Quia
366 1646 557 1731 imaginatio
595 1645 635 1711 de
665 1645 827 1729 corporali
865 1645 1054 1729 praesentia
1088 1643 1224 1708 idclola·
1275 1664 1374 1728 quam
1396 1643 1490 1709 nobis
1511 1645 1682 1710 amiciores
1710 1665 1766 1711 cos
1788 1665 1860 1710 esse
1889 1653 2024 1710 constat
2073 1642 2114 1710 si
2134 1645 2176 1710 ob
2197 1645 2258 1709 fri·

247 1734 331 1799 triac
351 1733 531 1817 papisticae
552 1733 757 1797 occasionem
803 1732 941 1810 raebuit,
964 1742 998 1794 et
1019 1751 1095 1795 eam
1117 1729 1224 1795 adhuc
1277 1729 1386 1795 volam
1409 1730 1645 1813 quaestionem:
1669 1750 1767 1814 quam
1788 1729 1950 1795 reddituri
1969 1730 2037 1795 sint
2054 1730 2133 1795 olim
2156 1730 2256 1795 ratio-

246 1822 427 1896 oonfirmat,
450 1838 516 1883 nou
539 1839 609 1883 esse
631 1838 764 1884 asscren
807 1838 849 1882 m.
899 1815 1124 1899 Respondent,
1147 1837 1225 1882 con·
1276 1837 1353 1880 nem
1383 1838 1461 1882 suae
1490 1815 1725 1893 truculentiae,
1755 1838 1843 1882 nunc
1871 1814 2024 1881 viderint
2074 1813 2190 1897 Quare
2218 1825 2256 1882 ut

245 1905 450 1988 sequentiam
471 1901 605 1968 ductam
632 1924 653 1967 a
678 1904 760 1968 vitio
788 1901 979 1969 accidentali
1007 1923 1074 1967 non
1104 1902 1222 1967 valere.
1278 1905 1352 1980 [pag.
1372 1906 1448 1982 271]
1471 1903 1628 1967 maiorem
1650 1902 1853 1979 refellerent,
1882 1901 1967 1967 nihil
1988 1923 2070 1986 opus
2091 1901 2156 1966 fuit
2176 1923 2255 1968 con·

246 1989 314 2058 Sed
335 1989 414 2075 quid
435 1991 464 2054 ci
485 1989 662 2055 asserimus
684 2010 737 2054 res
758 2010 830 2054 esso
843 2008 1002 2053 annexas:
1026 2009 1132 2071 neque
1150 1992 1225 2066 [pag.
1275 2000 1328 2051 tra
1349 1987 1456 2071 legem
1465 1986 1531 2052 Dei
1553 1986 1707 2053 foetidam
1718 1987 1954 2070 blasphemiam
1971 2000 2131 2053 evomere.
2165 1987 2257 2053 Con·

248 2081 324 2157 268]
352 2085 462 2141 tamen
494 2073 707 2141 declinandae
734 2082 864 2139 tantum
893 2073 1096 2139 idololatriae
1125 2094 1225 2139 causa
1275 2072 1417 2139 tendunt
1439 2095 1553 2138 verum
1575 2074 1741 2139 interdum
1763 2094 1835 2138 esse
1858 2074 1945 2157 quod
1966 2073 2082 2139 inutile
2104 2082 2162 2139 est
2209 2075 2257 2140 Ut

246 2163 466 2247 praesentiam
500 2160 702 2244 corporalem
728 2160 891 2237 tollimus,
925 2159 984 2225 sed
1012 2181 1075 2242 quc
1106 2160 1224 2224 melius
1275 2180 1347 2224 rem
1367 2159 1536 2224 indubiam
1550 2159 1576 2242 ¹)
1598 2160 1752 2243 probent,
1780 2160 1835 2224 lex
1856 2160 1920 2224 Dei
1950 2167 2000 2226 est
2020 2159 2087 2225 illis
2115 2159 2256 2226 inutilis

245 2256 356 2332 pateat
384 2268 482 2331 quam
515 2245 707 2312 detestabile
735 2246 779 2310 sit
805 2256 1026 2312 commentum
1048 2244 1088 2311 de
1110 2266 1224 2329 corpo-
1275 2244 1417 2309 Dixerat
1446 2243 1578 2327 quidem
1606 2245 1789 2328 apostolus,
1818 2247 2037 2327 caeremonias
2063 2254 2097 2310 et
2118 2245 2258 2312 umbras

244 2335 307 2401 rali
328 2335 520 2417 praesentia,
543 2352 714 2397 monemus
743 2332 925 2397 necessario
953 2351 1065 2396 secum
1093 2333 1236 2396 trahere·
1276 2330 1361 2395 nihil
1393 2332 1553 2414 proluisse
1581 2332 1650 2397 suis
1676 2331 1871 2410 cultoribus,
1899 2353 2018 2416 nempe
2045 2353 2104 2414 per
2126 2350 2176 2397 se:
2212 2353 2257 2397 an

244 2420 380 2504 impiam
401 2417 628 2484 idololatriam.
662 2416 750 2482 Nam
771 2416 858 2501 quod
878 2429 1001 2499 negant
1022 2417 1223 2483 adoraudum
1276 2415 1347 2480 ideo
1370 2424 1439 2483 tota
1458 2417 1513 2481 lex
1532 2417 1667 2494 inutilis,
1690 2417 1830 2484 cuiusin
1851 2417 2060 2501 ipsaquoque
2082 2418 2257 2484 hominum

244 2527 316 2573 csse
327 2505 451 2571 Christi
473 2525 599 2586 corpus,
622 2502 772 2585 quamvis
788 2502 823 2568 in
845 2523 930 2587 pane
948 2504 999 2580 sit,
1022 2504 1099 2586 quia
1110 2503 1224 2569 Chris·
1277 2502 1486 2568 damnatione
1512 2504 1710 2587 perspicitur
1741 2503 1889 2569 utilitas?
1939 2502 2131 2569 Videndum
2145 2556 2148 2563 .
2164 2526 2257 2571 nuno

244 2600 299 2656 tus
321 2589 543 2655 adorationem
565 2589 634 2654 illic
661 2610 726 2653 uon
749 2589 881 2673 recipit,
912 2587 1036 2654 valeret
1057 2590 1087 2655 si
1109 2609 1224 2655 eorum
1277 2596 1378 2654 restat
1405 2610 1502 2671 quem
1528 2590 1673 2655 fructum
1701 2590 1808 2672 pariat
1834 2589 1922 2672 quod
1956 2588 2137 2655 obtrudunt
2165 2610 2256 2655 com·

245 2697 402 2760 responsa
422 2673 511 2758 apud
526 2696 639 2740 ornnes
660 2674 850 2740 authentica
871 2682 989 2739 essent.
1021 2673 1224 2755 Cbtcndunt,
1277 2682 1435 2739 mentum.
1480 2676 1589 2740 Locus
1610 2675 1679 2740 illc:
1708 2674 1794 2741 Caro
1821 2697 1887 2740 non
1916 2675 2050 2758 prodest
2076 2676 2257 2759 quidquam

246 2781 411 2845 nusquam
422 2771 551 2826 exstare
561 2767 772 2843 pracceptum
784 2759 824 2825 de
835 2758 1000 2826 adorando
1011 2760 1135 2827 Christi
1153 2783 1225 2828 cor·
1277 2761 1407 2838 (loann.
1428 2764 1456 2839 6,
1481 2758 1553 2859 63),
1581 2761 1721 2827 antehac
1747 2762 1811 2827 fuit
1838 2763 2016 2844 expositus.
2065 2761 2256 2843 Caeterum,

246 2868 333 2999 §pom
389 2846 488 2914 Certe
520 2845 560 2910 de
594 2847 727 2913 Christo
759 2846 893 2911 homino
925 2848 1055 2931 proprie
1085 2846 1223 2913 dieitur:
1277 2854 1318 2912 ut
1342 2845 1444 2911 nullis
1467 2854 1650 2930 sumpturae
1667 2846 1864 2912 testimoniis
1881 2848 2034 2925 nitamur,
2056 2869 2159 2930 quum
2179 2848 2257 2917 doc-

278 2934 419 2999 xeltavit
438 2932 532 2997 illum
555 2933 663 3011 Deus,
696 2940 730 2997 et
753 2930 843 2998 dedit
864 2934 894 2997 ei
918 2952 1038 2998 nomen
1067 2932 1151 3017 quod
1175 2944 1227 3001 est
1276 2932 1365 2997 trina
1386 2939 1498 2998 nostra
1519 2932 1654 2998 solidam
1673 2934 1799 3000 Christi
1819 2954 1895 3000 cum
1914 2935 1983 2999 suis
2003 2936 2161 3004 membris
2178 2959 2257 3003 con-

247 3041 346 3104 super
378 3040 475 3084 omne
508 3039 641 3096 nomen,
675 3026 714 3082 ut
745 3017 781 3082 in
810 3019 943 3083 nominc
969 3019 1046 3084 Iesu
1073 3020 1226 3085 flectatur
1276 3017 1487 3098 lunationem,
1515 3020 1550 3083 in
1573 3040 1638 3102 qua
1659 3027 1728 3084 tota
1749 3030 1862 3085 nostra
1883 3021 1970 3086 salus
1993 3027 2026 3086 et
2042 3020 2183 3089 felicitas
2204 3024 2259 3088 in-

246 3125 345 3172 omao
365 3127 452 3189 genu
471 3103 571 3188 (Phil.
592 3108 621 3182 2,
641 3105 685 3184 tl).
721 3104 836 3187 Itaque
857 3105 974 3170 merito
991 3114 1025 3169 et
1046 3105 1126 3170 scite
1148 3105 1226 3174 hinc
1277 3104 1369 3170 clusa
1390 3112 1449 3183 est,
1471 3104 1651 3170 contineat:
1673 3106 1737 3189 ipsi
1755 3115 1866 3171 autem
1876 3105 2162 3174 manducationem
2180 3131 2257 3193 pos·

246 3191 371 3275 colligit
392 3191 603 3274 Augustinus
624 3188 828 3255 adorandam
850 3211 921 3256 esse
943 3190 1069 3256 Christi
1092 3212 1225 3257 carnem
1276 3190 1385 3255 tulent
1412 3190 1516 3255 Iudae
1544 3198 1579 3255 et
1600 3191 1701 3256 Petro
1729 3193 1965 3276 promiscuam,
1994 3192 2081 3259 clare
2108 3204 2256 3279 apparet,

246 3278 281 3342 in
303 3275 491 3342 mediatoris
515 3295 663 3357 persona.
715 3275 892 3342 Caeterum
921 3277 1022 3341 miror
1049 3284 1117 3341 tam
1145 3277 1225 3343 libe·
1277 3276 1318 3340 de
1339 3276 1443 3340 nihilo
1465 3297 1520 3342 eos
1543 3278 1655 3342 rixari.

247 3363 360 3429 ralitcr
387 3362 481 3428 nobis
508 3361 684 3426 concedere
704 3360 1008 3447 Magdeburgenses
1035 3362 1121 3446 quod
1148 3363 1225 3429 reli·
1362 3361 1404 3426 In
1424 3370 1619 3447 argrnnento
1640 3364 1740 3428 etiam
1758 3364 2029 3447 quinquagesimo
2048 3366 2162 3431 fucum
2182 3371 2258 3446 [pag.

245 3469 311 3531 qua
332 3469 445 3514 eorum
467 3447 564 3513 fact-io
585 3447 752 3514 mordicus
770 3448 901 3513 retinet.
947 3448 1036 3529 Quid
1057 3451 1145 3514 enim
1163 3448 1224 3515 sibi
1278 3452 1354 3527 272]
1381 3448 1516 3513 faciunt.
1571 3448 1688 3532 Itaque
1716 3449 1781 3513 illis
1807 3449 1902 3515 facilc
1931 3460 1981 3515 est
2015 3473 2091 3517 suas
2119 3455 2256 3518 umbras

246 3535 320 3599 vult
350 3533 440 3599 illud
466 3532 608 3598 Lutheri
640 3541 753 3599 contra
784 3535 1024 3600 Lovauienscs:
1063 3533 1239 3601 Sanctum·
1276 3532 1453 3599 discutere:
1482 3532 1541 3614 scd
1568 3534 1650 3599 mihi
1675 3536 1723 3600 ita
1747 3536 1861 3618 agenti
1889 3535 2109 3618 respondeant
2137 3538 2255 3604 velim:

247 3626 320 3699 [pag.
340 3624 415 3700 269]
438 3628 473 3683 ct
501 3618 666 3684 adorabile
693 3629 952 3685 sacramentum:
986 3621 1051 3686 nisi
1072 3620 1226 3687 adoretur
1277 3619 1540 3685 Communicatio
1562 3619 1763 3685 substantiae
1785 3620 1896 3686 carnis
1917 3621 2053 3700 Christi,
2098 3645 2178 3688 uam
2200 3622 2256 3689 de·

245 3707 282 3769 iu
309 3727 395 3788 panc
421 3704 559 3787 corpus?
609 3702 737 3770 Saltem
765 3706 971 3771 consentiant
997 3708 1086 3772 inter
1113 3728 1165 3784 se,
1192 3717 1225 3773 et
1275 3704 1424 3783 fondunt,
1446 3704 1500 3771 vel
1520 3706 1711 3788 temporalis
1733 3704 1788 3772 vel
1809 3714 1968 3790 perpetua
1989 3717 2048 3774 est
2109 3709 2257 3793 iperpe·

185 3834 190 3844 ·
247 3810 307 3856 suc
333 3790 531 3875 Westphalo
558 3790 612 3857 hic
644 3811 772 3874 quoque
806 3790 1027 3871 subscribant,
1061 3793 1091 3858 si
1119 3794 1226 3860 nolint
1276 3799 1367 3856 tuam
1385 3790 1505 3870 dicant,
1527 3791 1784 3858 substantialiter
1804 3812 1884 3877 ergo
1901 3794 1936 3858 in
1953 3794 2098 3861 scelestis
2120 3796 2255 3879 quibus-

247 3877 466 3961 praevaricari
486 3877 522 3941 in
544 3898 645 3943 causa
664 3877 757 3942 cuius
778 3883 858 3942 sunt
879 3879 1016 3961 patroni.
1275 3874 1356 3940 libet
1376 3875 1524 3942 mauebit
1545 3876 1708 3958 Christus,
1731 3877 1810 3945 dum
1831 3878 1915 3944 alius
1937 3881 2147 3961 scortabitur,
2171 3881 2255 3947 alius

335 3960 631 4046 Quadragesimum
654 3971 807 4029 octavum
830 3973 1063 4048 argumentum
1083 3964 1171 4030 male
1192 3974 1225 4031 ct
1276 3960 1438 4046 iugulabit
1465 3962 1631 4030 homiuem
1661 3966 1849 4045 innoxium,
1878 3974 1911 4030 et
1939 3966 2076 4050 quisque
2104 3966 2254 4033 nefandis

247 4046 425 4112 infideliter
453 4048 602 4113 recitant.
653 4048 768 4132 Neque
801 4050 889 4114 cnim
921 4050 1092 4117 inferimus
1125 4072 1225 4116 unam
1276 4049 1466 4114 criminibus
1488 4070 1523 4113 se
1544 4049 1675 4134 polluet.
1721 4049 1760 4117 Si
1781 4058 1831 4119 est
1848 4053 2047 4135 temporalis,
2068 4075 2107 4119 ac
2123 4061 2255 4119 tantum

247 4134 316 4198 fore
339 4133 543 4217 hypostasim
564 4135 719 4200 carniset
740 4136 843 4218 panis,
865 4136 893 4202 si
915 4137 950 4200 in
971 4157 1057 4219 panc
1073 4145 1123 4202 est
1139 4159 1224 4219 caro,
1276 4135 1375 4200 unius
1395 4137 1568 4216 momenti,
1596 4158 1752 4220 quorsum
1779 4138 1875 4205 iuvat
1900 4137 2070 4204 Christum
2097 4140 2255 4223 recipcre,

247 4217 307 4286 aed
328 4219 357 4284 si
377 4219 516 4302 proprie,
539 4228 576 4284 ut
596 4221 659 4303 ipsi
680 4221 805 4299 volunt,
829 4227 863 4287 et
884 4220 1006 4306 absque
1026 4224 1144 4306 figura,
1167 4245 1224 4307 pa-
1277 4241 1375 4302 quem
1402 4220 1517 4286 eodem
1543 4224 1579 4287 in
1606 4222 1676 4289 loco
1703 4224 1882 4309 relinquas,
1910 4224 2008 4291 simul
2036 4247 2073 4291 ac
2095 4225 2256 4308 pedema

246 4304 300 4371 nis
321 4306 391 4388 ipsc
413 4325 487 4371 earo
510 4312 567 4369 est.
618 4306 705 4372 Nam
733 4308 810 4390 quia
837 4307 968 4373 assidue
994 4307 1162 4375 inculcant
1190 4332 1225 4376 sc
1276 4327 1392 4372 mensa
1413 4307 1606 4374 sustuleris?
1657 4309 1756 4376 Certe
1777 4310 1842 4378 nisi
1862 4332 1903 4394 pe
1945 4319 2022 4377 etua
2042 4311 2087 4377 eit
2107 4332 2255 4378 commu-

247 4398 376 4457 tantum
400 4389 535 4456 docendi
556 4412 655 4456 causa
676 4391 784 4458 dicere
801 4415 935 4459 carnem
954 4395 1015 4460 sub
1037 4416 1123 4478 pane
1145 4394 1225 4475 dari,
1276 4392 1397 4458 nicetio
1420 4400 1515 4458 extra
1537 4395 1699 4462 actionem
1717 4417 1853 4478 coenae,
1882 4398 1917 4462 ni
1944 4398 1986 4462 ‘o
2011 4397 2086 4480 plus
2108 4400 2256 4463 conferet

248 4477 306 4545 sed
325 4479 451 4542 interea
472 4476 627 4543 standum
649 4498 720 4543 esse
737 4478 862 4545 Christi
884 4480 1003 4560 verbis,
1022 4479 1109 4563 quod
1130 4483 1226 4565 panis
1277 4499 1375 4561 quam
1396 4479 1445 4543 rei
1466 4480 1606 4546 amissam
1628 4482 1825 4549 recordatio·
1865 4484 1911 4548 Et
1937 4490 2064 4550 certum
2091 4491 2143 4549 cst
2170 4482 2256 4568 quod

247 4564 291 4631 sit
312 4585 397 4643 caro,
421 4562 474 4629 hic
497 4561 596 4628 velim
612 4564 695 4628 mihi
706 4564 933 4650 respondeant,
956 4565 1117 4651 quomodo
1138 4568 1227 4633 inter
1277 4564 1356 4629 alibi
1377 4565 1521 4630 affirmat
1541 4566 1707 4634 Dominus
1732 4569 1772 4634 dc
1800 4576 1959 4653 perpetua
1986 4569 2022 4633 in
2044 4569 2140 4635 nobis
2161 4592 2255 4636 man-

248 4648 433 4717 eubicctum
462 4656 496 4714 et
539 4648 741 4715 raedicatum
763 4654 950 4731 conveniat,
980 4652 1037 4717 ubi
1064 4674 1131 4717 non
1157 4674 1226 4720 una
1277 4651 1367 4716 sicne
1389 4671 1449 4716 sua
1471 4650 1599 4736 (Ioanu
1620 4657 1648 4734 6,
1669 4658 1741 4738 56),
1769 4662 1802 4719 et
1823 4655 1909 4739 quod
1932 4655 1972 4721 de
1994 4655 2199 4723 habitatione
2220 4657 2256 4721 iu

248 4744 299 4802 est
321 4669 538 4819 hypostasisl
572 4736 663 4824 Ergo
684 4744 722 4799 ut
742 4738 865 4804 centies
882 4739 1056 4822 pecuniam
1077 4739 1226 4804 suumin
1275 4734 1428 4802 cordibus
1449 4740 1570 4806 nostris
1589 4740 1758 4822 perfidem
1777 4739 2155 4827 docctPaulusOEphea
2168 4747 2198 4822 3,
2211 4745 2255 4827 7),

248 4842 325 4888 arca
345 4821 506 4899 claudant,
528 4827 711 4887 excutietur
730 4821 797 4886 illis
818 4846 878 4891 sua
898 4824 1024 4890 solutio.
1058 4825 1227 4891 tenentur
1275 4821 1312 4886 in
1334 4841 1436 4888 coena
1456 4823 1631 4911 obsignari.
1675 4824 1773 4892 Unde
1790 4826 1964 4911 colligitur,
1986 4830 2255 4896 communicatio·

248 4909 348 4973 etiam
369 4909 503 4973 interim
520 4907 714 4974 manifestae
725 4911 965 4993 repugnantiae
982 4910 1131 4990 convicti,
1150 4912 1227 4996 quia
1277 4929 1368 4988 nem,
1397 4909 1492 4975 cuius
1517 4912 1553 4976 in
1580 4932 1681 4978 coena
1707 4934 1822 4980 sumus
1843 4913 2033 4998 participes,
2061 4922 2255 5000 perpetium

250 5013 338 5058 nunc
360 4995 514 5078 coniungi
533 4993 679 5059 latentur
700 5014 819 5076 corpus
840 5016 916 5061 cum
938 5016 1032 5078 pane,
1059 4997 1146 5080 quod
1168 5019 1226 5063 an·

249 5083 304 5142 tea
322 5079 494 5163 negabant
538 5080 625 5145 Nam
647 5088 681 5146 et
705 5078 894 5148 duodecimo
922 5086 997 5162 [pag.
1021 5089 1098 5164 270]
1120 5085 1227 5168 capite
1278 5085 1349 5131 ἰ’

250 5181 317 5226 non
352 5163 545 5232 dubitarunt
584 5165 666 5232 duos
698 5167 777 5233 istos
808 5167 896 5234 locos
927 5167 1026 5234 simul
1063 5171 1226 5236 conferre:
1346 5184 1375 5247 1)
1393 5199 1447 5240 une
1465 5187 1547 5242 chose
1564 5186 1704 5243 donares.

1351 5085 1481 5092 ς*-
