4776 5844
168 280 228 340 213
946 275 1011 342 ah
1034 275 1378 350 wusrpflsutm.
2100 288 2165 350 214

168 463 259 544 ratio,
280 462 488 542 tiliumDei,
518 476 555 529 ut
577 484 637 530 nos
658 464 817 532 saoriiioio
846 465 962 530 mortis
983 485 1063 530 suaa
1085 488 1137 531 re·
1188 467 1294 534 larum
1317 471 1422 535 instar
1442 467 1602 548 fideliore,
1620 490 1681 553 per
1701 479 1786 554 quas'
1804 492 1936 538 sursum
1958 472 2066 541 eoelos
2086 493 2167 540 ouu-v

167 551 354 619 eonoiliaret
374 549 470 632 patri,
481 570 614 615 earnem
636 561 781 617 nostram
798 549 960 616 induisse:
983 559 1139 637 atque-ut
1188 553 1361 634 suendant,
1390 563 1426 620 et
1452 554 1570 621 debere
1597 564 1708 621 tamen
1735 557 1770 621 in
1792 557 1873 640 ipsis
1895 558 2066 624 elementis
2088 559 2167 626 sub-

167 639 267 704 lretar
288 645 401 702 noster
422 637 523 715 tieret,
548 640 621 716 [pag.
641 643 715 714 ate]
736 636 878 701 similem
900 636 993 701 nobis
1013 636 1138 704 laetum
1188 641 1313 719 sistere,
1336 641 1388 707 vel
1409 661 1544 707 manere
1566 638 1700 720 defixos,
1730 663 1768 707 ao
1790 644 1819 708 si
1842 643 1995 709 Christus
2016 646 2053 710 in
2074 652 2167 712 terra

167 745 245 801 esse,
279 734 415 804 exeepto
445 730 584 806 0000010.
639 721 763 787 Veram
796 722 887 787 illam
916 741 1063 804 earnem,
1101 725 1138 788 in
1189 725 1513 811 quaerendusesset?
1547 728 1816 812 Aopraepostero
1834 727 2027 809 obtendunt,
2049 731 2168 797 Chris-

166 830 228 894 qua
254 808 353 893 paulo
380 815 454 891 post
485 805 685 891 expianda1)
718 819 815 874 erant
846 808 960 873 mundi
990 817 1135 891 peteata,
1189 821 1260 877 tum
1281 812 1375 878 nobis
1396 834 1530 878 manum
1548 813 1726 897 porrigere,
1749 813 1896 898 negleoto
1918 817 1993 893 tine,
2017 824 2056 881 ut
2078 815 2165 882 soili-

169 906 244 961 tuno
283 894 459 960 seruabant
498 893 654 977 apostoli:
704 903 801 977 atque
840 896 874 959 in
907 895 977 960 eius
1009 895 1135 963 intuitu
1188 909 1240 964 oet
1262 920 1321 965 nos
1342 919 1473 965 sursum
1494 905 1567 977 [pag.
1587 905 1661 977 110]
1683 901 1796 984 erigat
1848 900 1922 966 Hoo
1944 902 2035 966 enim
2057 903 2164 969 oonsi-

168 980 264 1064 defigi
309 981 453 1063 oportuit
491 1000 604 1045 eorum
648 979 762 1057 fidem,
800 1001 842 1045 ne
878 980 1010 1047 aliunde
1049 983 1136 1048 salu·
1188 982 1232 1048 lio
1254 985 1433 1049 Dominum
1455 984 1497 1049 ad
1519 1005 1578 1049 nos
1599 984 1796 1051 deseendere
1813 985 1994 1051 tenendum
2016 995 2074 1066 est,
2097 1009 2163 1054 non

168 1077 232 1132 tem
254 1074 434 1150 sperarent
466 1066 513 1131 Et
535 1086 647 1130 eorum
665 1074 792 1131 mentes
815 1067 885 1149 rapi
908 1065 950 1131 ad
971 1067 1137 1136 invisibile
1187 1078 1227 1134 ut
1247 1069 1419 1155 indulgeat
1445 1070 1571 1154 oorpori
1600 1080 1727 1150 nostro,
1758 1071 1810 1138 vel
1838 1092 1955 1137 sensus
1982 1074 2019 1137 in
2040 1073 2163 1140 mundo

166 1155 274 1220 neseio
295 1151 372 1236 quid
394 1151 478 1216 nihil
496 1150 586 1216 uliud
604 1151 727 1229 fuisset,
750 1173 850 1234 quam
870 1164 1022 1219 averoet
1041 1157 1136 1220 unioo
1189 1154 1312 1221 defixos
1335 1164 1454 1233 teneat,
1477 1154 1535 1220 sed
1557 1157 1665 1239 potius
1694 1166 1731 1221 ut
1747 1156 1800 1221 ‘ad
1826 1178 1862 1221 se
1890 1157 2007 1224 trahat
2052 1162 2164 1242 Atque

168 1238 398 1323 redemptionis
427 1238 533 1321 pretio
562 1237 677 1302 averti.
727 1237 795 1302 Neo
828 1238 990 1322 estquod
1016 1240 1136 1306 iterum
1189 1241 1370 1307 hostendit
1391 1242 1511 1308 veteris
1528 1242 1682 1308 eoolesiae
1699 1243 1871 1325 praefatio:
1895 1241 2038 1309 Sursum
2048 1245 2161 1325 eorda,

167 1325 365 1409 obstrepant,
387 1320 526 1388 diminui
538 1321 661 1388 Christi
674 1325 862 1405 potentiam,
885 1346 1024 1408 eumque
1045 1347 1138 1391 men·
1188 1328 1284 1393 siouti
1306 1327 1564 1412 Chrysostomns
1585 1328 1832 1411 interpretetur.
1882 1328 1979 1409 Quod
2010 1330 2037 1395 si
2066 1351 2164 1413 repu-

168 1410 364 1495 daoiiargni.
398 1410 560 1474 Veraoem
571 1430 642 1474 esse
653 1409 716 1492 ipsi
726 1429 793 1474 non
805 1409 951 1488 erodunt,
966 1411 1031 1476 nisi
1042 1433 1137 1496 prae-
1190 1412 1281 1478 diunt
1302 1413 1614 1497 Magdeburgenses,
1637 1414 1734 1479 Pauli
1753 1414 1929 1480 autoritate
1951 1415 2096 1480 contenti
2118 1417 2164 1481 si-

167 1500 316 1582 stigiator
338 1496 427 1578 sit.²)
466 1495 568 1560 Nobis
590 1515 668 1559 vero
689 1494 790 1560 solide
811 1504 939 1561 oonstat
960 1499 1029 1562 eius
1051 1499 1136 1563 veri·
1188 1519 1276 1576 mus,
1305 1503 1360 1583 qui
1382 1520 1513 1564 sursum
1540 1520 1600 1564 nos
1623 1499 1759 1578 attollit,
1781 1508 1820 1564 ut
1842 1499 1977 1566 Christo
1998 1502 2164 1568 oouiunoti

168 1591 225 1662 tas,
248 1584 277 1648 si
300 1581 448 1647 naturale
470 1602 602 1665 eorpus,
630 1602 693 1662 quo
713 1580 849 1647 indutus
871 1591 951 1661 erat,
975 1582 1138 1648 edendnm
1188 1585 1299 1651 simus.
1332 1585 1380 1651 Ut
1401 1586 1524 1650 oenties
1546 1581 1668 1669 negent
1689 1584 1816 1652 eoelum
1838 1607 1896 1668 pro
1907 1586 2027 1652 visibili
2048 1586 2163 1652 mundi

168 1669 200 1734 in
221 1669 378 1754 mysterio
401 1668 559 1749 praebuit.
606 1667 763 1733 Monendi
790 1669 878 1732 euim
900 1677 978 1733 sunt
999 1669 1138 1734 leetores
1188 1672 1396 1736 eonvexitate
1418 1672 1528 1753 aoeipi,
1541 1669 1830 1736 hootamennobis
1849 1679 1971 1750 manet,
1994 1673 2060 1738 non
2082 1673 2163 1739 ahos

168 1753 428 1822 haosinoeritate
440 1752 590 1818 homines
602 1755 681 1817 istos
696 1754 863 1818 nobiseum
876 1774 982 1838 agere,
1001 1765 1039 1820 ut
1050 1754 1137 1838 quod
1189 1756 1251 1822 rite
1272 1758 1338 1821 frui
1360 1756 1502 1836 Christo,
1524 1757 1591 1822 nisi
1612 1757 1667 1839 qui
1688 1776 1821 1822 sursum
1842 1778 1917 1821 eum
1940 1767 2112 1839 quaerunt.

168 1842 226 1925 ipsi
237 1841 538 1916 oo'mminisountur,
551 1838 673 1903 falsoin
685 1861 743 1904 nos
754 1841 931 1905 euaserant
956 1841 1010 1905 An
1022 1861 1137 1907 verum
1275 1843 1476 1908 Vioesimum
1497 1850 1727 1927 argumentum
1751 1852 1814 1907 est:
1839 1839 2006 1927 Quidquid
2027 1864 2095 1908 non
2113 1852 2165 1909 est

168 1937 198 1992 et
218 1926 369 1992 naturale
381 1926 424 1990 sit
434 1924 559 1990 Christi
576 1946 703 2008 eorpus,
725 1925 811 2007 quod
824 1925 1017 1992 unoinlooo
1030 1927 1136 1993 0011ιί-
1188 1928 1222 1992 in
1245 1928 1354 2012 aliquo
1376 1927 1587 2011 qualitative,
1618 1936 1675 1993 aut
1696 1929 1920 2011 quantitative,
1947 1929 2060 1995 autin
2082 1929 2162 2009 loeo,

168 2028 221 2078 tur
243 2012 346 2078 oeulis
368 2011 466 2075 morti
490 2011 676 2088 obnoxium,
704 2010 780 2075 alibi
802 2011 940 2077 eoeleste
965 2023 999 2077 et
1021 2013 1136 2077 invisi·
1187 2035 1256 2079 non
1276 2013 1498 2097 eorporaliter,
1521 2012 1578 2078 sed
1601 2013 1816 2096 spiritualiter
1838 2014 1932 2078 inest
1964 2013 2072 2079 Modis
2090 2016 2163 2081 istis

168 2099 230 2165 bile
254 2098 367 2163 eodem
380 2104 545 2161 momento
565 2097 626 2161 sub
648 2117 732 2178 pano
753 2097 842 2173 latet,
866 2118 933 2163 non
955 2101 1136 2164 eommunis
1188 2098 1408 2165 nonessesub
1420 2120 1505 2182 pane
1526 2119 1646 2183 eorpus
1669 2100 1953 2164 fatenturomnes:
1977 2102 2164 2184 ergospiri-

168 2206 281 2250 sensus
303 2183 360 2249 sed
382 2183 463 2248 fides
485 2204 526 2247 01
544 2182 644 2248 verbo
667 2182 731 2247 Dei
753 2188 826 2262 [pag.
848 2189 922 2260 213]
949 2184 1136 2250 010οι010-
1187 2186 1288 2251 tualis
1300 2193 1351 2251 est
1361 2184 1694 2268 praesentiaemodus.
1708 2184 1922 2268 Respondent
1930 2193 2162 2268 argumentum

168 2271 338 2355 spondeat:
362 2269 473 2335 nullus
495 2279 582 2335 uerte
600 2269 728 2351 piorum
750 2268 903 2354 ambiget,
922 2271 1003 2353 quin
1015 2271 1136 2353 duplex
1189 2293 1253 2335 11011
1276 2271 1386 2336 valere
1408 2294 1428 2335 a
1451 2293 1516 2336 non
1538 2268 1711 2336 distributo
1737 2271 1779 2335 ad
1805 2270 2026 2336 distributum.
2080 2268 2164 2352 Qui·

168 2378 284 2441 eorpus
301 2376 413 2422 veram
436 2355 534 2418 unius
555 2362 710 2420 naturam
754 2355 878 2426 erimat.
923 2353 1137 2422 Contendunt
1187 2355 1248 2421 bus
1275 2358 1384 2424 verbis
1408 2356 1599 2441 significant
1631 2377 1697 2421 non
1726 2360 1799 2435 [pag.
1824 2363 1897 2434 216]
1932 2376 2004 2421 esse
2031 2356 2162 2439 plenam
2216 2360 2220 2367 '

169 2443 250 2508 idem
268 2462 349 2506 esso.
377 2438 481 2522 Quasi
498 2440 616 2505 luserit
632 2440 720 2506 filius
764 2441 803 2519 ei,
829 2462 962 2507 samem
980 2452 1135 2520 nostram,
1188 2444 1466 2508 enumerationem
1496 2444 1647 2526 partium.
1699 2440 1863 2508 Subtilius
1896 2463 1974 2526 ergo
2003 2441 2163 2520 dividant,

168 2530 198 2593 in
230 2549 297 2612 qua
329 2527 489 2592 iustitiam
520 2526 715 2608 acquireret,
747 2525 896 2593 induens.
946 2528 993 2592 Et
1024 2537 1136 2594 tamen
1188 2528 1315 2612 siquid
1339 2529 1686 2594 estnimisorassum.
1731 2526 1799 2593 Sed
1823 2527 1889 2593 illis
1912 2528 2034 2594 suffieit
2056 2528 2164 2594 dioere

167 2614 249 2681 huno
271 2612 433 2678 matulam
451 2611 658 2695 impudenter
677 2610 771 2677 nobis
789 2634 963 2698 aspergere
985 2634 1053 2679 non
1074 2614 1136 2679 du·
1187 2636 1253 2679 uno
1276 2614 1384 2692 verbo,
1406 2614 1520 2698 plures
1542 2614 1651 2678 afferri
1673 2634 1768 2696 posse
1786 2613 1915 2679 essendi
1936 2613 2057 2679 modos.
2104 2615 2165 2679 At-

167 2701 282 2779 bitant,
316 2721 354 2766 ao
381 2699 409 2763 ei
437 2719 595 2783 negemus
622 2719 737 2763 verum
772 2708 806 2765 et
833 2699 983 2764 naturale
1010 2699 1136 2765 Christi
1187 2702 1243 2784 qui
1265 2700 1404 2766 seoando
1426 2706 1460 2764 ot
1487 2699 1669 2764 mutilando
1697 2707 1850 2783 quartum
1873 2699 2056 2765 membrum
2078 2721 2166 2764 nnn-

165 2807 280 2872 oorpus
302 2783 396 2850 nobis
418 2785 453 2848 in
475 2804 576 2848 osona
597 2783 676 2849 dari.
1187 2806 1284 2870 quam
1306 2785 1479 2871 reperient.
1525 2786 1599 2850 Hoe
1621 2786 1723 2869 igitur
1748 2782 1911 2868 praesidio
1935 2785 2061 2869 depulsi
2084 2806 2164 2852 0011-

248 2872 385 2937 Deoimo
405 2890 491 2934 nono
503 2870 571 2935 1000
583 2869 743 2936 referunt:
768 2869 907 2952 Quando
929 2892 1029 2937 ooena
1051 2874 1135 2939 aotio
1186 2874 1316 2958 fugiunt
1339 2871 1380 2936 ad
1403 2871 1574 2956 vulgarem
1596 2892 1693 2937 suum
1716 2878 1932 2953 praetextum,
1965 2891 2033 2935 non
2054 2873 2162 2936 teneri

164 2967 209 3023 est
227 2956 385 3035 eoelestis,
403 2955 548 3023 fidelium
559 2957 741 3022 mentes‘in
753 2957 881 3023 eoelum
898 2956 1133 3024 debereevehi.
1187 2960 1297 3024 Deum
1319 2958 1488 3042 principiis
1510 2957 1663 3041 physiois.
1697 2957 1827 3033 Fateor,
1849 2956 1913 3020 nisi
1933 2964 2095 3040 quatenus
2113 2958 2161 3023 ita

164 3043 253 3109 Haeo
276 3050 387 3108 autem
409 3042 491 3106 ratio
518 3040 584 3106 illis
605 3064 671 3106 non
693 3042 799 3126 plaoet
820 3052 952 3127 propter
974 3041 1134 3128 ambigui·
1186 3043 1359 3110 ordinavit
1406 3042 1632 3126 Respondent:
1656 3043 1756 3107 Hune
1777 3041 1927 3106 ordinem
1950 3063 2015 3106 non
2038 3042 2102 3107 nisi
2124 3043 2160 3108 in
2226 3059 2228 3062 ·

165 3137 273 3195 tutem.
319 3127 366 3195 Ut
387 3137 498 3193 tamma
521 3126 670 3194 eoelestis
692 3129 736 3193 sit
757 3129 853 3205 aetio,
883 3130 958 3212 quia
980 3129 1133 3196 Christus
1186 3130 1351 3196 communi
1379 3150 1476 3195 eursu
1506 3134 1645 3194 naturae
1674 3128 1796 3205 valere,
1826 3128 1861 3191 in
1891 3127 2055 3211 theologia
2084 3149 2160 3193 veru

164 3215 365 3299 dispensator
386 3223 445 3292 est,
468 3234 534 3278 non
551 3213 706 3279 iubemur
723 3235 797 3279 eam>
813 3215 849 3278 in
860 3215 957 3280 eoelis
968 3237 1132 3300 peragere.
1185 3217 1341 3281 minime,
1374 3215 1500 3280 Verum
1523 3213 1663 3298 quidem,
1686 3214 1750 3279 nisi
1772 3214 1856 3278 forte
1878 3233 1954 3295 pars
1978 3213 2160 3296 theologiae

164 3303 263 3384 Atqui
284 3320 346 3364 nos
368 3320 426 3382 per
443 3298 615 3366 eoelestem
637 3302 798 3366 astionem
820 3300 904 3365 nihil
926 3300 1014 3366 aliud
1037 3302 1133 3367 intel·
1185 3303 1227 3366 sit
1250 3302 1319 3385 ipse
1342 3308 1479 3366 naturae
1499 3298 1589 3377 urdo,
1612 3301 1697 3365 siout
1718 3300 1752 3364 in
1775 3319 1874 3365 eausa
1884 3300 2058 3381 praesenti.
2093 3298 2160 3363 Ne-

163 3385 301 3471 ligimus,
324 3386 387 3451 nisi
408 3383 494 3469 quod
511 3386 548 3450 in
569 3394 713 3451 mentem
731 3387 835 3453 ouivis
846 3388 997 3469 protinus
1020 3388 1133 3454 venire
1184 3409 1247 3470 que
1274 3388 1363 3453 enim
1391 3385 1582 3469 simpliciter
1610 3385 1803 3462 asserimus,
1831 3384 1908 3466 quia
1936 3383 2087 3449 naturale
2115 3384 2161 3448 sit

162 3471 270 3550 debet,
300 3470 472 3555 spirituale
493 3469 564 3537 esse
585 3474 795 3556 mysterium,
825 3471 911 3554 quod
932 3493 992 3556 pro
1014 3482 1134 3539 natura
1185 3492 1303 3556 eorpus
1326 3471 1459 3548 Christi,
1479 3492 1546 3535 uno
1564 3471 1599 3534 in
1620 3469 1690 3537 looo
1712 3489 1798 3535 osse:
1821 3469 1879 3534 sed
1901 3470 1978 3552 quia
1995 3467 2068 3533 Deo
2089 3469 2159 3554 pla·

162 3561 252 3643 regni
275 3557 402 3625 Christi
431 3578 452 3620 a
479 3559 624 3622 terrenis
646 3557 829 3625 actionibus
858 3560 1003 3641 separari
1027 3558 1130 3625 debet
1184 3560 1252 3624 enit
1273 3579 1389 3641 eorpus
1411 3558 1478 3622 filio
1499 3577 1558 3621 suo
1581 3556 1658 3621 dare
1681 3577 1811 3634 verum,
1838 3564 1872 3620 et·
1893 3556 1961 3620 suis
1983 3553 2159 3620 dimensio-

163 3646 208 3711 110
230 3644 351 3709 mirum
374 3650 425 3708 est
452 3642 600 3710 homines
626 3645 722 3724 istos,
750 3644 806 3727 qui
834 3665 869 3709 ee
891 3666 950 3728 pro
972 3644 1132 3730 dignitate
1185 3643 1281 3709 nibus
1310 3644 1454 3708 finitum:
1483 3642 1591 3709 voluit·
1616 3640 1657 3707 ad
1685 3650 1813 3725 tempus
1842 3641 1967 3706 versari
1998 3642 2032 3704 in
2061 3641 2159 3706 terris

161 3739 193 3795 et
212 3730 414 3814 praestantia
434 3749 545 3794 saurae
567 3750 686 3796 0001100
701 3750 851 3814 pugnare
872 3732 1011 3814 tingunt,
1035 3751 1133 3816 aegre
1184 3729 1246 3795 sub
1267 3729 1357 3795 illius
1375 3731 1518 3812 eorporis
1539 3728 1715 3794 domioilio:
1740 3727 1844 3793 voluit
1860 3748 1934 3792 oum
1956 3726 2070 3792 eodem
2088 3745 2160 3791 001-

163 3830 270 3882 tamen
299 3821 370 3893 [pag.
397 3819 471 3895 214]
501 3815 678 3881 oonoedere
700 3815 786 3899 quod
809 3818 982 3900 praecipue
998 3817 1038 3882 ad
1061 3819 1132 3883 eius
1183 3837 1261 3899 pore
1282 3815 1457 3881 ascendere
1476 3815 1512 3879 in
1534 3814 1673 3891 eoelum,
1701 3822 1736 3879 et
1756 3811 1832 3878 inde
1852 3812 2035 3895 exspectari
2056 3813 2156 3878 iubet

162 3900 474 3968 sommendationem
496 3899 594 3966 valet.
645 3903 797 3985 Denique
827 3923 894 3967 uon
921 3903 1011 3968 aliud
1039 3901 1132 3968 nobis
1185 3903 1238 3967 An
1262 3923 1327 3966 non
1350 3901 1457 3986 augeli
1481 3899 1580 3966 verba
1600 3909 1687 3978 sunt,
1710 3919 1777 3964 non
1799 3919 1870 3963 esse
1892 3898 2064 3963 Christum
2082 3903 2156 3979 [pag.

163 3988 323 4072 signifieat
349 4006 468 4051 nomen
497 3986 659 4066 eoelestis,
688 4008 784 4070 quam
813 3987 899 4071 quod
927 3989 1037 4055 verbis
1062 3993 1130 4054 Au·
1185 3994 1258 4069 217]
1277 3989 1310 4052 iu
1329 3987 1486 4070 sepulero,
1509 3985 1618 4051 earnis
1629 3994 1788 4067 respeotu,
1810 3985 1886 4067 quia
1896 3982 2067 4049 aseendit?
2101 3986 2158 4049 An

161 4074 281 4157 gustini
303 4093 369 4137 non
391 4073 502 4136 minus
523 4094 600 4137 vere
629 4094 728 4156 quam
749 4075 829 4138 soite
850 4094 1043 4157 expressum
1065 4082 1128 4140 est:

162 4160 270 4244 peragi
292 4160 327 4223 in
350 4167 452 4233 terra,
480 4158 537 4223 sed
559 4157 709 4236 ooelitus,
737 4158 778 4224 ab
800 4158 943 4238 homine,
966 4159 1023 4224 sed
1037 4160 1130 4225 'divi-

162 4248 256 4313 nitus.
291 4243 364 4309 Hoo
386 4244 414 4308 si
435 4244 622 4310 dubitanter
639 4244 802 4329 reeipinnt
819 4244 1128 4331 Magdeburgenses,

163 4330 332 4397 maeellum
354 4330 414 4395 sibi
437 4329 579 4394 habeant
605 4352 665 4414 pro
686 4330 816 4414 templo.
861 4329 928 4397 Sed
951 4332 1129 4415 exoipiuut,

163 4417 309 4500 quamvis
334 4434 427 4480 meus
448 4413 489 4478 ad
511 4416 666 4482 eoelestes
686 4417 916 4500 promissiones
937 4417 1052 4485 debeat
1081 4440 1130 4485 re

164 4505 297 4586 spioere:
320 4502 417 4566 simul
441 4509 552 4567 tamen
573 4501 690 4568 debere
701 4500 906 4567 eonvertiad
923 4513 1130 4586 praesentem

161 4590 335 4667 sotionem,
364 4606 429 4670 qna
450 4586 603 4653 Christus
631 4589 724 4672 quasi
745 4597 897 4673 porreota
914 4610 1013 4654 manu
1037 4591 1130 4656 nobis

136 4679 554 4758 *epportatoorpussuum
592 4673 864 4757 Fateorquidem,
887 4675 1005 4757 siquis
1022 4685 1130 4742 exter·

148 4781 237 4826 mom
249 4761 382 4844 signum
394 4768 584 4842 praetereat,
603 4781 668 4824 uon
680 4781 775 4843 posse
786 4761 848 4827 hoo
858 4775 1062 4826 saoramento
1073 4762 1129 4826 ad-

132 4843 273 4912 :iuvari
304 4843 372 4911 Sed
382 4843 543 4928 quomodo
554 4847 735 4925 eonveuiet,
756 4855 961 4913 saoramenta
971 4868 1041 4913 esse
1059 4869 1130 4913 soa-

134 5012 358 5030 x-——m-

226 5137 255 5205 1)
271 5136 432 5206 excipienda
450 5135 525 5219 Bega
542 5143 567 5192 tt
584 5136 671 5192 Amat.

224 5205 255 5273 t)
271 5205 313 5262 s’tl
330 5221 365 5262 ne
382 5206 443 5261 leur
460 5204 563 5261 tutan
581 5206 967 5277 tourdepassepasssparni
977 5206 1129 5262 lenaroht.

1183 4072 1342 4140 mendatii
1361 4071 1625 4138 insimulabimns
1636 4070 1799 4154 angelum,
1822 4070 1879 4152 qui
1901 4070 2156 4135 immensitatem

1182 4168 1294 4242 aperte
1305 4158 1431 4225 Christi
1442 4157 1568 4241 torpori
1587 4156 1723 4221 adimit?
1757 4155 1948 4238 Exeipiunt,
1972 4156 2156 4239 singulares

1182 4247 1245 4310 Dei
1257 4246 1399 4310 aetianos
1411 4240 1933 4309 auommunibusaonaturalibus
1956 4240 2155 4306 essedistin-

1181 4331 1337 4416 guendas.
1373 4328 1427 4396 Sit
1447 4351 1527 4396 eane
1548 4330 1607 4393 ita:
1632 4327 1728 4392 modo
1750 4327 1962 4413 singularitas
1979 4328 2151 4408 istaquam

1181 4415 1371 4495 obtendunt,
1382 4417 1577 4501 figmentum
1588 4435 1653 4478 uon
1662 4414 1864 4495 sitexoapite
1872 4413 2018 4477 humano
2028 4421 2152 4475 natum.

1182 4501 1249 4569 Sed
1276 4503 1371 4586 louge
1398 4503 1503 4579 abest,
1532 4500 1611 4584 quin
1636 4500 1737 4565 verbo
1764 4499 1836 4563 illo:
1864 4499 1938 4564 Hoo
1960 4506 2010 4562 est
2036 4516 2154 4580 eorpus

1180 4610 1300 4666 meum,
1323 4589 1480 4672 probetur
1499 4585 1711 4651 immensitas.
1761 4585 1849 4650 Nam
1874 4591 1913 4648 ut
1933 4603 2027 4647 suam
2049 4602 2158 4664 quan·

1181 4676 1307 4740 titatem
1337 4675 1478 4739 retineat
1498 4691 1629 4754 eorpus,
1658 4693 1722 4736 non
1751 4670 1879 4736 desinet
1906 4688 1984 4734 vere
2006 4669 2039 4732 iu
2062 4689 2156 4752 mys-

1180 4761 1262 4826 terio
1284 4761 1403 4825 offerri.
1454 4756 1624 4840 Quomodo
1645 4777 1708 4840 per
1725 4758 1811 4822 fores
1832 4755 1960 4822 alausas
1982 4753 2153 4818 transierit

1181 4846 1343 4925 Christus,
1365 4844 1443 4911 alibi
1465 4844 1589 4909 dietum
1607 4844 1683 4908 fuit:
1712 4842 1774 4908 sibi
1801 4843 1889 4907 enim
1911 4839 1996 4904 iores
2022 4839 2149 4921 aperire

1180 4932 1303 5016 potuit,
1332 4944 1366 4997 et
1390 4929 1532 5014 lapidem
1559 4949 1685 5013 quoqne
1711 4928 1933 5012 obsignatum:
1960 4934 1998 4988 ιιι
2017 4944 2151 4989 neeesse

1180 5039 1246 5083 non
1267 5017 1367 5082 fuerit
1383 5017 1512 5100 eorpori
1521 5014 1823 5089 naturamauierre,
1846 5032 1910 5094 quo
1931 5031 1990 5093 per
2010 5009 2149 5093 lignum,

1181 5102 1234 5169 vel
1255 5100 1397 5186 lapidem
1419 5109 1613 5187 penetraret.
1658 5100 1801 5182 Ideoque
1828 5116 2024 5181 aperversa
2046 5096 2167 5160 inter·-

1180 5190 1361 5274 pretatione
1383 5188 1501 5256 frivola
1522 5195 1573 5254 est
1593 5185 1804 5252 ratiooinatio.
1839 5180 2021 5338 lurp⁴quud
2042 5197 2154 5249 satra-
